1826 3120
650 146 937 189 summum
976 148 1114 190 PARS
1155 150 1208 189 u.
1535 127 1649 184 325

189 246 327 289 νεύειν
355 245 456 296 τούς
484 245 672 303 ἒχθροῦς
698 246 829 305 φάγῃ,
857 247 930 290 καὶ
957 246 1016 304 μή
1044 247 1198 303 μέχρις
1226 241 1282 291 οὗ
1305 245 1384 301 νὺξ
1412 245 1655 292 ἐπελθοῦσα

189 314 266 368 τῆς
293 312 549 368 α’ναιρέσεως
581 311 741 363 αὐτοὺς
768 311 995 372 α’ποπαύσῃ
1026 315 1110 356 τῶν
1138 315 1373 368 πολεμίων,
1400 310 1657 369 έπικατάραῑ

189 396 260 430 τος
286 376 368 435 εἴη.
437 376 551 422 οὕτω
579 380 722 423 τοίνυν
748 382 826 423 τοῦ
851 379 991 422 Σαούλ
1030 379 1267 437 φήσαντος,
1307 378 1402 423 ἐπεὶ
1428 379 1533 423 κατά
1559 396 1659 423 τινα

191 445 358 500 δρυμὸν
399 448 584 501 ἐγένοντο
625 448 838 501 μελισσῶν
864 449 1070 501 γέμοντα,
1110 446 1131 488 ὅ
1167 449 1246 490 τοῦ
1280 446 1424 489 Σαοὺλ
1450 452 1550 498 παῖς
1580 442 1659 488 οὐκ

147 514 178 555 ,5
191 512 381 569 ’ἀκηκοώς
407 516 482 569 τῆς
513 515 590 556 τοῦ
631 512 785 569 πατρὸς
815 516 923 569 α’ρᾶς
968 515 1217 566 α’ποθλίψας
1242 530 1283 556 τι
1311 517 1456 570 κηρίον
1483 515 1559 556 τοῦ
1583 516 1661 568 μέ-

191 583 307 630 λιτος
336 575 495 636 ἤσθιεν.
553 575 646 622 εἶτα
674 580 804 635 γνούς
826 579 871 622 τὸ
895 578 1063 635 γεγονὸς
1092 581 1167 622 οὐκ
1197 580 1339 637 ὀρθῶς
1365 579 1451 637 ἔφη
1476 579 1550 623 τὸν
1578 596 1662 621 πα-

191 648 297 702 τέρα
339 644 538 702 τοιαύτην
573 645 685 702 οἶρὰν
731 650 899 688 θεῖναι·
976 646 1248 700 εὐψυχότατοι
1293 646 1375 703 γὰρ
1412 648 1664 702 κατατρέχει

189 714 265 767 τῆς
291 714 375 756 τῶν
399 712 616 766 ἐναντίων,
647 711 695 756 εἴ
712 729 760 768 γε
789 715 954 771 τροφῆς
982 715 1027 755 ἐν
1057 715 1115 770 τῷ
1142 715 1258 772 μέσῳ
1285 712 1448 771 φθάσει
1474 718 1663 766 μεταλα-

190 783 296 834 βεῖν.
325 777 346 821 ὅ
377 782 424 822 δὲ
452 779 596 822 §avim
623 779 732 833 μετὰ
767 779 812 822 τὸ
843 782 1015 835 νικῆσαι
1044 780 1119 822 καί
1147 782 1284 822 θῦσαι
1312 783 1374 838 τῷ
1399 782 1490 838 θεῷ
1517 778 1710 828 sceleti-1³.
1728 792 1792 838 ¹7⁴

131 864 179 894 10
193 861 232 887 ει
262 845 338 890 τὸν
371 845 575 902 α’ρχιέρέα
604 848 680 888 καί
709 842 843 896 αὖθις
871 849 1030 901 γνῶναι
1060 848 1101 889 εἰ
1129 846 1304 890 δίδωσιν
1332 847 1482 897 αὐτοῖς
1510 846 1532 888 ὃ
1561 845 1666 896 θεὸς

191 911 265 955 ἐπὶ
292 912 338 956 τὸ
382 914 666 966 στρατόπεδον
705 915 791 955 τῶν
818 915 990 967 ἐχθρῶν
1030 915 1172 956 ἐλθεῖν
1199 912 1274 955 καί
1299 915 1557 970 διαφθεῖραι
1586 915 1667 955 αό-

190 978 303 1029 τούς.
361 978 547 1029 εἰπόντος
576 981 624 1022 δὲ
649 981 726 1022 τοῦ
755 980 990 1035 α’ρχιερέως
1019 978 1077 1034 μὴ
1109 979 1416 1033 ἀποκρίνεσθαι
1446 978 1514 1022 τὸν
1538 978 1665 1033 θεόν,

190 1044 213 1089 ὃ
241 1046 387 1091 Σαούλ
426 1044 511 1104 ἔφη
539 1046 598 1102 μὴ
629 1042 731 1089 ἄνευ
759 1045 900 1096 αἰτίας
946 1048 1072 1088 τοῦτο
1099 1047 1294 1101 γίνεσθαι
1314 1064 1326 1075 ·
1386 1048 1476 1089 ἀλλ’
1505 1045 1597 1089 ἔστι
1624 1064 1667 1089 τι

190 1113 398 1158 λανθάνον
439 1115 485 1166 ἐξ
526 1113 648 1170 ἡμῶν
687 1111 922 1170 ἁμάρτημα
963 1114 1037 1168 τῆς
1064 1115 1142 1156 τοῦ
1182 1115 1291 1156 θεοῦ
1311 1115 1473 1168 σιωπῆς
1503 1112 1666 1167 αἴτιον,

129 1182 265 1225 ιόκαί
290 1174 462 1234 ὄμνυμι,
496 1177 575 1223 κᾶν
605 1179 631 1221 ὅ
657 1185 758 1229 παῖς
788 1179 809 1222 ὃ
837 1178 940 1232 ἐμὸς
962 1177 1171 1223 Ἰωνάθαν
1205 1178 1271 1235 εἴη
1302 1180 1325 1221 ὅ
1351 1179 1397 1223 τὸ
1427 1178 1663 1236 ἁμάρτημα

190 1249 318 1290 τοῦτο
347 1247 552 1303 ποιήσας,
586 1246 851 1288 ἀποκτείνειν
878 1245 1013 1288 αὐτὸν
1043 1248 1117 1289 καί
1143 1245 1218 1289 τὸν
1242 1243 1347 1289 θεὸν
1374 1243 1509 1296 οὕτως
1539 1244 1662 1290 iaccb-

191 1317 367 1356 σασθαι.
425 1314 569 1356 πίπτει
594 1310 673 1355 οὖν
704 1312 726 1355 ὅ
755 1314 905 1368 κλῆρος
928 1314 1002 1356 ἑπί
1026 1311 1097 1355 τὸν
1120 1309 1348 1367 Ἰωνάθαν,
1377 1315 1451 1355 καί
1477 1315 1555 1355 τοῦ
1578 1331 1662 1354 ηα-

188 1378 290 1434 τρὸς
316 1382 560 1436 ἐρωτῶντος
588 1378 717 1422 αὐτὸν
745 1381 793 1422 τί
813 1395 858 1422 τε
886 1378 1086 1435 πεποίηκε
1106 1380 1181 1422 καί
1208 1377 1322 1429 ὅπως
1352 1381 1414 1429 εἰς
1436 1378 1539 1421 θεὸν
1567 1378 1660 1434 ἐξή-

187 1462 348 1501 μαρτε,
375 1449 511 1502 μηδὲν
537 1447 679 1502 ἕτερον
710 1445 850 1502 ἔλεγεν
875 1448 1063 1490 συνιδεῖν
1090 1442 1118 1502 ἢ
1145 1449 1317 1500 μέλιτος
1338 1449 1447 1501 χθὲς
1476 1444 1697 1501 ‹inormi-B

125 1516 375 1568 αοσασθαι,
425 1513 504 1569 τὴν
544 1512 657 1570 ἀράν
685 1514 863 1569 α’γνοῶν.
928 1511 1172 1567 διομνύεται
1218 1509 1294 1556 οὖν
1333 1512 1357 1555 ὅ
1383 1511 1527 1561 Σαοὺλ
1553 1513 1661 1554 dno-

190 1725 408 1760 insolentior
445 1725 561 1758 factus
589 1724 797 1758 huiusmodi
835 1723 990 1770 quadam
1015 1725 1264 1759 exsecratione
1289 1723 1358 1757 sibi
1382 1722 1568 1757 Hebraeos
1595 1723 1661 1757 de-

188 1774 305 1807 vincit
327 1775 360 1817 (ι
394 1773 477 1817 Reg.
508 1772 548 1815 14
573 1772 654 1816 24),
690 1774 721 1805 si
745 1773 825 1817 quis
856 1772 1024 1806 hostibus
1060 1784 1212 1817 parcens
1237 1771 1359 1804 cibum
1388 1777 1566 1812 sumeret,
1590 1782 1661 1805 neo

189 1821 230 1856 in
257 1821 309 1854 eis
334 1819 542 1855 occidendis
568 1819 704 1855 tadeu
721 1825 970 1865 perseveraret
988 1819 1073 1853 dum
1098 1831 1171 1852 nox
1196 1819 1454 1863 superveniens
1480 1818 1660 1852 caedendi

187 1870 299 1904 finem
340 1869 492 1910 faceret,
542 1868 585 1912 ἰε]
625 1874 667 1901 ut
698 1866 932 1901 exsecrabilis
968 1868 1065 1902 foret
1100 1878 1142 1901 ac
1168 1865 1255 1899 diris
1295 1865 1544 1902 devoveretur.
1568 1866 1661 1899 haec

189 1917 321 1950 Saulus
348 1928 429 1949 cum
452 1915 663 1961 prolocutus
690 1915 828 1956 fuisset,
855 1915 950 1949 forte
969 1913 1104 1948 accidit
1121 1918 1163 1948 ut
1187 1912 1366 1948 militibus
1392 1914 1517 1948 silvam
1543 1925 1660 1960 quan-

191 1963 274 1999 dam
301 1964 493 2010 ingressis,
529 1974 623 2008 quae
658 1963 791 1996 referta
830 1967 928 1996 esset.
949 1962 1102 2008 apibus,
1133 1961 1235 1994 Sauli
1269 1961 1366 1995 filius
1408 1962 1660 1995 exsecratione

187 2018 342 2059 paterna
365 2023 440 2046 non
465 2010 589 2045 audita
628 2010 747 2043 favum
777 2010 895 2043 mellis
930 2010 1092 2043 avulsum
1128 2007 1347 2042 comederet.
1373 2020 1528 2055 cumque
1553 2008 1660 2042 dein-

190 2071 275 2106 ceps
301 2070 376 2093 rem
400 2059 454 2093 uti
482 2064 582 2103 gesta
604 2059 734 2092 fuisset
760 2058 1017 2098 intellexisset,
1041 2057 1136 2090 male
1163 2057 1299 2090 factum
1328 2069 1347 2089 a
1373 2063 1474 2102 patre
1499 2056 1657 2098 dicebat,

190 2108 255 2153 qui
281 2107 349 2140 hac
372 2107 566 2140 devotione
591 2107 726 2140 milites
754 2105 1024 2139 obstrinxisset:
1051 2105 1102 2138 sic
1121 2104 1218 2138 enim
1235 2110 1484 2149 comparatum
1513 2116 1591 2138 esse
1617 2111 1659 2138 ut

189 2155 309 2189 animo
340 2155 422 2200 quis
448 2154 642 2188 fortissimo
667 2152 816 2187 invadat
841 2153 1102 2193 adversarium,
1140 2152 1203 2185 ubi
1228 2152 1350 2185 eibum
1377 2158 1505 2185 nactus
1543 2158 1658 2186 semet

188 2203 460 2248 aliquantulum
485 2203 666 2235 recrearit.
718 2201 847 2234 Saulus
871 2201 1021 2234 victoria
1047 2199 1198 2245 potitus,
1227 2211 1307 2233 cum
1333 2211 1405 2233 rem
1422 2212 1555 2233 sacram
1586 2199 1655 2233 deo

190 2250 360 2291 fecisset,
395 2250 528 2284 iterum
563 2249 730 2295 pontifici
755 2248 904 2282 mandat
924 2254 965 2282 ut
993 2247 1101 2280 deum
1135 2248 1361 2288 consuleret,
1387 2260 1473 2280 uum
1499 2248 1657 2281 feliciter

190 2296 351 2333 hostium
384 2303 500 2331 castra
537 2297 696 2332 invasuri
734 2302 856 2330 essent
893 2300 930 2329 et
969 2295 1110 2329 cladem
1138 2295 1189 2328 eis
1226 2296 1377 2329 illaturi.
1408 2295 1656 2341 respondente

188 2345 365 2392 pontifice
402 2344 565 2379 divinum
604 2344 791 2378 oraculum
830 2344 956 2384 silere,
991 2355 1089 2384 „non
1121 2343 1211 2376 hoc'’
1250 2344 1302 2377 ait
1328 2343 1459 2376 Saulus
1490 2342 1655 2387 „absque

191 2398 289 2426 certa
314 2404 419 2426 causa
445 2393 506 2434 fit,
540 2391 604 2426 sed
630 2403 776 2426 necesse
814 2397 869 2425 est
893 2390 1044 2437 aliquod
1070 2391 1250 2424 occultum
1277 2401 1355 2424 esse
1386 2390 1561 2424 delictum
1587 2401 1656 2422 no-

191 2445 323 2482 strum,
349 2441 449 2474 cuius
474 2441 587 2486 gratia
610 2440 718 2474 nobis
743 2439 832 2472 deus
857 2438 955 2472 haud
989 2437 1213 2483 respondeat.
1240 2438 1411 2484 equidem
1432 2443 1654 2471 sacramento

191 2488 363 2521 confirmo
399 2499 476 2530 me,
513 2488 542 2521 si
567 2488 626 2521 vel
663 2487 842 2521 Ionathan
879 2486 978 2519 filius
1000 2497 1101 2519 meus
1135 2485 1243 2519 huius
1268 2486 1408 2531 peccati
1433 2486 1480 2518 sit
1506 2490 1655 2526 auctor,

192 2535 340 2569 omnino
363 2546 445 2569 eum
469 2536 760 2575 interfecturum,
787 2540 897 2580 atque
922 2532 989 2568 hac
1013 2533 1154 2567 ratione
1175 2533 1283 2567 deum
1305 2533 1564 2579 placaturum.''
1585 2530 1655 2564 hoc

191 2582 301 2616 modo
334 2583 468 2616 factum
497 2589 539 2617 ut
563 2594 637 2617 sors
674 2583 782 2615 ducta
815 2582 853 2615 in
886 2580 1122 2615 Ionathanem
1155 2580 1311 2615 caderet.
1346 2590 1501 2625 cumque
1537 2579 1655 2612 filium

191 2635 297 2675 pater
323 2630 563 2675 interrogaret
589 2630 680 2676 quid
709 2629 880 2665 facinoris
908 2629 1130 2674 designasset
1153 2640 1269 2674 quave
1296 2639 1334 2662 re
1360 2628 1399 2660 in
1426 2627 1534 2660 deum
1558 2627 1655 2660 deli..

193 2676 353 2722 quisset,
376 2678 514 2711 nullius
539 2678 602 2711 ille
628 2689 666 2711 se
691 2678 872 2711 conscium
893 2676 963 2709 sibi
990 2687 1067 2710 esse
1093 2676 1180 2710 facti
1207 2675 1405 2721 respondet
1427 2686 1535 2720 quam
1554 2673 1654 2720 quod

192 2724 363 2759 hesterno
391 2725 449 2760 die
464 2726 537 2759 mel
561 2726 797 2768 degustasset.
826 2724 967 2769 ignarus
994 2724 1070 2757 eius
1095 2724 1352 2758 exsecrationis
1377 2734 1450 2768 qua
1476 2723 1654 2768 populum

194 2777 298 2818 pater
323 2771 584 2808 obstrinxisset.
603 2773 672 2808 hoc
697 2773 822 2807 audito
847 2772 977 2807 Saulus
1002 2782 1083 2808 eum
1110 2783 1148 2807 te
1178 2777 1388 2806 necaturum
1410 2771 1527 2812 iurat,
1552 2782 1653 2806 cum-
