1826 3120
238 144 270 182 X
661 141 848 181 LAssssffl
892 138 1208 179 PRAEFATIO.

234 241 375 280 τέκνου
420 243 494 280 καί
533 240 747 293 ἀγαπητοῦ
776 239 975 278 vocabula
1001 243 1159 291 patrem
1193 238 1330 291 potius
1370 251 1492 292 quam
1532 238 1670 278 senio-

236 321 322 346 rem
347 322 394 346 ue
436 307 694 359 magistrum,
741 304 928 358 discipuli
958 310 1027 343 aut
1056 304 1175 342 amici
1214 304 1368 343 iuvenis
1400 304 1531 358 gratia
1569 318 1671 358 opus

233 372 333 411 illud
359 373 680 418 elucubrantem,
713 370 935 424 designant.
966 375 1131 423 praeter
1158 369 1326 408 Annales
1355 370 1554 423 scripsisse
1586 369 1670 410 dis-

228 439 464 479 sertationes
507 437 752 490 theologicas
796 451 842 476 ex
893 436 1112 489 specimine
1152 435 1328 475 Pontani
1367 435 1497 474 nostri
1543 449 1670 490 opera

229 504 338 544 edito
380 504 521 551 didici;
560 504 747 556 epistolas
783 517 949 557 quoque
981 502 1032 542 V.
1063 501 1110 539 C.
1145 503 1228 540 Leo
1258 500 1424 540 All-atius
1459 500 1667 556 adiungit,

231 585 327 624 quas
357 570 540 609 nondum
568 569 664 608 vidi.
697 575 859 608 caetera
888 568 937 607 de
967 581 1016 607 eo
1047 567 1147 606 mihi
1176 568 1316 621 ignota
1343 568 1562 620 profiteor.
1588 566 1670 606 hoc

228 642 340 676 certe
369 637 649 689 exploratum,
677 634 817 674 studiis
851 649 874 673 a
902 646 1035 688 puero
1069 632 1252 673 deditum
1277 634 1415 684 fuisse,
1445 630 1672 687 φιλόπονον

226 699 300 741 καί
345 702 593 755 φιλομαθῆ,
628 702 699 756 qui
739 707 803 740 tot
844 707 1012 755 tamque
1048 699 1182 739 varios
1218 713 1353 739 saeros
1390 699 1671 754 profanosque

228 767 450 821 scriptores
489 768 718 818 evolverit,
765 781 811 807 ex
851 781 998 806 eorum
1037 765 1230 819 operibus
1269 765 1442 805 illustria
1483 779 1672 820 quaeque

225 834 495 887 excerpserit,
526 834 718 889 miroque
746 833 922 873 artificio
951 832 993 871 in
1026 832 1142 871 unius
1170 832 1368 872 orationis
1387 831 1535 872 seriem
1559 845 1666 872 con-

225 899 379 942 tulerit.

331 966 394 1006 Ad
432 968 635 1006 Graecum
664 967 881 1006 Annalium
930 971 1087 1006 textum
1116 964 1230 1019 quod
1255 969 1438 1017 spectat,
1480 963 1595 1003 illum
1624 977 1671 1004 ex

225 1033 384 1073 duobus
415 1033 725 1082 Claromontani
756 1033 887 1072 nostri
917 1032 1078 1086 collegii
1106 1030 1403 1086 exemplaribus
1435 1029 1673 1078 describen-

226 1098 324 1138 dum
352 1099 520 1150 curavi,
563 1113 793 1153 eorumque
834 1099 995 1138 lacunas
1039 1097 1309 1138 librariorum
1338 1094 1483 1136 fraude
1509 1102 1584 1136 aut
1607 1095 1674 1136 in..

231 1166 347 1205 curia
375 1166 607 1219 frequentes
635 1166 790 1219 partim
819 1163 1251 1211 ex·Fontisebraldensi
1281 1161 1422 1203 codice
1452 1178 1476 1202 a
1506 1154 1673 1203 cels‘issi-

225 1247 292 1271 ma
303 1231 497 1286 Principe
525 1232 628 1272 sacri
661 1233 764 1272 illius
779 1231 1049 1272 Parthenonis
1078 1230 1256 1270 antistita
1273 1229 1465 1283 generali,
1494 1224 1674 1269 Iohanna

225 1298 450 1353 Baptistide
477 1299 702 1350 Borbonia,
731 1298 834 1338 mihi
850 1297 1135 1338 humanissime
1167 1296 1496 1348 communicato,
1521 1286 1677 1349 partim

227 1380 273 1406 ex
311 1365 513 1406 submissis
555 1367 687 1405 Roma
736 1365 989 1407 Vallicellani
1036 1379 1082 1404 ae
1121 1361 1341 1403 Monaehio
1378 1362 1676 1411 Bavaricoriun

227 1432 418 1472 codicum
446 1432 628 1471 subsidiis
660 1448 683 1471 a
702 1432 794 1473 VV.
820 1432 902 1472 CC.
919 1433 1032 1472 Luca
1061 1430 1271 1470 Holstenio
1301 1434 1354 1468 et.
1372 1428 1539 1468 Simone
1567 1427 1677 1483 Wa-

227 1495 447 1552 gnereehio
477 1498 520 1537 S.
566 1499 598 1536 1.
638 1498 686 1538 P.
714 1498 922 1551 supplevi,
973 1497 1175 1536 valiantes
1226 1494 1419 1534 lectiones
1455 1491 1678 1548 adscripsi,

225 1563 462 1604 Leunelavii
502 1564 890 1617 interpretationem
935 1562 977 1601 in
1005 1562 1212 1616 plerisque
1249 1559 1482 1610 emendavi,
1513 1559 1674 1626 aliaque

229 1630 397 1684 insuper
442 1628 599 1682 adieci,
634 1644 738 1684 quae
775 1644 823 1669 ex
861 1628 1206 1668 Annotationibus
1249 1621 1503 1667 commodius
1547 1640 1675 1685 repe-

229 1702 386 1738 tentur.

341 1763 482 1802 Unum
511 1769 648 1802 tamen
677 1763 746 1801 hic
778 1762 970 1802 omittere
999 1774 1175 1816 nequeo,
1209 1759 1431 1799 Iohannem
1451 1739 1676 1799 Meursium

227 1827 452 1869 delibatum
490 1844 535 1868 ex
564 1835 684 1882 parte
722 1831 772 1868 ΙΙΙ
803 1829 1009 1868 annalium
1035 1827 1167 1866 nostri
1197 1819 1616 1881 Glycaez'sptoixtieoc,
1650 1842 1674 1866 a

227 1895 329 1935 Iulio
361 1896 531 1935 Caesare
571 1894 622 1934 ad
651 1895 962 1934 Constantinum
1005 1896 1225 1948 Magnum,
1262 1888 1419 1932 Graece
1458 1906 1505 1930 ac
1530 1887 1677 1933 Latine

226 1961 416 2015 Lugduni
441 1963 695 2000 Batavorum
740 1961 908 2001 edidisse
956 1967 996 2000 et
1024 1959 1248 2000 Theodoro
1289 1956 1537 2007 Metoehitae
1572 1950 1672 1997 falso

228 2027 437 2077 tribuisse,
463 2027 606 2066 additis
639 2027 831 2066 brevibus
860 2028 968 2067 notis
999 2033 1040 2067 et
1067 2024 1290 2079 Nicephori
1333 2025 1545 2076 Gregorae
1574 2039 1676 2064 nae..

228 2093 315 2140 nia;
344 2106 449 2146 quae
477 2092 557 2132 suis
598 2093 697 2132 loeis
725 2093 904 2133 inserere
951 2108 1035 2132 non
1063 2091 1267 2141 dubitavi,
1313 2094 1360 2129 ut
1389 2089 1491 2128 nihil
1516 2105 1677 2131 neeesse

226 2159 279 2199 sit
306 2159 458 2198 iterum
486 2158 630 2212 praelo
663 2159 1102 2199 subiicereRomanam
1141 2158 1263 2206 illam,
1293 2161 1339 2194 ut
1369 2155 1567 2209 appellat,
1596 2155 1674 2195 Hi..

228 2226 411 2265 storiam.
466 2230 626 2264 tantum
652 2231 692 2265 te
722 2226 947 2277 morabor,
986 2226 1145 2266 erudite
1173 2224 1319 2265 lector.
1351 2221 1460 2273 vale,
1492 2228 1533 2263 et
1561 2219 1677 2279 quod

228 2292 343 2343 facis,
375 2291 514 2331 studiis
543 2291 690 2331 nostris
719 2292 860 2332 favere
885 2307 1023 2347 perge.
