1826 3120
272 138 300 170 2
313 136 340 171 2
349 136 382 168 O
723 127 1008 171 MlCl-IAELIS
1045 128 1260 171 GLYCAE

266 230 388 287 γάλαι
424 229 501 286 γὰρ
543 231 790 282 δυσκρασίαι
824 225 900 277 τὰς
936 228 1145 282 ἐνεργείας
1178 228 1263 269 τῶν
1292 229 1451 283 μορίων
1478 225 1709 288 ἀμβλύνειν

266 297 477 341 εἰώθασιν.
535 292 635 336 ὅθεν
662 294 686 348 ἢ
717 295 857 335 α’σιτιά
876 294 1093 347 πολλάκις,
1124 296 1194 335 ναί
1214 292 1300 347 μὴν
1329 295 1402 335 καί
1427 293 1452 348 ἦ
1482 289 1705 348 οἷγρυπνιά,

266 364 341 419 τὴν
368 361 472 404 κατά
511 360 641 417 φύσιν
667 362 955 402 ἐπεκτείνουσα
1003 362 1079 402 τοῦ
1106 358 1340 416 ἐγκεφάλου
1366 358 1591 426 ξηρότητα,
1619 377 1708 403 ποι-

267 435 328 471 εῖν
360 426 484 470 εἴωθε
512 427 687 467 τοιαῦτα
721 424 1026 478 συμπτώματα.
1098 424 1204 467 κατά
1232 425 1310 480 γάρ
1342 427 1462 467 τοῦτο
1489 427 1562 468 καὶ
1584 423 1709 483 &ypo-

265 496 365 550 τέρᾳ
395 491 533 549 διαίτῃ
563 493 793 546 κεχρῆσθαι
825 490 924 539 τοὺς
954 487 1062 532 οὕτω
1093 493 1362 540 διατεθέντας
1389 490 1635 546 ἐπάναγκες·
1653 491 1745 536 τὰ5

264 558 345 614 γὰρ
377 555 444 600 διὰ
478 555 684 613 ξηρότητα
712 559 827 612 πάθη
865 560 917 614 τῇ
945 555 1140 612 ὑγρότητι
1167 556 1488 612 θεραπεύονται.
1541 558 1709 614 ψυχρό-

264 640 379 680 τερος
411 624 456 666 δὲ
495 624 620 666 πάλιν
661 621 817 674 ἑαυτρῦ
846 622 915 665 διά
946 641 1038 666 τινα
1067 621 1183 666 νόσον
1213 622 1388 679 γεγονώς
1434 623 1455 666 ὃ
1483 625 1710 681 ἐγκέφαλος

265 691 336 733 καί
362 692 497 746 λήθην
525 691 669 744 ἐπάγει
712 690 786 732 καί
819 691 1038 745 μώρωσιν,
1069 689 1175 732 κατὰ
1205 693 1398 732 τοσοῦτον
1431 692 1477 734 δὲ
1505 688 1610 733 ὥστε
1638 693 1710 734 καί

265 759 422 812 τεχνῶν
444 757 517 799 καί
541 754 797 813 γραμμάτων
826 759 898 799 καί
924 759 1001 799 τοῦ
1027 754 1225 810 ὀνόματος
1253 758 1450 808 πολλάκις
1477 758 1606 800 αὖτοῦ
1631 767 1708 811 με·-

228 823 316 866 (ῖτὰ
360 822 435 878 τὸν
473 821 617 878 ὑγείαν
662 813 937 878 ἐπιλελῆσθαι
973 822 1046 866 τὸν
1086 819 1323 880 ἄνθρωπον.
1391 823 1504 879 τρισὶ
1525 822 1604 866 wat*
1623 821 1705 878 γὰρ
1725 835 1770 864 ιο

265 890 390 943 ὑμέσι
417 889 611 946 διῄρηται
642 888 663 931 ὅ
692 891 930 945 ἐγκέφαλος.
971 889 1043 932 καί
1069 890 1094 945 ἦ
1128 892 1205 943 μὲν
1233 890 1257 946 ἦ
1288 891 1547 945 ἒμπρόσθιος
1574 883 1712 932 αὐτοῦ’

265 958 400 997 κοιλία
429 950 608 1011 ὄργανόν
634 957 726 998 ἐστι
753 957 828 997 τοῦ
856 959 1161 1011 φανταστικοῦ,
1202 957 1227 1011 ἦ
1257 958 1303 998 δὲ
1329 958 1436 1011 μέση
1464 956 1601 998 κοιλία
1630 951 1714 1011 ιὸρ-ι

262 1020 389 1076 γανόν
415 1023 504 1063 ἐστι
534 1025 611 1063 τοῦ
638 1023 903 1076 ὁίανοητικοῦ
931 1022 1005 1063 καί
1033 1020 1058 1077 ἢ
1085 1019 1205 1078 ἑτέρα
1227 1021 1352 1064 πάλιν
1379 1023 1451 1065 τοῦ
1475 1036 1706 1077 μνημονευ-

262 1090 390 1129 τικοῦ.
457 1086 659 1142 πρότερον
698 1089 777 1140 μὲν
819 1086 899 1142 γάρ
943 1089 1245 1143 φανταζόμεθα
1286 1089 1377 1130 τόδε
1414 1087 1461 1131 τὸ
1503 1090 1701 1144 πρᾶγμα·

259 1152 365 1206 μετά
399 1155 531 1195 ταῦτα
562 1151 888 1207 ὃιαλογιζόμεθα
917 1153 963 1195 τὸ
993 1157 1259 1210 φαντασθέν,
1291 1156 1335 1196 τί
1350 1170 1392 1197 τε
1421 1154 1494 1196 καί
1517 1152 1705 1196 ποταπὸν
1725 1155 1772 1197 15

263 1217 367 1261 αὐτὸ
408 1217 480 1273 τήν
520 1216 649 1275 φύσιν
697 1220 831 1261 ἐστίν·
913 1216 993 1262 εἶθ’
1034 1217 1166 1269 οὕτως
1193 1223 1245 1278 τῇ
1271 1219 1412 1278 μνήμῃ
1445 1219 1490 1262 τὸ
1522 1221 1707 1279 τοιοῦτον

262 1288 576 1338 ἑναποτίθεμεν.
631 1284 703 1326 καί
728 1287 863 1327 ταῦτα
891 1287 968 1338 μὲν
992 1288 1062 1327 ἐπί
1089 1287 1171 1328 τῶν
1206 1286 1392 1340 ἐχόντων
1418 1288 1554 1336 καλῶς
1567 1302 1611 1333 τε
1635 1288 1708 1329 καί

261 1352 410 1405 ὑγιῶς·
485 1353 573 1392 ἀλλ’
608 1350 777 1393 ἐπειδὰν
817 1353 859 1393 ἓν
887 1354 930 1402 ἐξ
959 1353 1097 1394 αὐτῶν
1141 1353 1269 1394 πάθει
1296 1352 1380 1394 τινί
1407 1351 1576 1407 ὅπωσδὴ
1606 1367 1705 1394 ποτε
1731 1368 1733 1372 ’

261 1419 488 1476 περιπέσῃ,
517 1415 609 1459 τότε
637 1420 721 1460 κατ’
750 1420 881 1459 ἐκεῖνο
906 1418 950 1460 τὸ
994 1421 1118 1475 μέρος
1149 1416 1173 1474 ἦ
1204 1419 1322 1472 ψυχὴ
1361 1422 1560 1474 καθαρῶς
1588 1419 1704 1472 ἐνερ-

216 1490 342 1538 Βγεΐν
377 1481 424 1525 οὗ
466 1482 656 1525 δύναται.
714 1486 847 1526 ταῦτα
897 1486 962 1537 δέ,
992 1488 1155 1538 τέκνον,
1194 1476 1429 1539 ὑποτίθημί
1451 1499 1542 1536 σοι,
1592 1478 1767 1533 “incus-:m

257 1548 315 1605 μὴ
337 1550 436 1599 τούς
466 1554 546 1590 τῶν
575 1550 765 1603 α’στὲρων
793 1549 1115 1605 σχηματισμοὺς
1144 1551 1324 1593 αἰτιάσει
1352 1548 1701 1607 καθυποβάλλῃς,

259 1615 303 1658 εἴ
323 1632 369 1671 γε
399 1620 590 1672 φυσικοῖς
619 1617 704 1658 τισί
728 1615 864 1670 λόγοις
892 1614 942 1658 τά
975 1618 1151 1658 τοιαῦτα
1181 1618 1372 1670 γίνεσθαι
1400 1615 1538 1658 εἴωθε.

259 1783 355 1816 laedi
385 1786 422 1814 et
450 1780 582 1826 adfligi.
618 1792 700 1814 nam
733 1782 963 1815 vehementes
1001 1781 1177 1827 quaedam
1210 1782 1483 1826 temperamenti
1508 1782 1593 1815 iusti
1617 1789 1701 1827 per-

257 1830 480 1863 turbationes
498 1829 652 1874 partium
675 1829 829 1873 ipsarum
855 1830 1060 1862 efl'ectiones
1087 1829 1188 1874 quasi
1210 1828 1412 1862 redundere
1429 1835 1700 1862 consueverunt.

258 1879 380 1922 itaque
406 1876 483 1908 fieri
507 1876 720 1920 plerumque
742 1876 836 1909 solet
858 1882 898 1909 ut
922 1876 980 1909 vel
1010 1877 1144 1909 ieiunia
1166 1876 1223 1908 vel
1251 1876 1395 1920 vigiliae
1419 1877 1617 1910 naturalem
1642 1888 1702 1909 ce-

259 1925 356 1957 rebri
382 1924 577 1956 siccitatem
601 1923 682 1967 plus
712 1934 827 1968 aequo
857 1929 1026 1968 augentes
1050 1922 1257 1956 huiusmodi
1280 1923 1422 1956 morbos
1447 1924 1603 1968 gignant.
1627 1929 1703 1958 est·

260 1982 331 2017 que
370 1976 559 2015 propterea
596 1971 836 2003 necessarium
864 1977 904 2004 ut
930 1970 1093 2004 homines
1131 1971 1169 2003 in
1195 1969 1291 2002 hunc
1313 1970 1459 2003 modum
1485 1970 1618 2004 adfecti
1645 1971 1701 2003 vi—

259 2024 337 2051 ctus
358 2018 495 2051 ratione
521 2017 707 2061 aliquanto
739 2017 942 2051 humidiore
967 2024 1134 2051 utantur:
1157 2028 1238 2050 nam
1263 2018 1332 2050 orti
1357 2017 1402 2050 de
1421 2018 1582 2051 siccitate
1603 2029 1701 2051 mor-

259 2064 297 2098 bi
327 2076 391 2110 per
414 2063 667 2096 humiditatem
695 2071 873 2098 curantur.
897 2077 1034 2098 rursum
1062 2065 1091 2098 si
1121 2075 1164 2098 ex
1191 2064 1316 2097 morbo
1345 2064 1499 2109 quodam
1528 2066 1610 2110 plus
1639 2076 1700 2098 ae-

260 2122 332 2156 quo
356 2112 404 2144 sit
437 2110 623 2143 humidum
661 2112 867 2154 cerebrum,
905 2112 1077 2157 subsequi
1110 2123 1225 2144 rerum
1262 2111 1396 2144 oblivio
1430 2118 1467 2145 et
1505 2112 1699 2146 infatuatio

260 2157 438 2203 quaedam
462 2158 564 2197 solet,
594 2169 705 2204 eaque
730 2165 830 2192 tanta
868 2164 909 2192 ut
934 2169 1190 2204 saepenumero
1214 2163 1285 2191 tam
1312 2159 1440 2192 artium
1466 2171 1572 2204 quam
1598 2160 1700 2193 litte-

260 2216 378 2237 rarum
405 2205 532 2249 suique
558 2204 646 2237 adeo
668 2207 822 2240 nominis
847 2205 953 2240 homo
971 2218 1113 2252 prorsus
1138 2206 1376 2238 obliviscatur.
1397 2206 1511 2240 tribus
1534 2207 1699 2240 nimirum

259 2251 471 2284 membranis
490 2251 675 2284 cerebrum
696 2253 941 2298 distinguitur,
967 2266 1008 2287 ac
1031 2253 1249 2287 ventriculus
1275 2253 1422 2297 quidem
1440 2255 1515 2286 eius
1541 2254 1701 2288 anterior

262 2299 440 2332 facultatis
467 2298 690 2333 informantis
718 2307 754 2334 et
778 2302 1006 2346 imaginantis
1039 2306 1093 2334 est
1116 2300 1414 2342 instrumentum,
1439 2300 1581 2337 medius
1614 2312 1699 2334 vero

261 2346 462 2390 cogitantis,
490 2347 647 2389 postieus
684 2347 840 2393 denique
866 2348 1094 2381 recordantis.
1130 2347 1263 2380 etenim
1289 2347 1404 2392 primo
1430 2360 1501 2381 rem
1522 2347 1615 2381 lianc
1637 2353 1698 2380 aut

260 2393 362 2426 illam
391 2392 644 2425 informatione
670 2395 822 2439 quadam
848 2396 1090 2441 concipimus3
1116 2393 1246 2428 deinde
1285 2393 1330 2427 de
1363 2390 1554 2428 informato
1589 2395 1697 2428 ratio-

261 2441 433 2480 cinamur,
452 2439 539 2484 quid
557 2445 593 2472 et
619 2442 816 2486 quotuplex
841 2455 860 2475 a
884 2449 1011 2476 natura
1039 2443 1094 2483 sit,
1122 2447 1230 2487 atque
1255 2441 1305 2474 ita
1329 2442 1366 2474 in
1390 2443 1594 2475 memoriam
1614 2446 1698 2474 tan-

262 2487 344 2520 dem
370 2486 604 2520 recondimus.
629 2493 665 2520 et
688 2488 776 2521 haec
801 2490 947 2534 quidem
963 2488 1172 2534 accipienda
1197 2487 1242 2521 de
1267 2489 1309 2521 iis
1331 2494 1413 2522 sunt
1437 2490 1499 2534 qui
1516 2493 1608 2522 recte
1631 2486 1697 2520 ad-

263 2534 348 2567 fecti
373 2539 455 2567 sunt
479 2539 587 2578 atque
613 2535 696 2566 sani.
725 2536 853 2580 quodsi
878 2538 936 2571 vel
957 2549 1066 2570 unum
1092 2535 1231 2581 aliquid
1246 2534 1372 2568 horum
1390 2537 1515 2570 morbo
1538 2533 1694 2579 quodam

262 2592 478 2626 quocunque
496 2586 599 2626 pacto
626 2581 823 2624 adficiatur,
838 2589 923 2617 tunc
944 2585 1019 2618 eius
1034 2584 1142 2628 partis
1167 2583 1304 2616 ratione
1327 2583 1444 2616 anima
1465 2592 1553 2625 pure
1567 2581 1702 2626 nequit

263 2627 384 2661 efficax
410 2639 496 2660 esse.
526 2627 614 2660 haec
639 2628 724 2669 tibi,
750 2629 881 2663 dilecte
908 2632 970 2672 fili,
993 2629 1172 2664 monendo
1198 2629 1362 2669 subiicio,
1388 2642 1432 2663 no
1455 2627 1611 2661 siderum
1637 2628 1695 2661 in-

262 2679 317 2706 ter
344 2686 381 2707 se
407 2675 703 2708 conformationes
734 2682 769 2708 et
793 2677 981 2722 adspectus
1006 2678 1191 2717 causseris,
1216 2689 1295 2710 cum
1321 2675 1542 2711 naturalibus
1569 2674 1694 2710 huius-

263 2720 359 2756 modi
387 2721 559 2768 quaedam
585 2722 782 2756 rationibus
807 2726 948 2771 evenire
973 2725 1231 2759 consueverint.
