1826 3120
538 127 819 168 ANNAMUM
858 127 993 170 PARS
1023 130 1094 168 111.
1425 108 1537 173 453

103 231 170 280 ξεν
189 228 414 285 Ἀντωνίνῳ
446 228 670 281 Μακρῖνόν
697 245 790 271 τινα
817 229 887 270 τὸν
915 233 1004 282 μετ’
1033 231 1084 273 οὕ
1114 229 1218 271 πολὺ
1249 231 1541 284 διαδεξόμενον

102 293 235 352 αὐτὸν
263 293 335 336 ἐπὶ
359 295 608 349 συγκλήτου.
666 298 738 337 καί
766 296 788 336 ὅ
811 293 1060 344 Ἀντωνῖνος
1087 294 1278 356 παριδών
1298 293 1421 340 ἄλλον
1448 298 1544 340 α’ντί

100 361 328 415 Μακρίνου
370 363 632 416 φονευθῆναι
659 363 861 404 ἐκέλευσε·
889 361 992 415 μετὰ
1025 364 1071 404 δὲ
1100 364 1342 406 Ἀντωνῖνον
1371 366 1579 419 Insunt-G

98 440 168 475 νος
194 423 286 476 ἔτος
313 427 358 467 ἓν
375 428 450 468 καί
473 429 609 480 μῆνας
633 427 687 480 β’.
713 426 816 480 μετὰ
848 429 894 469 δὲ
922 431 1065 470 τοῦτον
1084 428 1327 478 Ἀντωνῖνος
1354 429 1375 471 ὁ
1399 428 1541 472 Ἡλιο-

60 490 284 547 5γάβαλος
307 491 380 548 ἔτη
407 494 440 546 γ’
467 494 539 534 καὶ
563 494 699 548 μῆνας
726 493 781 546 θ’,
810 491 856 542 ὃς
885 495 1083 536 τοσοῦτον
1101 491 1154 549 ἤν
1183 495 1359 551 α’σελγῆς
1385 494 1441 546 ὥς
1471 501 1544 540 καί

96 555 168 600 τὸν
193 557 407 614 Ἱεροκλέα
435 556 608 611 ἔννομον
640 559 776 600 αὐτοῦ
804 555 939 615 ἄνδρα
967 562 1158 614 ποιῆσαι.
1214 561 1271 611 αἷς
1297 563 1344 603 δὲ
1362 565 1540 617 λέγουσι,

96 622 174 666 καί
202 640 333 675 τινας
355 625 436 666 τῶν
475 625 634 679 ἰατρῶν
678 623 889 679 ἠντιβόλει
934 627 1066 682 διφυῆ
1105 626 1235 669 αὐτὸν
1274 629 1329 669 δι’
1369 631 1543 684 ἑντομῆς

94 692 358 746 ἑμπροσθίου
385 693 575 745 ποιῆσαι.
613 690 718 744 μετὰ
751 693 797 734 δὲ
823 694 972 734 τοῦτον
999 694 1270 747 Ἀλέξανδρος
1298 691 1321 734 ὅ
1348 697 1422 749 τῆς
1438 698 1542 737 Μα-

93 758 227 809 μαιάς
270 754 344 811 ἔτη
374 755 425 810 ιγ’
458 758 594 811 μῆνας
619 757 667 811 η’.
727 754 833 812 αὕτη
865 756 1067 811 θεοσεβὴς
1096 754 1204 801 οὖσα
1233 759 1303 802 τὸν
1326 761 1542 817 «Ὠριγὲνην

28 841 82 872 ,ιο
96 823 140 874 ἐξ
163 820 422 876 Ἀντιοχείας
455 823 648 865 ἐκάλεσεν
689 820 797 865 αἵστε
837 822 884 865 τὸ
927 822 1034 865 κατὰ
1063 824 1255 879 Χριστὸν
1284 828 1543 882 διδαχθῆναι

90 887 333 944 μυστήριον.
351 886 460 942 μετά
474 892 619 932 τοῦτον
634 891 876 942 Μαξιμῖνος
893 887 961 944 ἔτη
981 890 1029 939 ς’.
1058 890 1162 943 μετὰ
1182 892 1327 933 τοῦτον
1342 892 1542 946 ΖΠάξιμος

90 955 165 998 καὶ
190 957 400 1008 Βαλβῖνος
417 953 576 1010 ἡμέρας
590 956 664 1009 κβ’
697 954 802 1008 μετὰ
824 956 993 1006 τούτους
1009 958 1048 998 Γ
1047 955 1253 1011 ορὸιανός,
1285 954 1370 999 εἶτα
1387 961 1538 1000 Φίλιπ-
1554 970 1583 1002 D

88 1036 167 1070 πος
181 1019 253 1076 ἔτη
268 1019 311 1063 ε’.
335 1016 454 1070 οὗτος
469 1019 649 1070 σπονδὰς
665 1023 833 1075 ἐποίησε
851 1021 957 1073 μετὰ
976 1021 1180 1077 Σαβώρου
1199 1025 1405 1077 βασιλέως
1420 1029 1538 1079 Περ-

89 1088 189 1140 σῶν,
216 1085 263 1138 ὃς
282 1086 546 1141 ἐθαυμάζετο
575 1086 647 1129 ἐπὶ
671 1090 840 1142 μεγέθει
869 1090 1080 1140 σώματος·
1109 1092 1237 1144 μέχρι
1264 1090 1342 1145 γὰρ
1376 1091 1537 1133 ἐκείνου

29 1162 77 1204 15
90 1156 168 1196 τοῦ
191 1152 350 1209 χρόνου
377 1156 618 1209 τηλικοῦτος
648 1154 725 1195 οῦκ
753 1149 882 1209 ὤφθη
911 1151 1143 1208 ἄνθρωπος.
1201 1157 1272 1197 ἐπὶ
1298 1157 1444 1199 τούτου
1462 1160 1538 1199 τοῦ

92 1218 307 1262 Φιλίππου
338 1221 384 1262 δὲ
412 1219 485 1261 καί
500 1221 726 1273 Σαβέλλιος
754 1215 819 1274 ἧν.
878 1219 968 1262 τότε
998 1219 1049 1274 δὴ
1079 1220 1153 1262 καί
1180 1224 1276 1263 καθ’
1306 1222 1405 1264 ὁδὸν
1432 1223 1536 1266 Ἰου-

89 1289 209 1336 ὃαῖος
235 1284 368 1328 ἔκειτο
397 1288 553 1327 νοσῶν·
615 1284 722 1327 ἄλλα
765 1289 1011 1339 βαπτισθεὶς
1039 1286 1122 1328 ὑπὸ
1152 1289 1438 1343 Χριστιανοῦ,
1465 1291 1539 1331 καί

88 1354 230 1395 ταῦτα
258 1353 438 1404 ’λαϊκοῦ,
478 1350 600 1406 ὖγιής
647 1351 798 1393 αὐτίκα
842 1354 1014 1405 ἐγένετο.
1073 1353 1221 1395 τούτου
1249 1354 1295 1394 δὲ
1325 1355 1533 1412 Διονυσίῳ

88 1421 146 1476 τῷ
184 1418 501 1476 ἄρχιεπισκόπῳ
544 1414 837 1471 ἀνενεχθέντος
876 1418 922 1459 τὸ
954 1422 1072 1461 θεῖον
1111 1422 1182 1462 καί
1208 1415 1337 1469 αὖθις
1365 1422 1531 1469 ἐδέξατο

22 1502 76 1530 20
90 1482 310 1542 φώτισμα·
367 1483 472 1526 κατὰ
501 1483 579 1539 γάρ
614 1482 711 1532 τους
752 1483 1047 1534 οἷποστολι-κούς
1087 1486 1263 1535 κανόνας
1295 1488 1371 1529 οὔκ
1399 1484 1534 1538 ἔξεστι

186 1609 235 1654 ¹4·
264 1605 338 1642 ὑπὸ
360 1607 394 1640 Ρ,

84 1723 124 1756 in
148 1722 298 1768 imperio
322 1733 576 1756 successurum.
604 1735 674 1769 qua
698 1726 735 1757 in
761 1736 796 1757 re
823 1726 1062 1770 negligentius
1088 1736 1126 1759 se
1153 1737 1278 1770 gerens
1300 1726 1503 1759 Antoninus
1520 1753 1530 1767 ,

84 1769 195 1803 alitum
220 1769 399 1816 quendam
433 1781 498 1814 pro
535 1771 695 1803 Macrino
728 1772 833 1806 iussit
875 1774 1039 1806 interfici.
1064 1777 1147 1817 post
1169 1773 1390 1807 Antoninum
1419 1774 1528 1817 igitur

84 1826 216 1850 annum
244 1827 354 1851 unum
378 1828 592 1862 mensesque
624 1817 714 1851 duos
739 1819 919 1852 Macrinus
954 1819 1154 1864 imperavit.
1179 1825 1322 1853 secutus
1347 1825 1402 1852 est
1425 1820 1530 1853 illum

82 1864 287 1898 Antoninus
311 1863 590 1908 Heliogabalus,
626 1865 852 1910 imperioque
888 1866 1026 1910 potitus
1065 1871 1120 1900 est
1148 1877 1259 1900 annos
1284 1869 1304 1902 3
1329 1877 1469 1900 menses
1493 1878 1528 1911 9.

82 1910 114 1943 is
138 1915 209 1944 tam
233 1909 440 1956 prodigiose
466 1911 616 1945 lascivus
643 1917 720 1944 erat
744 1917 785 1946 ut
798 1912 1003 1945 Hieroclem
1030 1912 1100 1946 sibi
1123 1923 1189 1957 pro
1214 1914 1341 1947 marito
1367 1914 1528 1958 legitimo

80 1957 259 2002 iungeret.
282 1964 492 2003 praeterea,
517 1969 580 1991 ceu
611 1958 844 2002 perhibetur,
870 1959 1028 1992 medicos
1054 1959 1227 2004 quosdam
1252 1960 1463 1995 obsecrabat
1487 1967 1528 1995 ut

81 2003 127 2037 ab
152 2005 330 2039 anteriore
355 2011 455 2049 parte
494 2006 652 2049 corporis
690 2007 850 2039 sectione
875 2006 967 2039 facta
992 2017 1029 2038 se
1057 2007 1244 2052 utriusque
1272 2013 1420 2040 naturae
1444 2019 1526 2053 par-

80 2051 226 2096 ticipem
251 2053 422 2085 facerent.
449 2058 531 2097 post
560 2052 655 2085 hunc
677 2052 881 2085 Alexander
913 2053 1094 2086 Mamaeae
1118 2053 1155 2086 F.
1180 2055 1281 2087 annis
1315 2055 1351 2087 ιδ
1383 2060 1419 2087 et
1443 2061 1524 2089 octo

79 2098 264 2132 mensibus
291 2099 444 2143 imperio
470 2100 636 2144 praefuit.
686 2100 869 2141 Mamaea,
899 2110 991 2145 quae
1017 2101 1183 2144 religioso
1209 2101 1307 2134 cultu
1333 2100 1438 2135 deum
1462 2114 1524 2134 ve-

79 2151 275 2187 neraretur,
293 2146 494 2179 Antiochea
511 2147 701 2190 Origenem
727 2146 772 2179 ad
799 2158 836 2180 se
857 2147 1052 2187 arcessivit,
1079 2152 1120 2180 ut
1146 2147 1191 2180 ab
1216 2149 1294 2192 ipso
1319 2147 1363 2181 de
1390 2147 1524 2183 Christi

77 2194 248 2241 Jnysterio
275 2193 487 2227 erudiretur.
514 2200 597 2238 post
623 2193 864 2226 Alexandrum
888 2194 1101 2227 Maximinus
1126 2205 1186 2228 sex
1216 2195 1317 2229 annis
1342 2196 1522 2238 regnavit,

77 2245 162 2285 post
183 2240 417 2273 Maximinum
450 2241 627 2274 Maximus
664 2247 700 2274 et
724 2240 893 2284 Balbinus
918 2240 994 2274 dies
1019 2251 1072 2272 22.
1112 2243 1254 2287 excepit
1279 2241 1344 2275 hos
1370 2242 1524 2276 Gordia-

76 2298 156 2320 nus.
184 2286 316 2320 deinde
342 2287 530 2332 Philippus
556 2299 668 2320 annos
695 2290 713 2321 5
738 2288 909 2332 regnavit.
936 2289 965 2321 is
992 2299 1069 2320 cum
1081 2287 1216 2334 Sapore
1231 2289 1413 2322 Persarum
1441 2301 1521 2333 rege

77 2335 164 2367 fecit
188 2334 362 2375 inducias,
388 2337 449 2378 qui
473 2341 621 2379 propter
646 2334 930 2379 magnitudinem
950 2335 1274 2381 proceritatemque
1299 2337 1457 2380 corporis
1482 2337 1521 2369 in

76 2381 233 2415 omnium
259 2387 335 2414 erat
358 2381 611 2415 admiratione:
637 2394 717 2414 nam
737 2381 782 2414 ad
800 2381 894 2414 illud
911 2393 1023 2426 usque
1039 2387 1181 2427 tempus
1204 2382 1389 2416 huminum
1414 2395 1519 2416 nemo

76 2434 286 2473 conspectus
315 2427 432 2461 fuerat
460 2429 523 2472 qui
548 2440 695 2473 corpore
721 2434 793 2461 tam
820 2434 920 2461 vasto
946 2434 1050 2461 esset.

169 2475 241 2507 snb
267 2474 431 2519 Philippo
458 2475 636 2509 Sabellius
662 2476 772 2515 vixit,
802 2475 1000 2520 eodemque
1031 2476 1228 2520 imperante
1254 2475 1408 2509 Iudaeus
1437 2477 1519 2520 qui-

77 2521 159 2554 dam
184 2521 308 2555 morbo
346 2522 536 2563 laborans,
569 2524 608 2555 in
640 2523 697 2555 via
731 2522 876 2567 publiea
901 2534 979 2555 cum
1001 2523 1154 2563 iaceret,
1192 2535 1212 2554 a
1236 2522 1456 2563 Christiano,
1483 2529 1520 2556 et

74 2568 168 2601 laico
195 2568 359 2613 quidem,
397 2569 615 2614 baptissatus
646 2581 727 2602 mox
755 2569 948 2604 convaluit.
986 2575 1204 2615 quapropter
1238 2569 1283 2602 ad
1308 2569 1519 2612 Dionysium

74 2615 278 2648 antistitem
296 2615 480 2655 deductus,
507 2616 662 2649 secunda
677 2617 752 2649 vice
773 2617 1020 2651 lustrationem
1036 2616 1356 2660 divinamssaccepit.
1383 2617 1520 2661 quippe

75 2661 120 2694 de
141 2673 315 2695 canonum
340 2663 584 2707 apostolorum
602 2663 820 2708 praescripto
839 2663 973 2696 nemini
991 2664 1084 2697 laico
1100 2664 1152 2697 fas
1179 2669 1242 2703 est,
1267 2668 1307 2696 ut
1324 2663 1518 2708 quicquam

75 2720 194 2742 earum
221 2720 336 2743 rerum
365 2716 514 2755 peragat
549 2721 638 2755 quae
678 2709 721 2743 ad
751 2709 974 2745 sacerdotum
996 2722 1126 2745 munus
1155 2710 1355 2756 pertinent,
1382 2711 1518 2744 etiamsi
