1826 3120
258 162 366 216 260
690 170 979 212 MlCHAELlS
1020 166 1235 211 GLYCAE

254 300 307 324 τα
336 281 544 331 οἰκονομεῖ
560 277 633 316 καί
661 273 717 322 ὥς
748 272 869 313 οὐδὲν
891 267 1141 325 ἀπρονόητον
1171 268 1256 308 τῶν
1273 267 1371 324 τῇδε
1388 266 1460 310 καὶ
1485 266 1540 317 ὥς
1567 265 1690 320 ἔτυχε

255 351 438 403 φέρεται.
493 344 565 384 καί
592 337 651 401 μή
681 354 754 392 μοι
781 340 898 391 λέγε,
926 337 1034 384 τίνος
1063 337 1197 377 ἕνεκεν
1225 330 1250 387 ἦ
1280 333 1378 387 ἁγία
1406 332 1546 390 γραφὴ
1577 334 1691 388 πρῶ-

253 429 323 455 τον
360 409 616 464 ἀνέρχεσθαι
664 405 763 453 τούς
792 404 991 458 ἀγγέλους
1019 398 1156 454 εἶπεν,
1209 396 1286 442 εἷθ’
1328 397 1460 448 οὕτως
1497 402 1691 455 κατέρχε-

254 482 385 528 σθαι,·
416 474 527 528 ἔχεις
552 471 631 526 γὰρ
664 468 796 525 αὐτὴν
824 468 899 524 τήν
929 467 1051 523 ἁγιάν
1077 465 1247 522 γραφὴν
1285 467 1358 508 καί
1382 464 1454 508 τὸν
1478 465 1579 521 ’περὶ
1595 464 1695 508 τού,

254 560 327 584 του
360 541 480 594 λόγον
511 534 826 592 ὃιευκρινοῦσοίν
851 551 930 580 σοι.
985 536 1069 575 τῶν
1099 533 1334 588 ἀνθρώπων
1359 535 1528 581 ἕκαστος
1556 529 1735 587 φύλα-5

255 627 305 650 κα
336 609 408 662 τῆς
437 603 590 647 ἑαυτοῦ
621 604 728 656 ζωῆς
750 605 861 644 θεῖον
890 596 1062 655 ἄγγελον
1089 601 1294 653 κέκτηται,
1321 595 1378 647 ὥς
1406 598 1598 640 ἐντεῦθεν
1623 598 1698 640 καὶ

256 674 330 729 την
362 674 455 714 καθ’
497 671 617 726 ἡμῶν
659 668 792 723 ὁρμὴν
820 670 902 710 ταῖν
942 663 1153 720 δαιμόνων
1186 665 1540 719 οἷναχαιτίζεσθαι
1569 665 1699 719 (,,πι1-

213 751 244 782 D
258 742 487 796 ρεμβαλεϊ”
507 736 587 792 γάρ
611 752 738 792 φησιν
767 728 963 789 ,,ἅγγελος
983 732 1130 787 κύριον
1152 729 1287 789 κύκλῳ
1315 733 1396 772 τῶν
1416 730 1712 787 ’φοβουμένων

258 804 429 860 αὕτόν”>
460 802 533 845 καί
560 802 632 851 τὰς
659 799 842 856 αἰτήσεις
870 799 989 855 ἡμῶν
1016 799 1250 853 ἀνοίγεσθαι
1281 795 1386 852 πρὸς
1410 795 1483 838 τὸν
1513 793 1616 838 θεὸν
1642 795 1709 837 <54⁹2

258 873 410 913 αὕτῶν.
468 869 540 911 καί
566 870 740 911 πειθέτω
768 866 875 923 ἡμᾶς
908 865 1033 914 αὐτὸς
1062 865 1083 906 ὁ
1114 865 1256 918 κύριος
1283 866 1328 906 ἐν
1350 862 1607 918 εὐαγγελίοις
1630 863 1774 904 λε’-ἰο-

255 955 339 993 γων
367 936 523 990 ,,ὁρᾶτε
549 933 606 988 μὴ
641 931 979 989 καταφρονήσητε
1009 929 1097 980 ἑνὸς
1125 934 1207 972 τῶν
1236 931 1397 984 μικρῶν
1425 927 1614 971 τούτων·
1659 926 1699 969 οἱ

255 1004 337 1058 γὰρ
367 999 530 1058 ἄγγελοι
562 1002 699 1043 αὐτῶν
728 1002 923 1054 διηνεκῶς
954 998 1079 1053 δρῶσι
1117 995 1163 1039 τὸ
1192 996 1414 1052 πρόσωπον
1440 997 1516 1038 τοῦ
1543 992 1701 1048 πατρός

256 1087 338 1123 μου
367 1072 444 1110 τοῦ
472 1070 518 1111 ἐν
560 1069 754 1121 ου’ρανοΐς
774 1068 816 1120 ,”
855 1065 978 1107 οὐδὲν
1007 1061 1108 1106 ἄλλο
1138 1064 1376 1116 ποιοῦντες,
1406 1061 1464 1111 ὥς
1492 1060 1515 1102 ὅ
1545 1061 1590 1104 ἐν
1615 1077 1699 1101 πα-

255 1134 477 1190 τριάρχαις
523 1131 713 1186 αόίὸιμὸς
739 1147 845 1188 φησι
884 1127 1149 1186 Νικηφόρος,
1193 1126 1220 1184 ἢ
1255 1129 1333 1177 ’τάς
1372 1126 1556 1184 αἰτήσεις
1579 1127 1700 1182 ἡμῶν

257 1202 485 1255 εἰσάγοντες
512 1201 571 1248 εἰς
603 1198 654 1240 τὰ
687 1194 775 1240 (εἶτα
803 1199 878 1239 τοῦ
906 1199 1053 1253 κυρίου
1093 1193 1282 1250 σαβαώθ.
1340 1197 1580 1248 ἐπιβεβαιοΐ
1597 1194 1699 1235 taz?-
1717 1193 1764 1234 15

258 1283 311 1308 τα
342 1268 414 1308 καί
454 1265 475 1307 ὃ
517 1263 733 1313 θειότατος
765 1262 959 1320 Ῥαφαηλ
992 1261 1093 1318 πρὸς
1130 1261 1203 1304 τὸν
1240 1259 1385 1315 Τωβητ
1415 1256 1548 1308 οὕτως
1574 1254 1703 1301 εἰπών

259 1329 357 1389 ,,ὅτε
401 1330 625 1386 προσηύξω
676 1328 730 1372 σύ
771 1331 844 1371 καὶ
884 1329 907 1384 ἦ
945 1328 1089 1384 νύμφη
1120 1344 1221 1381 σου,
1259 1326 1339 1381 ἐγώ
1368 1324 1630 1382 προσήγαγον
1654 1323 1702 1366 τό

128 1409 246 1455 V.1o7
262 1399 523 1453 μνημόσυνον
566 1400 638 1452 τῆς
681 1398 914 1451 προσευχῆς
960 1412 1036 1437 σου
1084 1392 1256 1450 ἐνώπιον
1294 1395 1374 1435 τοῦ
1414 1389 1534 1446 ἇγιόυ
1573 1391 1703 1443 θεοῦ,

132 1475 168 1507 P.
187 1475 248 1506 133
261 1465 334 1507 καί
361 1466 432 1506 νῦν
461 1460 678 1506 ἀπέστειλέ
705 1478 759 1516 με
787 1460 997 1505 ἰάσασθαί
1018 1478 1064 1504 σε
1095 1461 1167 1502 καί
1197 1460 1270 1515 τήν
1298 1459 1465 1514 νύμφην
1493 1473 1569 1500 σου
1591 1457 1703 1511 Σάρ-

262 1537 379 1587 ραν.”
452 1528 558 1572 ἀλλὰ
594 1532 666 1571 καί
691 1529 712 1571 ὅ
741 1530 1056 1584 καταπεμφθείς
1084 1528 1155 1569 ἐπὶ
1184 1525 1416 1580 Κορνήλιον
1444 1522 1514 1565 τὸν
1541 1521 1704 1565 ἕκατον·
1716 1536 1768 1562 20

261 1595 420 1651 τάρχην
447 1600 561 1644 θεῖος
591 1592 759 1649 ἄγγελος
787 1593 917 1643 οὕτως
945 1592 1049 1647 πρὸς
1082 1591 1213 1633 αότὸν
1240 1591 1352 1644 ἔλεγε
1385 1586 1640 1644 ,,Κορνὴλιε,
1659 1586 1706 1630 αἱ

265 1665 504 1716 προσευχαί
526 1677 603 1703 σου
633 1662 705 1703 καί
743 1661 787 1702 αἱ
816 1656 1091 1715 ἐλεημοσύναι
1119 1674 1195 1700 σου
1226 1659 1434 1712 α’νὲβησαν
1461 1657 1520 1705 εἰς
1545 1654 1707 1710 μνημό-

362 1776 392 1809 5.
419 1774 592 1821 ὃιακρινο
601 1774 696 1810 ὕσαν
723 1774 759 1807 Ρ.

267 1867 483 1912 gubernare,
515 1878 581 1899 nec
614 1866 806 1911 quicquam
831 1866 868 1898 in
895 1864 1001 1898 rebus
1037 1864 1201 1897 humanis
1229 1864 1363 1909 absque
1387 1861 1610 1907 providentia
1631 1860 1706 1893 for-

266 1916 358 1947 tuito
382 1915 463 1958 geri.
491 1924 608 1959 neque
635 1913 714 1946 heic
738 1913 912 1946 obieceris
938 1911 1043 1953 mihi,
1069 1911 1297 1957 quamobrem
1321 1911 1464 1943 litterae
1481 1918 1599 1942 sacrae
1624 1918 1708 1940 nar-

268 1968 349 1994 rent
373 1961 518 2005 angelos
546 1961 696 2005 primum
724 1960 951 1993 adscendisse
978 1971 1018 1992 ac
1043 1959 1210 2003 deinceps
1240 1956 1478 1990 descendisse.
1501 1966 1585 1989 nam·
1606 1954 1706 1999 ipsae

268 2009 336 2041 tibi
363 2008 468 2041 huius
494 2008 544 2040 rei
569 2008 743 2040 rationem
764 2008 940 2053 aperiunt.
970 2006 1126 2052 quilibet
1151 2006 1258 2038 homo
1282 2005 1375 2037 vitae
1399 2013 1483 2036 suae
1505 2001 1706 2048 praesidem

269 2056 435 2099 angelum
475 2054 605 2094 habet,
642 2061 682 2088 ut
719 2055 787 2088 hoc
820 2060 924 2100 pacto
965 2054 1139 2087 malorum
1173 2053 1356 2096 geniorum
1392 2052 1430 2083 in
1453 2061 1518 2083 nos
1553 2049 1706 2093 impetus

271 2102 472 2146 frangatur:
499 2101 615 2145 iungit
637 2102 751 2142 enim,
776 2108 817 2135 ut
834 2102 898 2134 ille
922 2101 973 2134 ait
998 2101 1137 2146 (psalm.
1162 2100 1204 2132 33
1231 2099 1287 2144 8),
1317 2097 1463 2142 angelus
1489 2095 1624 2129 domini
1649 2106 1707 2127 ca-

271 2154 342 2181 stra
369 2148 491 2181 castris
520 2148 556 2180 in
583 2149 731 2181 circuitu
756 2149 959 2182 timentium
984 2159 1076 2182 eum.
1106 2152 1244 2180 nostras
1273 2146 1379 2178 etiam
1403 2154 1526 2189 preces
1550 2143 1714 2188 ipsorum>

272 2206 381 2239 opera
413 2195 562 2238 perferri
599 2195 640 2227 ad
671 2195 776 2228 deum
815 2196 981 2229 dominus
1011 2196 1088 2240 ipse
1121 2193 1225 2226 nobis
1252 2190 1486 2238 persuadeat,
1512 2190 1575 2235 qui
1600 2188 1707 2222 sacris

272 2243 311 2274 in
338 2242 530 2285 evangeliis
556 2242 697 2286 (Maith.
730 2245 768 2276 18
800 2244 853 2290 ιο)
882 2243 1002 2287 inquit
1031 2245 1176 2283 „cavete
1201 2251 1246 2272 ne
1271 2251 1380 2271 unum
1404 2250 1448 2270 ex
1470 2236 1568 2270 hisce
1592 2236 1708 2282 pusil-

273 2290 320 2321 lisv
340 2288 568 2332 despiciatis:
606 2300 685 2320 nam
710 2291 828 2334 angeli
865 2301 986 2323 eorum
1008 2293 1182 2333 perpetuo
1208 2286 1333 2319 faciem
1357 2285 1467 2330 patris
1493 2284 1564 2317 mei
1588 2282 1710 2316 coele·-

274 2337 338 2369 stis
365 2336 592 2374 intuentur‚''
621 2336 710 2368 nihil
752 2337 890 2370 scilicet
915 2335 1015 2369 aliud
1039 2340 1202 2379 agenta,
1230 2331 1529 2378 quemadmodum
1555 2330 1710 2363 clarissi-

274 2394 351 2415 mus
378 2382 441 2414 ille
477 2382 675 2426 patriarcha
700 2384 920 2428 Nicephorus
955 2383 1133 2427 loquitur,
1163 2391 1270 2425 quam
1299 2379 1398 2425 quod
1420 2389 1544 2424 preces
1571 2381 1708 2410 nostras

275 2429 320 2462 ad
350 2440 452 2461 aures
477 2429 535 2461 dei
562 2429 714 2462 Sabaoth
742 2430 917 2464 deferunt.
955 2429 1048 2462 idem
1075 2428 1220 2472 angelus
1246 2427 1308 2459 ille
1338 2426 1480 2459 divinus
1506 2423 1708 2470 Rapbaelus

275 2477 475 2516 confirmat,
508 2487 587 2508 cum
623 2475 718 2508 hisce
751 2478 864 2510 verbis
890 2477 1073 2510 Tobaeum
1108 2475 1303 2519 alloquitur
1327 2471 1433 2516 (Tob.
1465 2482 1502 2504 12
1536 2473 1589 2516 12)
1612 2480 1708 2516 „quo

275 2530 436 2568 tempore
475 2528 512 2555 tu
542 2534 722 2567 nurusque
757 2530 816 2557 tua
847 2523 1100 2569 precabimini,
1133 2532 1197 2566 ego
1222 2520 1438 2567 precationis
1473 2524 1558 2552 tuae
1581 2529 1710 2551 monu-

277 2577 436 2603 mentum
466 2581 581 2603 coram
620 2576 740 2603 sancto
775 2572 837 2604 illo
865 2572 932 2604 deo
961 2568 1219 2609 subvehebam,
1254 2568 1315 2613 qui
1343 2578 1399 2599 me
1424 2577 1518 2599 nunc
1542 2565 1639 2599 misit
1663 2562 1710 2599 ad

278 2623 312 2649 te
340 2627 539 2662 nurumque
573 2622 670 2650 tuam
695 2617 832 2650 sarram
866 2617 1052 2651 sanandos.
1084 2615 1319 2649 consimiliter
1351 2613 1498 2658 angelus
1524 2612 1587 2646 ille
1616 2610 1708 2645 divi-

278 2675 371 2703 nus,
411 2664 474 2708 qui
508 2662 551 2696 ad
576 2663 780 2697 Cornelium
819 2665 1063 2698 centurionem
1100 2663 1226 2696 missus
1262 2661 1353 2701 fuit,
1400 2672 1479 2693 eum
1516 2658 1710 2705 compellat

273 2709 367 2752 (Act.
401 2721 439 2742 10
468 2710 503 2755 4)
539 2710 725 2751 „Corneli,
759 2716 840 2744 tuae
876 2723 998 2757 preces
1041 2722 1081 2743 ac
1115 2710 1268 2753 benigna
1308 2708 1399 2741 facta
1424 2707 1470 2740 ad
1493 2706 1616 2747 deum,
1641 2715 1706 2738 ceu

279 2757 330 2789 tui
369 2763 636 2791 monumentum
676 2757 874 2802 quoddam,
912 2757 1182 2791 adscenderunt.
1221 2756 1344 2800 itaque
1376 2755 1522 2800 Ioppem
1561 2753 1706 2787 mittens
