1826 3120
243 145 313 201 32
696 157 981 199 mlanEms
1022 156 1237 199 GLYCAE

242 266 313 306 καί
349 261 609 317 μαρτυροῦσι
647 261 702 317 τῷ
729 258 837 317 λόγῳ
866 257 918 300 τὰ
953 258 1129 312 μέγιστα
1161 260 1241 299 τῶν
1269 255 1405 312 ὀρῶν,
1436 255 1462 299 δ’
1487 273 1528 300 τε
1557 258 1680 301 Kav'-

241 344 391 382 κασος,
431 327 454 368 ὅ
486 324 764 378 Παρνασσός,
810 325 835 380 ἦ
871 325 1079 380 Πυρὴνη,
1108 323 1182 365 καί
1207 320 1283 365 ὅσα
1312 325 1507 367 τοιαῦτα·
1563 326 1680 379 μέγι-

242 409 334 436 στοι
361 392 441 447 γὰρ
470 394 626 433 ἐκεῖθεν
655 390 800 446 ῥέουσι
828 390 1007 443 ποταμοί
1033 388 1107 439 τὰς
1136 389 1271 445 οἷρχας
1299 387 1460 443 ἔχοντες
1488 389 1570 432 οἷπὸ
1598 392 1681 432 τῶν

244 459 435 513 μεγάλων
462 459 615 511 πηγῶν.
681 458 754 498 καί
794 460 840 498 τί
858 455 941 512 χρὴ
975 456 1106 497 πολλὰ
1134 458 1266 510 λέγειν
1282 473 1295 508 ,·
1321 455 1455 511 πάσης
1484 457 1682 509 ποταμῶν

202 526 410 581 Βρυσεως
437 522 508 564 καί
534 519 793 576 οἶμπώτιδος,
822 525 894 564 καί
922 524 1006 564 τῶν
1035 519 1115 564 ὅσα
1144 520 1326 579 φυσικὰς
1355 520 1442 576 ἔχει
1470 519 1547 571 τὰς
1570 521 1719 578 »ανῆ-5

244 607 330 639 σεις
357 593 428 631 καί
454 587 529 637 τὰς
560 588 723 642 α’ρχάς,
748 591 919 631 πάντων
950 587 1082 637 αἴτιος
1109 589 1130 630 ὁ
1164 586 1280 643 ἥλιός
1301 590 1410 641 ἐστι,
1438 587 1554 644 παρὰ
1579 591 1685 631 θεοῦ

242 655 321 710 τήν
348 655 591 708 παντοδαπῆ
618 652 774 709 ταύτην
803 654 943 708 λαβών
974 655 1194 709 ἐνέργειαν.
1251 651 1330 709 ὅρα
1359 654 1435 709 γὰρ
1466 651 1529 696 ὅτι
1555 670 1685 711 φυσι-

241 723 294 778 κῇ
321 719 499 773 δυνάμει
544 722 617 762 καί
642 721 863 778 περιουσίᾳ
905 721 1164 775 θερμότητος
1199 719 1384 769 ἑλκτικός
1421 722 1510 763 ἐστι
1541 723 1614 775 τῆς
1641 721 1686 764 ἐν

243 790 302 845 τῷ
327 784 456 840 βάθει
488 783 726 842 ὑγρότητος.
757 782 856 828 ὅθεν
893 784 1017 842 ἔαρος
1044 789 1116 829 καί
1139 789 1293 843 θέρους
1319 786 1559 842 πλησιάζων
1586 787 1686 842 ἡμῖν

242 853 403 895 ἀνέλκει
434 852 511 907 τὴν
538 853 582 894 ἐν
608 858 692 901 τοῖς
721 853 907 907 δένδροις
933 851 1089 906 ἰκμάδα
1118 855 1190 895 καί
1219 852 1404 908 ἔγκαρπα
1430 854 1562 896 ταῦτα
1591 869 1683 895 ποι-
1700 870 1749 897 to

243 925 294 961 εἴ.
351 919 484 960 αὐτοῦ
526 918 570 960 τὸ
598 920 748 974 θέρος,
792 915 921 962 αὐτοῦ
946 918 992 961 τὸ
1031 917 1273 975 μετόπωρον
1299 916 1322 961 ὅ
1350 935 1396 962 τε
1424 917 1588 974 χειμών
1613 920 1686 963 καί

243 984 295 1027 τὰ
325 983 462 1027 λοιπά.

345 1049 395 1092 Ὁ
420 1051 563 1102 μέντοι
595 1053 766 1102 Νεῖλος,
799 1051 1003 1107 α’γαπητὲ,
1026 1049 1131 1095 κατὰ
1164 1051 1240 1108 τήν
1265 1053 1436 1108 θερινὴν
1463 1049 1579 1109 ὥραν
1608 1045 1687 1095 αὖ·

243 1119 382 1167 ξεται·
447 1115 599 1166 παντὸς
623 1115 705 1172 γάρ
751 1119 905 1174 νέφους
945 1116 1018 1159 ὑπ”
1056 1119 1220 1172 ἀνέμων
1256 1120 1531 1172 ἐλαυνομένου
1559 1121 1687 1175 μέχρι

242 1185 317 1238 τῆς
343 1185 597 1237 κεκαυμένης
627 1180 780 1238 ζώνης,
811 1184 1033 1227 κάντεῦθεν
1060 1184 1187 1226 ὑετοῦ
1214 1183 1370 1239 λάβρον
1399 1182 1652 1242 ῥηγνυμένου
1674 1217 1686 1239 ,
1706 1187 1753 1230 15

246 1249 423 1303 ὀργοῖται
454 1252 608 1298 Νεῖλος
653 1252 725 1291 καί
769 1248 957 1303 ποταμὸς
986 1247 1093 1292 εἶναι
1134 1253 1210 1293 οὐκ
1237 1251 1451 1306 ἀνέχεται·
1507 1252 1582 1307 τῆς
1607 1249 1688 1306 γὰρ

246 1315 400 1364 οἰκείας
446 1310 578 1371 ὄχθης
620 1316 835 1371 ἐξέρχεται
879 1314 952 1357 καί
985 1319 1331 1369 καταθαλαττίζει
1357 1316 1432 1373 την
1457 1316 1691 1373 Αἴγυπτον.

135 1387 171 1421 P.
193 1398 229 1431 ¹7
246 1380 319 1422 καί
342 1381 500 1434 γλυκύς
537 1383 615 1434 μὲν
667 1381 688 1422 ὁ
720 1384 875 1431 Νεῖλος
905 1384 969 1438 (ἐξ
994 1377 1164 1439 ὄμβρων
1189 1383 1291 1439 γάρ)
1313 1416 1324 1437 ,
1351 1382 1530 1441 χλιαρὸς
1556 1385 1602 1426 δὲ
1633 1383 1692 1434 ὥς

243 1449 289 1489 ἐκ
319 1447 577 1502 θερμότητος
622 1447 864 1503 ἀρξάμενος.
935 1448 1038 1492 κατὰ
1067 1451 1190 1492 τοῦτο
1219 1451 1292 1492 καί
1315 1446 1453 1506 αὔρας
1484 1451 1560 1492 ουἰι
1589 1450 1690 1492 α’να-

242 1515 439 1563 δίδωσιν,
473 1512 529 1561 ὥς
558 1512 597 1554 οἱ
636 1513 777 1556 λοιποί
812 1513 1019 1567 ποταμοί·
1078 1518 1162 1557 τῶν
1188 1515 1268 1569 γὰρ
1299 1516 1436 1572 νεφῶν
1464 1517 1687 1570 ἐλαυνομέ-
1699 1532 1754 1560 20

242 1594 351 1631 νων,
396 1579 452 1627 ὥς
481 1576 669 1634 εἴρηται,
714 1579 797 1621 ὑπὸ
843 1582 925 1622 τῶν
961 1580 1133 1635 ἐτησίων
1174 1581 1356 1635 α’νέμων,
1385 1582 1411 1636 ἦ
1442 1582 1690 1637 ἐμπεριεχο.

243 1646 347 1700 μένη
386 1644 546 1694 τούτοις
597 1645 720 1698 οἷτμίς
760 1644 840 1687 ὑπὸ
871 1648 948 1688 τοῦ
972 1645 1078 1688 κατὰ
1116 1645 1269 1695 τόπους
1299 1647 1520 1702 πυρώδους
1546 1644 1690 1691 ἅπασα

245 1711 538 1766 ἐξικμάζεται,
566 1712 638 1754 καί
664 1711 816 1754 τούτου
844 1711 974 1769 χάριν
1002 1711 1188 1762 ὃΝεῑλος
1218 1708 1354 1768 αὔρας
1383 1713 1455 1755 οὐκ
1484 1712 1690 1758 α’ναδίδω-

249 1900 387 1931 montes
411 1896 516 1940 longe
541 1895 684 1929 maximi
708 1899 894 1936 testantur,
917 1896 1082 1928 nimirum
1100 1895 1290 1937 Caucasus,
1314 1895 1521 1937 Parnassus,
1545 1895 1689 1939 Pyrene,

251 1944 401 1977 caeteri:
426 1955 507 1976 nam
533 1954 577 1976 ex
605 1944 656 1976 eis
677 1954 795 1976 amnes
821 1942 1025 1987 amplissimi
1047 1949 1266 1988 promanant,
1293 1942 1336 1976 de
1359 1943 1493 1988 magnis
1518 1944 1586 1976 orti
1609 1943 1690 1977 fon.

252 1991 358 2024 tibus.
397 1996 433 2024 et
474 1990 561 2035 quid
589 1990 654 2023 hac
685 1990 729 2023 de
765 2001 802 2023 re
826 1990 998 2034 prolixius
1038 1990 1159 2023 disseri
1184 2002 1271 2035 opus
1298 1989 1375 2023 est?
1398 1990 1510 2023 omnis
1535 1991 1689 2024 munium

251 2038 430 2078 ssuxionis,
458 2038 571 2070 omnis
596 2038 893 2082 reciprocationis,
919 2038 1136 2082 aliarumque
1159 2049 1273 2070 rerum
1297 2038 1335 2070 in
1359 2036 1475 2070 fluviis
1499 2048 1590 2082 quae
1612 2049 1690 2071 mo-

256 2090 310 2117 tus
337 2091 373 2117 et
400 2095 519 2117 causas
553 2084 731 2118 naturales
758 2084 914 2124 hahent,
950 2085 1004 2118 sol
1035 2091 1156 2118 auctor
1188 2090 1260 2126 est,
1295 2095 1315 2116 a
1350 2083 1417 2117 deo
1443 2084 1691 2118 efficacitatem

254 2130 346 2163 hanc
373 2132 594 2175 omnigenam
623 2138 845 2165 consecutus.
870 2132 933 2164 ille
960 2131 1113 2165 naturali
1130 2132 1280 2177 quadam
1303 2131 1337 2164 vi
1361 2131 1603 2176 facultateque
1628 2142 1692 2166 sua

255 2183 293 2210 et
317 2178 441 2210 caloris
467 2177 685 2212 abundantia
709 2179 874 2212 humores
897 2179 983 2212 imos
1006 2189 1221 2212 commovere
1238 2183 1368 2223 potest.
1388 2189 1459 2223 quo
1486 2179 1527 2212 fit
1550 2184 1591 2212 ut
1611 2190 1692 2212 ver-

254 2237 303 2258 no
333 2225 538 2269 aestivoque
571 2231 730 2270 tempore
754 2227 900 2272 propius
919 2225 966 2259 ad
988 2238 1053 2259 nos
1089 2225 1257 2259 accedeus
1285 2237 1426 2258 succum
1449 2226 1486 2258 in
1509 2225 1692 2259 arboribus

256 2283 393 2304 sursum
435 2271 552 2306 trahat
568 2298 578 2314 ,
617 2284 747 2318 easque
784 2273 969 2318 frugiferas
995 2272 1131 2307 reddat.
1155 2273 1229 2306 eius
1254 2278 1308 2306 est
1332 2278 1466 2314 aestas,
1491 2278 1692 2315 autumnus,

254 2318 380 2352 hiems.

349 2365 422 2399 Nili
455 2365 671 2400 incrementa
705 2378 770 2411 per
792 2373 964 2401 aestatem
996 2367 1095 2401 fiunt.
1124 2367 1258 2412 quippe
1283 2371 1358 2400 tum
1384 2365 1499 2399 nubes
1526 2377 1645 2399 omnes
1670 2375 1691 2399 a

196 2434 206 2440 -
256 2413 372 2446 ventis
399 2411 444 2444 ad
476 2413 642 2446 torridam
672 2425 785 2459 usque
811 2427 933 2449 zonam
971 2414 1177 2460 abiguntur,
1205 2413 1267 2446 ubi
1290 2413 1503 2447 vehemente
1528 2413 1690 2457 copiosa-

258 2471 328 2504 que
365 2460 486 2504 pluvia
521 2460 667 2505 delapsa
706 2463 875 2505 turgescit
897 2462 998 2495 Nilus
1013 2487 1023 2504 ,
1060 2472 1126 2495 nec
1150 2472 1186 2494 se
1204 2472 1268 2506 pro
1291 2460 1435 2493 flumine
1460 2459 1583 2493 haberi
1609 2460 1691 2493 vult

258 2507 420 2550 amplius.
453 2518 533 2539 nam
570 2508 661 2552 ripas
697 2519 774 2541 suas
810 2509 1012 2554 egreditur,
1048 2514 1084 2542 et
1106 2508 1303 2553 Aegyptum
1330 2507 1567 2541 exundatione
1589 2507 1691 2552 quasi

258 2554 391 2586 marina
414 2553 565 2598 quadam
598 2555 724 2599 operit.
758 2560 794 2589 et
821 2556 935 2589 dulcis
958 2556 1022 2589 ille
1045 2554 1188 2600 quidem
1212 2560 1287 2596 est,
1324 2561 1492 2600 tanquam
1517 2566 1536 2587 a
1558 2554 1692 2598 pluviis

259 2605 377 2639 ortus,
409 2601 470 2633 sed
494 2601 645 2646 tepidus,
675 2603 728 2635 uti
753 2603 851 2636 cuius
877 2603 920 2635 ab
949 2608 1048 2636 aestu
1074 2602 1121 2635 sit
1143 2602 1366 2647 principium.
1391 2601 1513 2634 eadem
1539 2601 1583 2634 de
1609 2612 1693 2633 cau·-

261 2657 298 2678 sa
328 2646 543 2690 reliquorum
582 2649 735 2681 amnium
770 2661 867 2683 more
891 2650 1008 2684 nullas
1041 2660 1139 2682 auras
1165 2649 1324 2693 praehet.
1350 2660 1432 2682 nam
1455 2660 1533 2681 cum
1556 2647 1691 2689 nubes,

258 2697 300 2724 ut
321 2697 425 2725 antea
451 2693 601 2728 diximus
616 2721 624 2736 ‚
651 2707 670 2728 a
693 2697 808 2730 ventis
834 2696 1075 2731 anniversariis
1102 2695 1308 2740 abigantur,
1333 2707 1441 2742 vapor
1468 2696 1580 2729 omnis
1605 2695 1692 2728 resi-

267 2738 358 2773 duus
383 2738 428 2772 ab
453 2751 572 2774 eorum
599 2742 756 2777 locorum
781 2749 879 2779 aestu
903 2744 1138 2787 consumitur5
1161 2753 1252 2789 quae
1277 2745 1365 2780 ratio
1389 2748 1442 2778 est
1465 2740 1692 2790 quamobrem
