1826 3120
612 159 897 202 ANNAIAUM
936 162 1071 203 PARS
1116 164 1169 203 11.
1498 148 1608 216 243

151 254 275 310 οὗτος
312 259 359 301 δὲ
396 257 420 300 ὅ
462 261 651 314 Καϊνᾶς,
693 258 750 311 ὥς
779 278 885 318 φησι
923 264 963 304 Γ
961 260 1132 319 εώργιος
1145 296 1159 317 ,
1200 264 1497 320 συνεγράψατο
1534 267 1610 323 την

151 325 467 382 ἄστρονομίαν,
512 327 704 383 εὑρηκώς
739 327 814 383 τὴν
856 328 971 383 παρὰ
1020 330 1097 370 τοῦ
1127 328 1222 385 Σήθ
1256 331 1329 373 καί
1364 338 1447 375 τῶν
1475 335 1610 376 αὐτοῦ

151 394 305 436 τέκνων
343 395 590 436 ε’κτεθεῖσαν
632 393 864 448 ὀνομασίαν
903 395 988 436 τῶν
1017 396 1205 451 ἀστέρων
1241 399 1287 451 έν
1316 399 1444 441 πλακί
1469 403 1607 458 λιθίνῃ

148 462 451 516 γεγραμμένην.
511 458 551 502 οἱ
577 459 659 516 γὰρ
695 463 773 503 τοῦ
791 459 890 516 Σήθ
913 459 1073 516 ἔγγονοι
1101 467 1416 519 προμυηθέντες
1443 461 1610 510 ἄνωθεν

112 525 225 581 5τὴν
265 528 505 580 μέλλουσαν
549 529 744 582 γενέσθαι
778 525 952 584 φθοράν
979 530 1063 570 ταῖν
1092 529 1331 585 ἀνθρώπων
1359 532 1431 575 διά
1456 549 1502 576 τε
1528 551 1610 575 πυ-

148 591 222 647 ρὸς
249 595 323 635 κατ’
354 590 507 643 ὕδατος
534 593 610 637 καί
634 591 884 650 ποιήσαντες
907 592 984 636 δύο
1011 594 1181 651 στήλας,
1206 600 1311 650 μιάν
1334 602 1414 652 μὲν
1442 600 1610 656 λιθίνην

145 657 296 712 ἑτέραν
321 662 368 703 δὲ
397 662 636 716 πλινθίνην,
667 658 860 717 ἔγραψαν
886 659 939 703 τὰ
968 662 1014 703 ἐκ
1043 665 1119 704 τοῦ
1146 662 1319 705 πάππου
1346 668 1486 709 αὐτῶν
1513 667 1608 723 Σὴθ

145 727 363 769 ἐκτεθέντα
385 726 566 781 ου’ροὶνια
587 724 736 781 πάντα,
758 731 1026 782 λογισάμενοι
1055 724 1122 769 ὅτι
1153 730 1194 771 εἰ
1217 731 1295 782 μὲν
1316 733 1368 773 δι’
1398 729 1552 784 ὕδατος
1584 733 1608 775 ὅ

145 791 301 847 κόσμος
331 796 494 850 φθαρῇ,
517 790 544 849 ἧ
570 795 711 849 λιθίνη
735 793 866 849 στήλη
904 799 1028 847 μενεῖ
1041 794 1115 837 κατ’
1127 794 1179 838 τὰ
1210 797 1257 839 ἐν
1285 797 1396 855 αὐτῇ
1424 815 1609 855 γεγραμ-

86 876 135 904 xo
146 861 252 913 μένα
279 856 394 918 (ἥτις
416 858 546 916 στήλη
581 857 689 913 μετὰ
721 858 792 902 τὸν
823 860 1122 915 κατακλυσμὸν
1149 863 1211 913 εἷς
1237 862 1284 906 τὸ
1316 867 1485 922 Σίδιρον
1513 862 1608 923 ὅρος

145 924 310 982 ἔμεινε,
339 928 413 969 καί
439 925 553 969 ἔστιν
591 927 672 975 ἕως
701 921 827 984 ἄρτι,
866 924 925 978 ὥς
952 944 1083 985 φησιν
1110 928 1355 988 Ἰώσηπος),
1383 933 1424 975 εἰ
1453 934 1499 976 δὲ
1534 932 1647 976 διαὊ

143 991 279 1050 πυρὸς
304 996 473 1049 γένηται
500 993 526 1049 ἢ
554 993 723 1050 φθορά,
750 1000 871 1047 μενεῖ
897 990 950 1037 ἂν
976 994 1004 1050 ἦ
1033 995 1241 1053 πλινθίνη.

254 1057 460 1116 Ἀνεφοῖνη
494 1061 541 1102 δὲ
568 1061 616 1102 ἐκ
641 1062 714 1116 τῆς
741 1062 819 1102 τοῦ
845 1059 941 1116 Σήμ
985 1063 1123 1118 φυλῆς
1149 1059 1289 1118 ἕτερος
1315 1065 1609 1120 γιγαντογενης

143 1121 329 1180 τοῦνομα
347 1124 524 1183 Κρόνος.
583 1121 707 1177 οὗτος
734 1128 845 1169 πάνυ
871 1127 1092 1182 γενόμενος
1122 1129 1299 1181 δυνατὸς
1328 1134 1401 1174 κατ’
1427 1131 1609 1182 πολλοὺς

82 1191 377 1246 ἰ5ὗποτάξας,
420 1194 587 1248 πρῶτος
622 1195 832 1246 κατέδειξε
877 1193 922 1236 τὸ
961 1194 1205 1249 βασιλεύειν
1242 1199 1317 1240 καί
1353 1201 1437 1241 τῶν
1466 1195 1606 1241 ἄλλων

142 1265 337 1314 κρατεῖν,
370 1262 443 1302 καί
479 1257 738 1312 βασιλεύσας
778 1263 943 1316 πρῶτος
970 1263 1206 1319 Ἀσσυρίων
1234 1262 1309 1319 ἔτη
1336 1265 1394 1313 νς’
1423 1263 1605 1317 ὑπέταξε

142 1327 286 1368 πᾶσαν
325 1325 400 1381 τὴν
437 1328 514 1382 γῆν
544 1328 772 1382 Περσίδος.
827 1327 933 1380 μετὰ
966 1330 1013 1370 δὲ
1042 1328 1213 1384 Κρόνον
1244 1332 1494 1384 ἐβασιἋευσε
1525 1337 1606 1376 Νῖ-

143 1408 215 1443 νος
243 1391 316 1447 ἔτη
342 1390 425 1447 νβ’,
472 1390 519 1443 ὅς
547 1409 594 1448 γε
621 1392 696 1449 τήν
724 1396 881 1436 οἰκείαν
910 1397 1073 1450 μητέρα
1105 1397 1342 1452 Σεμίραμιν
1374 1397 1517 1452 λαβών
1544 1400 1605 1448 εἰς

142 1465 336 1514 γυναῖκα,
371 1457 497 1512 νόμος
525 1461 683 1514 ἐγένετο
700 1462 897 1516 Πέρσαις
927 1462 1158 1515 λαμβάνειν
1182 1463 1259 1513 τοὶς
1285 1460 1447 1507 ἑαυτῶν
1472 1469 1604 1521 μητέ-

77 1542 130 1570 20
144 1542 222 1581 ρας
253 1525 329 1568 καί
370 1527 577 1583 α’δελφάς.
650 1529 695 1578 ἐξ
723 1522 775 1569 οὗ
805 1528 951 1581 γένους
981 1529 1142 1582 ἐγένετο
1172 1530 1248 1571 καί
1271 1528 1553 1590 Ζωρόαστρος
1583 1532 1606 1574 ὃ

142 1591 392 1649 περιβόητος
419 1595 607 1650 Περσῶν
636 1590 914 1650 ἀστρονόμος,
957 1592 1004 1644 ὃς
1031 1591 1121 1638 εἶπε
1146 1602 1233 1646 τοῖς
1258 1600 1473 1654 Πέρσαις,
1501 1598 1662 1653 »ξάνθ’

245 1723 296 1745 ιο.
325 1709 474 1758 σίριὸος
501 1711 539 1744 F.
668 1711 720 1747 13.
747 1711 811 1755 τῆς
837 1710 975 1748 deerat.

142 1825 288 1854 auctore
325 1820 481 1865 Georgio
519 1818 622 1853 libris
652 1820 907 1853 astronomiam
939 1821 1148 1866 complexus
1175 1827 1249 1863 est,
1274 1833 1354 1855 cum
1383 1823 1602 1868 appellatio-

140 1878 205 1901 nes
229 1867 388 1901 siderum
411 1879 431 1901 a
465 1867 577 1901 Setho
603 1866 755 1912 eiusque
793 1868 949 1912 posteris
976 1868 1154 1902 indicatas
1179 1875 1216 1902 et
1240 1869 1387 1914 lapidea
1413 1871 1451 1903 in
1474 1871 1601 1904 tabula

138 1916 355 1961 perscriptas
378 1916 582 1961 reperisset.
605 1926 688 1948 nam
720 1925 799 1947 cum
823 1915 849 1947 ii
874 1916 990 1948 multo
1007 1921 1091 1949 ante
1116 1916 1272 1949 fuissent
1290 1916 1413 1950 edocti
1440 1918 1601 1952 futurum

139 1969 180 1997 ut
203 1962 370 1997 homines
404 1969 477 1997 tam
515 1973 580 2008 per
617 1963 736 2007 ignem
768 1973 876 2007 quam
902 1973 1032 2008 aquam
1060 1963 1275 2006 interirent,
1301 1964 1430 1998 erectis
1457 1965 1599 2000 duabus

138 2010 338 2053 columnis,
371 2023 525 2057 quarum
562 2021 634 2043 una
658 2009 803 2055 lapidea
828 2009 924 2043 foret
959 2010 1074 2044 altera
1098 2011 1282 2052 latericia,
1307 2011 1517 2046 coelestium
1542 2026 1600 2047 re-

139 2070 218 2092 rum
255 2058 517 2104 descriptiones
549 2056 594 2090 ab
630 2069 696 2090 avo
723 2058 904 2102 expositas
940 2057 982 2090 iis
1008 2058 1096 2103 ipsis
1121 2059 1409 2103 insculpserant,
1434 2072 1514 2094 cum
1541 2073 1599 2095 se-

137 2117 219 2139 cum
243 2107 401 2140 rationes
430 2106 493 2140 has
519 2105 720 2146 inivissent‚
743 2104 924 2150 siquidem
949 2106 1158 2140 usuveniret
1184 2111 1224 2139 ut
1249 2117 1314 2151 per
1338 2118 1468 2152 aquam
1493 2120 1598 2143 mun-

138 2153 206 2187 dus
238 2154 426 2196 interiret,
460 2153 640 2199 lapideam
676 2153 879 2185 columnam
905 2163 984 2185 cum
1010 2153 1191 2198 inscriptis
1216 2154 1348 2187 litteris
1388 2156 1598 2200 superfutu-

137 2212 234 2243 ram,
260 2213 354 2248 quae
395 2213 480 2235 sane
516 2206 600 2246 post
631 2201 810 2234 diluvium
846 2200 884 2233 in
920 2205 1043 2233 monte
1069 2200 1189 2234 Sidiro
1229 2201 1327 2234 salva
1365 2209 1507 2247 reperta
1543 2210 1601 2237 est

135 2247 321 2295 hodieque
347 2255 457 2283 restat
474 2248 628 2294 Iosepho
657 2254 774 2291 teste3
804 2248 859 2281 sin
876 2247 1078 2292 perignem
1102 2247 1258 2282 mundus
1286 2257 1596 2296 corrumperetur,

135 2298 283 2331 omnino
306 2303 554 2343 superaturam
579 2296 780 2329 columnam
803 2295 1014 2328 latericiam.

228 2344 416 2379 Caeterum
443 2356 486 2377 ex
511 2345 624 2390 stirpe
650 2343 747 2377 Semi
783 2342 933 2389 quidam
957 2342 1119 2384 exstitit,
1153 2342 1348 2388 Gigantum
1374 2344 1515 2390 origine
1539 2357 1597 2379 sa-

128 2395 218 2432 tus,
244 2393 304 2425 cui
334 2403 467 2425 nomen
506 2398 601 2426 esset
627 2391 775 2425 Cronus.
809 2390 868 2423 hic
901 2402 979 2423 cum
1004 2401 1166 2435 magnam
1200 2391 1247 2424 ad
1275 2392 1474 2436 potentiam
1501 2400 1597 2426 esset

137 2445 279 2473 evectus
303 2440 528 2485 imperioque
553 2451 617 2472 suo
643 2439 777 2472 multos
803 2438 972 2471 mortales
999 2437 1231 2479 subiecisset,
1256 2439 1392 2483 primus
1420 2440 1595 2484 regnandi

134 2485 282 2520 modum
308 2493 346 2521 et
373 2487 464 2520 alios
499 2486 565 2520 sub
603 2488 727 2531 iugum
751 2485 921 2520 mittendi
957 2484 1126 2520 ostendit.
1153 2497 1309 2531 cumque
1333 2487 1501 2532 princeps
1527 2488 1594 2521 As-

136 2533 311 2579 syriorum
346 2546 455 2580 regno
490 2540 589 2568 totos
624 2535 670 2568 56
697 2544 808 2567 annos
850 2533 1052 2578 potiretur,
1077 2534 1280 2566 universam
1310 2533 1382 2566 sibi
1410 2533 1593 2568 Persidem

137 2580 236 2614 dicto
260 2581 467 2616 audientem
500 2581 669 2615 reddidit.
691 2587 774 2626 post
787 2581 943 2614 Cronum
970 2581 1012 2613 52
1039 2592 1152 2614 annos
1180 2581 1294 2614 Ninus
1320 2581 1502 2625 regnavit,
1526 2583 1592 2627 qui

137 2639 217 2661 cum
241 2635 388 2663 matrem
425 2641 627 2674 germanam
661 2628 931 2663 Semiramidem
955 2629 1187 2662 matrimonio
1212 2628 1283 2662 sibi
1314 2628 1506 2670 iunxisset,
1532 2630 1591 2664 lex

137 2675 233 2720 apud
259 2677 382 2711 Persas
408 2677 580 2718 inolevit,
615 2688 688 2722 qua
713 2676 767 2710 fas
795 2682 892 2709 esset
916 2681 1045 2708 matres
1073 2688 1112 2710 ac
1133 2687 1273 2709 sorores
1302 2676 1338 2708 in
1366 2687 1495 2709 uxores
1522 2676 1591 2710 du-

137 2734 230 2757 cere.
267 2724 401 2769 prodiit
433 2733 479 2758 ex*
504 2724 571 2757 hac
596 2724 733 2757 familia
771 2728 809 2756 et
840 2724 1043 2764 Zoroaster‚
1077 2723 1226 2767 insignis
1267 2734 1307 2755 ac
1334 2722 1590 2757 celeberrimus

136 2769 202 2804 ille
227 2771 414 2807 Persarum
441 2778 689 2817 astronomus;
726 2772 792 2818 qui
815 2770 929 2805 Persis
955 2771 1142 2817 praecepit
1169 2776 1209 2805 ut
1233 2771 1261 2804 si
1287 2770 1331 2804 ab
1359 2771 1441 2816 igne
1468 2770 1590 2806 coele-
