1826 3120
551 165 834 210 ANNAIAUM
866 165 1002 209 PARS
1034 164 1106 208 iv.
1427 147 1543 223 547>

94 263 226 310 αιῗτοῢ
252 266 452 322 α’νδρείαν
475 266 535 326 τῷ
562 266 747 324 Μιχαὴλ
784 268 1053 325 γνωρίζεται,
1097 263 1179 310 τῶν
1206 260 1344 309 ἵππιον
1371 281 1543 324 φροντι-

93 332 195 388 στὴς
229 335 506 386 καθίσταται,
558 332 663 387 μετὰ
709 336 840 377 ταῦτα
897 334 1148 389 παράκοπος
1191 332 1265 375 καί
1303 336 1542 376 τελευταῖον

94 399 263 456 κράτωρ
293 398 596 455 ἀναγορεύεται
605 431 619 454 ,
662 402 740 443 τοῦ
766 401 873 442 θεοῦ
897 398 949 442 τοὶ
979 402 1153 442 τοιαῦτα
1182 400 1258 441 καί
1275 398 1357 454 πρὸ
1387 400 1544 442 πολλοῦ

94 465 261 515 πάντως
291 465 563 516 δεικνύοντος.
621 462 704 521 ὅρα
734 465 816 523 γὰρ
846 462 913 508 ὅτι
941 468 1131 509 ualuere
1159 465 1264 519 μετὰ
1292 468 1370 508 τοῦ
1396 466 1546 522 κυρίου

57 533 228 580 ἕαῦτοῦ
254 534 333 574 τοῦ
357 533 609 588 Θεοφιλίτζη
635 530 681 574 ἕν
706 547 788 574 τινι
817 530 932 590 τόπῳ
959 533 1149 587 α’πῆλθεν
1177 531 1281 574 ἔνθα
1314 532 1593 587 διορατικόςῠ

93 614 157 647 τις
183 598 385 653 ἐτύγχανε
411 598 608 652 μοναχός,
637 596 684 648 ὃς
709 599 781 640 τὸν
808 600 886 652 μὲν
913 598 1191 655 Θεοφιλίτζην
1231 598 1447 654 παρεώρα,
1476 598 1549 641 τὸν

95 666 143 706 δὲ
158 666 386 706 Βασίλειον
418 663 489 706 διὰ
520 667 643 719 τιμῆς
669 666 852 707 ἐποιεῖτο
872 666 1037 719 πολλῆς,
1067 667 1141 706 καί
1174 663 1251 719 τήν
1279 666 1418 707 αἰτίαν
1444 667 1548 720 ε’ρω-
1560 672 1682 708 V.228

94 731 239 785 τηθείς
267 727 350 772 ὑπό
381 744 490 780 τινος
518 729 634 785 ἔλεγε
661 732 840 785 βασιλέα
876 732 983 773 ἰδεῖν
1011 727 1145 773 αὐτὸν
1173 727 1387 786 ἄντικρυς.
1424 729 1550 787 ’κρα-·

96 802 164 838 τεῖ
189 791 291 849 οὖν,
335 795 395 846 ὥς
420 794 609 852 εἴρηται,
650 795 757 850 μετὰ
798 795 872 839 τὸν
900 795 1084 852 Μιχαὴλ
1127 795 1149 837 ὅ
1178 796 1420 847 Βασίλειος.
1479 797 1554 840 καὶ

37 874 86 903 ιο
98 865 170 918 τῆς
195 863 414 918 ἐκκλησίας
443 863 607 912 εὐθέως
630 861 699 905 τὸν
728 862 893 906 Φώτιον
920 865 1083 917 ἐξωθεῖ,
1113 865 1188 906 καί
1215 862 1341 906 πάλιν
1369 866 1551 922 Ἰγνατίῳ

97 929 170 972 τὸν
193 929 351 985 θρόνον
379 925 653 971 ἀποδίδωσιν.
712 925 820 971 ἀλλὰ
854 927 927 970 καὶ
964 928 1042 985 τήν
1067 931 1293 985 γερουσίαν
1321 933 1552 985 τηνικαῦτα

98 994 486 1049 μετακαλεσάμενος
522 995 619 1045 τούς
659 993 905 1049 βασιλικοὺς
943 994 1162 1050 ὑπανοίγει
1195 994 1469 1051 θησαυρούς,
1496 995 1555 1046 ὥς

99 1076 230 1118 φησιν
269 1058 292 1102 ὅ
325 1061 584 1117 Σκυλίτζης·
660 1061 733 1104 καί
770 1060 854 1104 οἶπό
886 1077 932 1115 γε
974 1064 1060 1104 τῶν
1087 1062 1298 1105 τοσούτων
1321 1063 1555 1118 χρημάτων

100 1128 224 1171 οὐδὲν
251 1123 352 1170 ἄλλο
383 1125 562 1183 εὕρηται
586 1125 615 1182 ἦ
632 1129 802 1184 χρυσοῦ
821 1126 1070 1183 κεντηνάρια
1093 1130 1202 1183 τρία.
1231 1131 1316 1170 ποῦ
1345 1131 1392 1171 δὲ
1419 1131 1558 1172 ταῦτα

38 1194 427 1250 15κενοτομηθῆναι
457 1193 624 1250 ἔφθασε
658 1191 814 1248 μαθών
843 1195 1072 1243 Βασίλειος
1099 1195 1314 1248 οἰκονομεῖ
1331 1194 1403 1237 καί
1428 1196 1557 1238 πάλιν
1570 1213 1605 1246 p,
1620 1212 1689 1256 ²95

98 1259 204 1317 πρὸς
231 1260 306 1304 τὸν
335 1259 538 1317 δημόσιον
566 1261 913 1316 α’ντιστραφῆναι.
981 1258 1032 1302 τὰ
1062 1260 1191 1316 ἡμίση
1222 1259 1364 1302 λοιπὸν
1391 1261 1471 1317 ἀφ’
1497 1256 1558 1303 ὧν

97 1326 249 1381 ἔλαβεν
272 1325 357 1369 cim}
403 1329 479 1369 τοῦ
513 1325 699 1382 ΙΙῙιχαὴλ
737 1327 910 1376 ἕκαστος
954 1325 1269 1384 ἀφαιρούμενος
1310 1326 1555 1383 ἐπισυνάγει

98 1395 264 1451 χρυσοῦ
291 1395 542 1448 κεντηνάρια
572 1392 622 1435 τ’.

215 1462 424 1503 Τοσοῦτον
454 1461 502 1502 δὲ
549 1461 688 1509 καλῶς
717 1458 740 1500 ὅ
778 1460 1004 1508 Βασίλειος
1031 1454 1140 1515 ἦρχε
1169 1461 1242 1501 καί
1265 1461 1466 1501 τοσοῦτον
1493 1461 1556 1500 δι-

34 1545 87 1571 20
100 1526 319 1576 καιότατος
364 1521 440 1582 ἦν,
487 1526 544 1575 ὥς
572 1525 646 1568 καί
686 1525 889 1575 δικαστὰς
933 1527 1056 1574 τάξαι
1107 1527 1181 1567 καί
1218 1523 1294 1574 τοὶς
1332 1525 1557 1574 ὑποθέσεις

100 1599 235 1637 ποιεῖν
261 1591 306 1636 ἔν
333 1607 379 1634 τε
427 1594 478 1650 τῇ
507 1591 750 1651 Μανναύρᾳ
788 1595 1058 1647 καθημένους
1093 1594 1170 1636 καί·
1205 1594 1264 1648 τῷ
1290 1589 1554 1649 ἱπποδρόμῳ.

201 1713 251 1747 15.
282 1711 636 1758 καινοτομηθῆναιῗ

102 1814 210 1848 :mimi
235 1814 485 1848 fortitudinem
522 1815 559 1847 in
585 1814 755 1847 Michaeli
784 1813 949 1847 notitiam
991 1811 1173 1859 pervenit:
1198 1812 1354 1858 primum
1381 1822 1560 1859 equorum·

104 1863 138 1895 ei
162 1873 245 1895 cura
263 1862 507 1902 committitur,
534 1861 665 1894 deinde
690 1862 731 1894 fit
755 1861 1009 1902 cubicularius,
1034 1861 1179 1894 tandem
1202 1862 1400 1905 imperator
1422 1872 1556 1894 renun-

102 1911 233 1950 tiatur,
270 1920 350 1942 cum
384 1908 531 1954 quidem
560 1908 767 1941 huiusmodi
792 1914 919 1941 eventa
947 1907 1036 1941 deus
1061 1911 1174 1947 multo
1201 1913 1284 1941 ante
1310 1908 1555 1952 significasset.

101 1967 184 1991 nam
211 1956 316 1999 vide,
343 1956 513 1997 obsecro,
540 1955 627 2000 quid
651 1955 847 2001 aliquando
880 1956 946 2001 ipsi
972 1955 1154 1989 acciderit.
1182 1956 1275 1988 torte
1300 1966 1379 1987 cum
1406 1954 1492 1988 hero
1518 1955 1556 1989 id

101 2004 273 2050 temporis
317 2015 380 2036 suo
406 2003 662 2048 Theophilitze
705 2002 884 2047 quendam
922 2002 967 2035 ad
992 2002 1109 2035 locum
1143 2002 1325 2048 profectus
1354 2002 1482 2035 fuerat.
1511 2014 1555 2035 eo

102 2052 141 2085 in
184 2051 262 2084 loco
292 2051 473 2085 solitariae
511 2051 605 2084 vitae
631 2055 786 2083 sectator
808 2049 982 2094 degebat,
1027 2049 1135 2082 homo
1164 2050 1287 2083 sutum
1312 2049 1556 2094 prospiciendi

103 2098 274 2132 facultate
296 2097 493 2144 praeditus.
523 2097 731 2141 negligebat
766 2097 829 2130 ille
857 2095 1169 2142 Theophilitzem‚
1195 2108 1273 2130 cum
1294 2107 1461 2141 magnum
1487 2097 1557 2130 ho-

103 2157 226 2179 norem
250 2146 384 2179 Basilio
426 2144 595 2178 deferret.
624 2144 807 2190 quaesitus
831 2143 877 2177 ab
908 2144 1031 2189 aliquo
1058 2155 1121 2176 cur
1144 2145 1181 2177 id
1205 2144 1370 2185 fecisset,
1397 2144 1555 2189 impera—

103 2199 218 2226 torem
245 2193 282 2226 in
319 2203 362 2226 eo
390 2203 428 2226 se
461 2192 579 2238 palam
608 2192 837 2236 conspexisse
871 2190 1070 2236 respondit.
1093 2190 1160 2224 hac
1185 2191 1294 2235 igitur
1317 2192 1456 2224 ratione
1487 2193 1553 2224 Ba-

105 2241 204 2274 silius
239 2240 413 2286 imperiO,
453 2251 518 2273 ceu
559 2239 736 2279 diximus,
768 2244 850 2284 post
878 2238 1098 2271 Michaelum
1134 2239 1272 2284 potitus
1299 2244 1375 2280 est;
1398 2250 1552 2283 moxque

105 2287 274 2321 Photium
302 2298 345 2320 ex
371 2287 520 2320 ecclesia
544 2287 689 2332 pepulit
712 2297 751 2318 nc
767 2286 897 2318 solium
923 2286 1061 2330 Ignatio
1079 2286 1250 2322 restituit.
1275 2291 1461 2330 praeterea
1486 2286 1552 2318 sub

104 2335 245 2368 initium
272 2334 415 2380 imperii
439 2334 603 2379 patribus
627 2333 838 2379 conscriptis
864 2332 910 2365 ad
937 2344 974 2366 se
996 2333 1119 2366 venire
1144 2333 1249 2366 iussis
1274 2331 1460 2366 thesauros
1485 2332 1552 2365 im-

103 2382 302 2427 peratorios
330 2382 492 2427 aperuit,
517 2387 558 2414 ut
584 2381 755 2424 Scylitzes
797 2385 1069 2420 commemorat,
1094 2379 1213 2426 deque
1235 2381 1398 2425 pecuniis
1425 2381 1554 2413 aerarii.

104 2429 286 2469 maximis,
325 2434 467 2474 praeter
509 2429 587 2461 auri
626 2434 697 2461 tres
726 2427 974 2468 centenarios,
1008 2427 1101 2460 nihil
1138 2428 1284 2461 omniuo
1309 2427 1452 2472 reperit.
1478 2438 1551 2471 quo

105 2481 223 2509 autem
246 2476 333 2509 illae
364 2475 480 2509 modis
519 2487 562 2507 ac
600 2474 800 2508 rationibus
837 2475 939 2507 novis
972 2475 1222 2520 inusitatisque
1260 2475 1356 2519 prius
1384 2473 1552 2506 devenis-

106 2528 208 2564 sent,
232 2522 297 2556 ubi
328 2523 460 2556 certior
492 2522 604 2555 factus
630 2522 719 2562 fuit,
743 2521 839 2566 apud
869 2526 1030 2554 senatum
1054 2521 1216 2555 obtinuit
1242 2527 1279 2567 ut
1302 2521 1484 2566 publicum
1513 2522 1551 2554 in

106 2570 280 2603 aerarium
309 2571 537 2604 referrentur.
555 2570 631 2614 ipse
650 2575 769 2602 tamen
789 2570 910 2602 mitius
939 2579 1056 2613 agens,
1077 2575 1114 2602 et
1137 2569 1292 2602 cuilibet
1316 2568 1462 2600 illorum
1486 2569 1550 2612 qui

107 2616 245 2662 aliquid
269 2627 289 2649 a
313 2617 493 2651 Michaelo
521 2622 756 2660 acceperant,
789 2621 928 2661 partein
945 2615 1130 2650 dimidiam
1159 2616 1325 2649 auferens
1341 2641 1350 2655 ,
1377 2615 1455 2648 auri
1479 2615 1549 2648 300

108 2664 253 2697 omnino
278 2665 501 2697 centenarios
525 2664 687 2697 confecit.

202 2710 290 2743 Tam
326 2712 508 2756 praeclare
536 2722 619 2743 vero
658 2709 808 2743 Basilius
852 2710 1039 2754 imperium
1078 2708 1369 2750 administrabat,
1401 2715 1548 2754 tamque

109 2757 297 2793 observans
325 2765 399 2792 erat
422 2759 604 2800 iustitiae,
630 2763 670 2792 ut
694 2758 847 2803 ipsemet
869 2755 1006 2792 iudices
1036 2757 1235 2798 ordinaret,
1262 2767 1396 2801 eosque
1425 2768 1547 2790 causas
