1826 3120
225 120 340 177 366
677 138 970 181 MicuAEms
1010 138 1228 181 GLYCAE

224 256 322 292 ται,
350 235 409 293 μή
441 253 513 291 μοι
541 239 725 289 καθέζου
755 240 966 280 δεσποτῶν
1013 235 1196 286 ἀπάταις
1222 237 1540 294 προσκεχηναῖς,
1569 241 1681 296 μηδὲ

185 308 345 362 Ογίνου
386 307 644 357 διαβολικαῖς
672 302 840 352 ἔκδοτος
876 304 1128 359 ἐνεργείαις,
1165 302 1210 354 ὃς
1234 302 1409 348 ἐπειδάν
1431 305 1544 358 ἅπαξ
1570 306 1689 364 λάβῃ

225 372 372 426 ψυχήν
399 369 607 424 εὐάγωγον
635 371 696 419 εις
726 366 949 421 ἀπώλειαν,
980 367 1117 412 πάντα
1138 368 1293 425 τρόπον
1322 371 1431 428 αυτῇ
1457 371 1679 429 καταχρώ-

225 454 348 492 μενος
388 437 463 478 οὐκ
502 437 684 491 ἀνι’.ησιν
760 432 867 478 ἀλλά
900 453 970 478 και
1015 435 1236 491 κράζοντες
1266 438 1443 492 κόρακες
1470 440 1556 482 καί
1568 438 1685 483 ἀετοὶ

225 504 422 552 ἀλύοντες
451 503 507 543 δι’
539 504 720 555 ἀπορίαν
747 500 888 558 θήρας
916 501 994 557 τήν
1023 505 1313 556 ὃεισιὸαᾴιονα
1342 505 1526 560 καρδίαν
1547 502 1720 563 atqu-5

225 586 362 612 σουσι.
437 586 507 610 και
535 567 716 625 τοσαύτη
762 570 836 611 τοῦ
878 570 1039 623 ἐχθροῦ
1089 571 1149 619 εἰς
1176 568 1246 611 τὸν
1276 565 1507 626 ανθρωπον
1533 568 1686 626 osteum

229 634 338 677 ὥστε
366 634 440 677 καί
470 637 580 690 γαλῆ
608 641 908 692 παραφανεῖσα
936 652 1004 677 και
1046 636 1157 677 κύων
1187 635 1398 690 διακόψας
1425 653 1494 679 και
1521 633 1695 694 ant-990⁹·

230 718 307 750 πος
335 703 554 757 ἐπιφανής
583 703 717 743 ε’ωθεν
745 701 843 751 τοὺς
880 700 1211 756 ἐντυγχάνοντας
1240 701 1369 758 πάντη
1398 706 1591 746 ποιοῦσιν
1620 704 1692 745 5³0·-

231 768 501 822 πλήττεσθαι.
577 767 621 809 τί
646 764 919 822 ἐλεεινότερον
947 770 1025 809 τοῦ
1051 766 1243 810 τοιούτου
1266 769 1361 822 βίον
1376 801 1389 822 ,
1418 767 1554 811 πάντα
1581 768 1695 811 tinem

232 831 424 886 πτεύειν,
471 830 553 873 ὑπὸ
593 830 762 874 πάντων
806 833 1136 887 ἐμποδίζεσθαι,
1177 835 1273 876 δέον
1316 832 1587 889 πανταχόθεν
1614 831 1757 890 τὴνιᾱ

184 914 216 948 1)
235 898 381 955 ψυχὴν
419 900 554 941 αὐτοῦ
596 897 703 952 πρὸς
731 897 807 941 τόν
841 898 942 942 θεὸν
979 901 1226 954 ἑπανάγεινς
1258 896 1360 942 ὅταν
1389 899 1482 958 ἴδῃς
1510 895 1695 956 ὄρνιθας.

236 967 560 1019 ὁιαπετομὲνους
587 963 661 1007 τὸν
687 966 816 1021 ἀέρα,
846 965 906 1020 μὴ
929 964 982 1007 τοὶ
1010 965 1211 1021 σχήματα
1238 968 1322 1008 τῶν
1349 968 1542 1021 πτήσεων
1570 981 1693 1023 περι·

234 1034 438 1087 εργάζου,
468 1029 576 1073 α’λλά
605 1034 741 1073 ταῦτα
769 1030 1008 1074 καταλιπών
1025 1034 1102 1074 τοῦ
1129 1034 1389 1088 δημιουργοῦ
1414 1031 1490 1088 τήν
1517 1035 1582 1076 ἐπ’
1611 1028 1691 1075 αὖ·

233 1105 320 1149 τοῖς
348 1100 503 1154 σοφιάν
534 1098 607 1139 καί
636 1094 915 1153 διακόσμησιν
961 1096 1159 1151 θαύμαζε
1177 1131 1189 1152 ,
1219 1102 1308 1148 πῶς
1335 1096 1466 1153 βάρος
1492 1102 1692 1142 τοσοῦτον

235 1167 290 1207 δι’
320 1164 443 1218 ἀέρος
474 1166 675 1219 φέρεται,
704 1166 793 1212 πῶς
821 1163 847 1218 ἦ
877 1161 1017 1219 ἁπαλὴ
1047 1167 1122 1206 τοῦ
1145 1165 1269 1220 ἀέρος
1299 1163 1430 1221 φυ’σις
1458 1159 1603 1220 ὄχημα
1625 1165 1694 1220 yl-
1707 1166 1757 1208 1‘5

233 1248 347 1274 νεται
376 1232 435 1286 τῷ
471 1231 632 1287 πτερῷ,
677 1230 766 1278 πῶς
789 1230 842 1286 τῇ
875 1231 953 1282 μὲν
982 1228 1146 1272 ἐκτάσει
1172 1232 1254 1272 τῶν
1281 1233 1442 1286 πτερῶν
1469 1229 1692 1286 &immigrar-

234 1315 305 1340 ται
333 1298 392 1354 τῷ
437 1296 555 1350 ἀέρι,
595 1298 650 1352 τῇ
691 1297 737 1336 δὲ
776 1297 880 1353 οὐρᾷ
909 1292 996 1339 οἷον
1034 1296 1223 1355 πηδαλίῳ
1249 1294 1323 1352 τήν
1351 1299 1502 1352 πτῆσιν
1528 1292 1692 1340 ἑαυτῶν

235 1359 542 1404 ἀπευθύνουσι,
576 1360 651 1402 καί
675 1359 846 1416 τοιαύτη
874 1363 953 1414 μὲν
983 1361 1008 1416 ἦ
1037 1362 1168 1418 σοφία
1198 1365 1274 1404 τοῦ
1301 1364 1434 1404 θεοῦ·
1493 1361 1515 1404 ὅ
1544 1364 1593 1406 δὲ
1617 1373 1693 1416 μὴ

234 1426 453 1482 κρόψυχος
490 1426 564 1468 καὶ
604 1425 779 1468 ταπεινά
811 1428 979 1483 φρονῶν
1007 1426 1084 1476 τὰς
1112 1431 1193 1469 τῶν
1238 1425 1401 1482 ἀλόγων
1427 1426 1610 1483 κινήσεις
1634 1428 1697 1486 τῷ·

235 1497 330 1553 ἰδίῳ
350 1494 490 1551 σκοπῷ
511 1490 794 1548 συναρμόζειν
809 1495 1024 1549 ἐπιχειρεῖ,
1044 1495 1116 1535 καί
1132 1492 1373 1536 καταλιπών
1389 1493 1462 1536 τὸν
1482 1493 1580 1536 θεὸν
1600 1496 1693 1536 δαί·
1705 1509 1758 1536 ao

235 1576 361 1614 μοσιν
376 1559 616 1613 ἐπιβούλοις
635 1560 863 1602 ἐκδέδωκεν
879 1557 1040 1602 ἑαυτόν.
1066 1562 1139 1609 καί
1153 1562 1252 1616 περὶ
1268 1562 1347 1615 μὲν
1366 1561 1526 1604 τούτων
1545 1557 1692 1611 οὕτωςι

339 1672 366 1693 ι.
396 1658 597 1707 δεσμωτῶν
614 1660 630 1694 ἰ’

237 1764 320 1787 aves
346 1752 520 1785 malorum
559 1751 775 1784 efficacitate
814 1750 1045 1785 fraudulenta
1091 1753 1275 1796 geniorum
1311 1752 1397 1787 hinc
1433 1753 1521 1787 inde
1544 1754 1692 1797 volant,

236 1801 313 1833 noli
340 1800 468 1832 horum
494 1799 740 1839 dominorum,
779 1809 799 1831 a
821 1799 952 1844 quibus
976 1799 1177 1844 agitantur,
1204 1800 1390 1834 fraudibus
1419 1801 1592 1835 inhiando
1625 1801 1692 1835 de-

237 1848 379 1888 sidere,
403 1858 470 1879 nec
498 1852 534 1879 te
559 1846 751 1878 diabolicis
777 1846 983 1890 imposturis
1010 1849 1090 1892 capi
1115 1847 1258 1892 patitor.
1276 1849 1414 1893 quippe
1432 1848 1597 1882 diabolus
1625 1848 1691 1882 ubi

237 1895 349 1928 semel
373 1900 500 1927 nactus
528 1899 582 1927 est
607 1893 766 1926 animuin
791 1894 988 1937 proclivem
1014 1894 1059 1926 ad
1085 1895 1268 1939 proprium
1296 1895 1499 1938 interitum,
1523 1895 1691 1930 omnibus

237 1953 281 1975 eo
319 1941 438 1974 modis
467 1941 570 1974 abuti
604 1951 678 1973 non
719 1940 865 1976 desinit.
905 1940 1065 1974 videmus
1102 1948 1223 1975 autem
1257 1943 1471 1976 crocitantes
1504 1952 1628 1976 corvos
1654 1947 1692 1976 et

209 2010 211 2017 .
237 1990 377 2034 aquilas
405 1994 554 2033 propter
587 1987 747 2031 inopiam
775 1987 845 2020 cibi
878 1988 1085 2021 oberrantes
1122 1989 1220 2022 cordi
1247 1990 1497 2034 superstitioso
1522 1998 1692 2035 pavorem

238 2037 412 2068 incutere.
441 2041 615 2079 tantaque
641 2034 730 2067 adeo
760 2034 873 2067 nostri
898 2034 1010 2068 hostis
1039 2036 1138 2068 illius
1167 2042 1221 2069 est
1246 2036 1284 2068 in
1311 2036 1491 2070 hominem
1519 2037 1692 2081 petulan-

238 2084 308 2124 tia,
337 2088 378 2115 ut
402 2081 571 2114 alicunde
599 2092 637 2114 se
665 2084 817 2114 offerens
834 2082 988 2115 mustela
1016 2083 1074 2116 vel
1099 2089 1332 2128 prospectans
1358 2084 1454 2117 canis
1476 2084 1535 2118 vel
1561 2083 1605 2116 ab
1634 2095 1693 2117 or-

240 2136 280 2163 tu
306 2129 373 2161 adx
367 2135 503 2161 entaus
529 2128 637 2160 homo
662 2140 740 2173 ιιιει·δ
732 2140 826 2161 nam
853 2129 892 2161 in
917 2130 967 2162 eis
995 2129 1223 2163 formidinem
1248 2131 1407 2165 excitent.
1431 2132 1473 2164 in
1483 2139 1574 2176 qnos
1599 2131 1694 2164 forte

240 2176 457 2209 inciderunt.
485 2175 573 2220 quid
602 2176 778 2210 eiusmodi
796 2176 869 2209 vita
896 2177 1138 2210 miserabilius
1171 2188 1248 2210 esse
1265 2179 1388 2222 possit,
1417 2178 1454 2210 in
1478 2186 1549 2223 qua
1574 2178 1694 2211 omnia

242 2229 408 2270 suspecta
433 2224 507 2256 sint
535 2228 571 2255 et
587 2224 732 2267 negotia
759 2223 907 2268 quaevis
932 2223 976 2256 ab
994 2223 1160 2257 omnibus
1184 2225 1454 2269 impediantur?
1480 2225 1600 2270 potius
1625 2236 1695 2258 un-

243 2271 425 2315 d1q1nque
453 2275 575 2302 noster
601 2271 738 2303 animus
764 2269 811 2302 ad
833 2270 940 2303 deum
955 2270 1174 2305 revocandus
1202 2278 1266 2304 est
1293 2283 1373 2305 cum
1397 2282 1478 2305 aves
1504 2274 1586 2304 aera
1611 2283 1696 2318 per-

240 2319 405 2350 volantes
435 2316 607 2357 intueris,
646 2318 724 2350 noli
749 2318 896 2372 figuram
932 2319 1072 2351 volatus
1098 2319 1238 2352 curiose
1266 2318 1498 2364 perscrutari,
1527 2318 1592 2351 sed
1620 2319 1694 2353 illis

243 2365 350 2398 rebus
375 2363 514 2396 omissis
541 2363 756 2398 declaratam
784 2366 823 2397 in
849 2365 899 2397 eis
928 2366 1140 2410 sapientiam
1169 2367 1340 2400 creatoris
1367 2372 1403 2400 et
1427 2365 1695 2400 ordinationem

241 2412 442 2451 ⁸nimir-are,
469 2410 532 2455 qui
558 2411 697 2444 scilicet
720 2413 783 2444 fiat
822 2417 864 2445 ut
887 2416 1027 2445 tantum
1053 2412 1194 2457 pondus
1221 2425 1304 2446 acre
1329 2419 1505 2458 permeet,
1534 2423 1606 2459 quo
1628 2423 1698 2459 pa·

242 2465 300 2492 cto
330 2465 455 2492 tenera
478 2459 588 2490 istaec
615 2460 706 2491 acris
731 2464 860 2491 natura
878 2459 1063 2492 volucrum
1081 2460 1145 2492 alis
1171 2471 1234 2505 pro
1261 2459 1426 2494 vehiculo
1445 2461 1513 2501 sit,
1541 2460 1604 2505 qui
1630 2469 1697 2505 per
1716 2469 1728 2478 ·

242 2507 378 2538 alarum
403 2505 649 2538 extensionem
690 2506 727 2537 in
752 2509 835 2539 aere
859 2512 987 2539 natent
1017 2518 1057 2539 ac
1082 2512 1183 2539 motu
1212 2507 1347 2540 caudae
1373 2518 1437 2540 ceu
1461 2507 1551 2540 clavi
1575 2507 1697 2540 cuius‘-

243 2553 326 2585 dam
352 2552 511 2585 volatum
536 2563 639 2584 suum
663 2551 827 2596 dirigant.
853 2553 891 2585 in
912 2552 968 2586 his
994 2554 1089 2586 enim
1117 2554 1175 2586 dei
1201 2555 1376 2599 sapientia
1402 2555 1633 2600 conspicitur.
1657 2558 1695 2587 at

242 2599 351 2632 homo
377 2600 553 2644 quispiam
578 2599 702 2643 pusilli
730 2599 840 2632 animi
867 2605 904 2632 et
927 2599 1078 2633 humilia
1102 2606 1243 2634 tantum
1267 2601 1460 2656 respiciens
1487 2601 1694 2634 animalium

243 2647 392 2679 rationis
413 2646 612 2690 expertium
646 2651 763 2678 motus
787 2647 956 2680 instituto
994 2659 1057 2680 suo
1083 2647 1354 2681 accommodare
1375 2649 1523 2689 nititur,
1551 2646 1695 2693 deoque

245 2694 372 2726 relicto
399 2694 500 2726 malis
526 2705 563 2726 se
589 2693 701 2737 geniis
726 2693 851 2733 dedit,
878 2695 941 2738 qui
967 2706 1090 2739 reapse
1114 2695 1206 2728 nihil
1238 2694 1338 2727 aliud
1363 2701 1447 2728 sunt
1475 2706 1580 2742 quam
1605 2695 1694 2730 insi·-

246 2740 414 2773 diatores.
444 2751 484 2773 ac
508 2740 554 2774 de
580 2740 635 2773 his
661 2740 808 2785 quidem
834 2740 941 2775 rebus
966 2742 1004 2775 in
1030 2741 1125 2777 hunc
1152 2741 1296 2776 modum
1322 2741 1456 2776 dictum
1485 2748 1573 2777 esto.
