1826 3120
274 181 289 214 ι
306 161 374 215 82
709 178 996 219 Miclmzms
1035 178 1250 241 GLYCAE

262 280 471 334 ἔπασχεν,·
502 281 541 321 εἰ
566 279 644 333 γὰρ
674 276 872 338 ἔπασχεν,
905 278 978 319 καί
1004 279 1163 333 θνητῆς
1191 274 1241 319 ἂν
1267 279 1309 328 ἐξ
1335 274 1511 337 ἀνάγκης
1539 284 1709 338 φύσεως

262 342 314 400 ἦν
344 349 415 387 καί
442 347 649 400 φθαρτῆς.
679 343 768 385 ἀλλ’
787 342 899 399 ἡμᾶς
931 340 1043 386 οὕτω
1075 349 1244 399 φρονεῖν
1271 345 1344 387 ε’πί
1367 344 1530 396 τούτοις
1555 346 1710 389 κωλύει

259 415 337 465 μὲν
366 411 438 452 καί
466 407 487 450 ὃ
531 411 614 451 τῶν
643 411 964 466 διαληφθέντων
997 407 1130 464 ἁγίων
1154 409 1301 465 χορός,
1328 411 1479 453 κωλύει
1510 415 1556 456 δὲ
1585 415 1711 455 πλέον

258 480 332 518 καί
367 474 390 531 ἦ
418 477 462 518 ἐν
504 477 764 532 Καρθαγὲνῃ
808 477 995 517 συστᾶσα
1024 476 1198 525 σύνοδος
1240 477 1284 517 ἐν
1310 472 1520 536 ἑκατοστῷ
1550 476 1707 536 §wamy

257 540 401 583 κανόνι
452 541 583 596 αὐτῆς
620 539 733 598 οὕτω
761 543 940 595 λέγουσα
979 540 1052 595 »εἴ
1073 558 1134 590 τις
1158 543 1266 596 λέγει
1293 541 1363 584 τὸν
1390 541 1531 597 Ἀδὰμ
1555 543 1708 601 θνητὸν
1720 552 1749 595 5

257 608 494 661 πλασθῆναι
522 605 638 662 παρα
668 610 774 649 θεοῦ
812 609 885 649 καί
915 605 972 662 μὴ
1003 606 1109 661 μετὰ
1139 607 1214 663 τὴν
1241 607 1455 663 ἁμαρτίαν
1481 610 1708 660 ἐλθεῖνῑεῖς

258 671 451 729 φθοράν,
498 667 583 728 ἤτω
624 671 856 723 &vde-saa?
930 673 1062 731 ταύτῃ
1096 689 1160 715 τοι
1189 675 1262 716 καί
1290 672 1495 729 παράγειν
1521 676 1709 718 ἐνταῦθα

212 738 329 784 Ῑ)το“ν
354 738 554 794 θεολόγον
593 737 827 795 Γρηγόριον
859 740 935 781 οὐκ
964 740 1170 795 εὐπρεπὲς
1197 740 1299 794 ἡμῖν
1331 741 1431 783 οὐδὲ
1463 737 1578 783 ὅσιον
1607 738 1708 798 ἥγη-

256 822 338 847 ται.
407 807 447 847 εἰ
471 804 549 861 γὰρ
581 808 656 848 καί
681 808 815 859 λέγειν
857 804 966 848 ἔοικε
994 804 1067 848 τὸν
1096 806 1166 848 ἄπ’
1195 808 1333 862 α’ρχῆς
1363 803 1586 861 ἄνθρωπον
1614 806 1707 850 ἕπε’..

256 887 370 925 γειον
412 868 518 914 εἶναι
563 870 608 914 τό
641 874 764 925 σῶμα
805 872 879 915 καί
906 871 1102 927 ου’ράνιον
1131 872 1208 927 τὴν
1252 871 1424 928 ψυχήν,
1453 873 1706 929 πρόσκαιρον
1724 891 1773 924 to

258 937 416 990 ὁμοίως
455 941 528 980 καί
557 939 791 992 α’θάνατον,
831 935 988 993 ὁρατὸν
1021 938 1094 980 καί
1132 939 1387 992 νοούμενον,
1427 940 1557 992 μέσον
1583 941 1707 995 μεγέ-

255 1009 361 1053 θους
389 1007 461 1046 καί
487 1002 786 1058 ταπεινότητος,
820 1005 987 1056 πνεῦμα
1016 1004 1089 1046 καί
1113 1002 1253 1060 σάρκα
1285 1003 1361 1047 τὸν
1389 1003 1532 1059 αὐτόν,
1558 1003 1603 1047 τὸ
1628 1007 1708 1059 μὲν

253 1073 322 1113 ἵνα
352 1072 454 1127 μένῃ
496 1069 569 1111 καί
597 1069 749 1127 ὁόξάζῃ
799 1068 873 1112 τὸν
919 1071 1168 1125 εὐεργέτην,
1209 1068 1256 1112 τὸ
1294 1072 1341 1114 δὲ
1370 1071 1439 1113 ἵνα
1466 1070 1607 1128 πάσχῃ
1633 1074 1710 1114 καί

251 1138 426 1190 πάσχων
472 1137 836 1192 ύπομιμνὴσκηται
882 1139 957 1178 καί
982 1134 1235 1191 παιδεύηται
1262 1137 1318 1194 τῷ
1339 1138 1511 1191 μεγέθει
1543 1141 1707 1193 φιλοτι-

251 1201 479 1256 μούμενος,
517 1203 609 1244 ἀλλ’
653 1203 734 1256 οὔχ
763 1198 871 1244 οὕτω
917 1204 1035 1243 δοκεῖ
1070 1204 1169 1256 περί
1194 1202 1346 1244 τούτου
1375 1206 1448 1245 καί
1475 1203 1574 1259 ἡμῖν
1595 1236 1608 1256 ,
1639 1200 1704 1245 ὅτι
1722 1205 1771 1246 15

251 1270 361 1323 μηδὲ
388 1267 435 1310 τὰ
464 1271 561 1310 θεῖα
601 1271 734 1310 ταῦτα
766 1267 875 1324 ῥητοὶ
907 1270 984 1310 τοῦ
1026 1269 1194 1324 πρώτου
1223 1270 1352 1324 χάριν
1381 1269 1608 1324 α’νθροόπου
1637 1273 1706 1311 λε’-

253 1337 406 1388 λὲχθαι.
453 1337 686 1387 νομίζομεν.
755 1336 844 1384 πῶς
870 1334 977 1389 γάρ,
1027 1335 1111 1387 εἴγε
1151 1337 1225 1376 καί
1263 1337 1424 1388 μᾶλλον
1465 1335 1601 1377 αὐτοῦ
1627 1337 1707 1376 τοῦ

252 1398 452 1454 θεολόγοι)
505 1403 693 1454 λὲγοντος
741 1401 930 1454 α’λλαχοῧ
979 1399 1086 1442 κατὰ
1138 1403 1248 1451 λέξιν
1289 1398 1424 1450 οὕτως
1466 1400 1705 1456 ἠκούσαμεν

150 1465 377 1523 Ρ,96,,ἐπεί
404 1468 453 1508 ’δὲ
485 1466 630 1524 φθόνῳ
659 1468 732 1508 τοῦ
761 1464 957 1520 διαβόλου
988 1466 1171 1516 θάνατος
1200 1467 1259 1516 εἰς
1285 1464 1354 1509 τὸν
1381 1463 1536 1520 κόσμον
1563 1470 1704 1523 εἰσῆλ..

255 1536 305 1574 θε
331 1531 404 1573 καί
430 1529 579 1588 ὖςοεῖλε
612 1530 683 1573 διὰ
713 1534 786 1587 τῆς
812 1532 970 1587 ιίηάτης
1004 1530 1076 1574 τὸν
1107 1528 1357 1588 ἄνθρωπον,
1388 1530 1461 1574 διὰ
1491 1533 1617 1575 τοῦτο
1646 1532 1770 1591 ‘ugho

351 1665 401 1686 12.
425 1649 483 1701 τό]
510 1647 552 1688 τὰ
584 1654 620 1686 Ρ.

255 1778 443 1800 concessae
468 1778 533 1811 per
557 1767 704 1811 gratiam
730 1767 1010 1801 immortalitatis
1036 1767 1183 1800 minime
1208 1767 1317 1800 fuerit
1340 1777 1477 1811 expers.
1505 1777 1576 1812 quo
1603 1769 1701 1813 posi-

253 1821 290 1847 to
317 1814 379 1859 qui
410 1814 484 1859 pati
518 1814 578 1846 vel
615 1813 719 1846 adfici
737 1815 883 1859 potuit?
922 1826 1004 1847 nam
1037 1815 1066 1847 si
1103 1826 1225 1859 passus
1252 1819 1327 1854 est,
1368 1814 1477 1846 etiam
1499 1815 1701 1849 necessario

253 1866 417 1894 naturam
448 1861 634 1893 mortalem
671 1872 712 1893 ac
737 1861 902 1894 interitui
942 1861 1134 1894 obnoxiam
1160 1860 1328 1894 habebat.
1355 1861 1534 1894 enimvero
1561 1872 1608 1894 ne
1633 1861 1701 1895 hac

254 1908 290 1940 in
312 1913 413 1953 parte
437 1908 486 1940 sic
513 1909 706 1941 sentiamus
725 1934 734 1950 ,
759 1919 833 1941 non
858 1908 965 1941 modo
992 1914 1193 1942 sanctorum
1220 1907 1406 1940 hominum
1429 1919 1449 1940 a
1471 1907 1576 1941 nobis
1602 1908 1701 1941 indi-

255 1961 414 1988 catorum
440 1960 562 1987 coetus
588 1960 703 1995 vetat,
732 1955 795 1988 sed
814 1956 920 1988 etiam
945 1956 1101 1999 synodus
1125 1955 1187 1987 illa
1210 1966 1302 2000 quae
1329 1954 1541 1998 Carthagine
1567 1966 1700 1989 conve-

253 2003 318 2035 nit.
350 2003 426 2034 eius
459 2002 553 2034 enim
576 2000 665 2034 haec
690 2002 797 2035 verba
825 2008 925 2043 sunt,
953 2014 1088 2035 canone
1113 2000 1205 2034 clx':
1234 2002 1285 2042 „si
1310 2002 1389 2046 quis
1415 2001 1504 2034 dicit
1526 2001 1699 2037 Adamum

254 2061 273 2081 a
302 2048 369 2081 deo
397 2047 579 2081 conditum
605 2059 680 2081 esse
703 2049 892 2082 mortalem
928 2060 969 2082 ac
997 2061 1071 2082 non
1095 2054 1176 2094 post
1197 2054 1386 2093 peccatum
1412 2047 1618 2094 prolapsum
1643 2061 1700 2083 esa

254 2095 343 2127 sein
363 2095 560 2136 interitum,
586 2096 815 2129 exsecrabilis
842 2098 953 2130 est0.’'
979 2108 1051 2142 quo
1074 2097 1115 2129 fit
1139 2101 1179 2128 ut
1203 2096 1350 2127 minime
1369 2095 1457 2128 mihi
1483 2095 1541 2128 vel
1568 2100 1699 2130 conve-

253 2142 332 2174 nire
355 2142 412 2174 vel
436 2142 536 2186 pium
562 2152 637 2175 esse
661 2143 826 2177 videatur
850 2143 895 2177 ad
917 2142 1187 2177 convellendam
1212 2142 1303 2175 hanc
1319 2142 1536 2176 sententiam
1561 2142 1700 2188 Grego-

254 2189 297 2222 rii
332 2188 493 2232 theologi
525 2189 632 2222 verba
667 2190 875 2234 producere.
915 2202 1120 2236 quanquam
1148 2189 1243 2222 enim
1266 2190 1294 2222 is
1323 2189 1442 2222 dicere
1467 2189 1611 2222 videtur
1631 2189 1700 2223 ho-

253 2236 387 2268 minem
431 2235 533 2267 illum
570 2237 766 2281 principem
804 2238 914 2271 fuisse
934 2244 1114 2271 terrenum
1139 2247 1311 2281 corpore,
1340 2237 1532 2269 coelestem
1555 2237 1697 2278 animo,

255 2282 428 2315 caducum
452 2283 585 2326 pariter
610 2289 645 2317 ct
669 2284 926 2325 immortalem,
952 2283 1231 2330 adspectabilem
1257 2289 1294 2316 et
1317 2283 1570 2316 intellectilem
1585 2308 1595 2324 ,
1619 2295 1698 2316 me-

256 2329 355 2361 dium
383 2330 477 2361 inter
494 2331 773 2372 magnitudinem
799 2338 835 2365 et
850 2331 1098 2372 humilitatem,
1125 2330 1278 2363 eundem
1306 2336 1377 2363 tam
1401 2330 1564 2374 spiritum
1589 2341 1697 2375 quam
1754 2370 1757 2373 ,

255 2387 407 2417 carnem,
442 2376 604 2420 spiritum
631 2385 778 2423 propter
802 2380 972 2423 gratiam,
1002 2389 1141 2411 carnem
1170 2377 1216 2410 oh
1244 2376 1468 2421 superbiam,
1495 2376 1589 2409 illud
1614 2378 1698 2422 qui-

255 2424 336 2456 dem
361 2428 401 2456 ut
423 2429 565 2455 maneat
588 2435 762 2469 suumque
787 2426 1052 2458 benefactorem
1077 2425 1246 2465 celebret,
1272 2424 1341 2456 hoc
1362 2435 1445 2457 vero
1472 2428 1513 2456 ut
1537 2424 1697 2468 patiatur

252 2482 293 2503 ac
327 2470 468 2515 patiens
506 2473 754 2505 commonesiat
797 2479 1016 2518 propterque
1052 2472 1336 2515 magnitudinem
1369 2475 1576 2514 arroganter
1623 2471 1696 2504 sibi

250 2518 397 2562 placens
422 2516 613 2560 castigetur
650 2529 688 2550 ac
713 2519 916 2560 erudiatur,
954 2531 1027 2552 non
1053 2525 1171 2552 tamen
1195 2519 1246 2551 ita
1272 2529 1337 2551 nos
1362 2516 1593 2550 statuendum
1617 2528 1696 2551 esse

252 2575 460 2604 censemus,
485 2563 629 2608 quando
656 2565 776 2598 divina
801 2568 912 2599 istaec
937 2566 1044 2599 verba
1069 2577 1293 2610 nequaquam
1317 2563 1448 2597 debere
1471 2564 1625 2608 primum
1649 2563 1695 2598 ad

252 2609 435 2643 hominem
462 2610 583 2643 referri
620 2613 870 2646 existimamus.
910 2614 970 2658 qui
998 2613 1093 2645 enim
1125 2612 1193 2645 hoc
1223 2611 1417 2645 faciamus?
1446 2622 1526 2643 cum
1549 2611 1695 2644 theolo-

250 2668 331 2701 gum
357 2658 472 2701 ipsum
498 2657 583 2689 alibi
611 2658 795 2692 audiamus
823 2661 869 2693 ad
894 2660 1038 2693 verbum
1063 2661 1112 2693 ita
1139 2660 1347 2704 loquentem
1374 2657 1694 2703 „quandoquidem

252 2703 299 2736 oh
326 2704 495 2736 invidiam
536 2703 675 2737 diaboli
713 2717 804 2739 mors
839 2708 996 2751 ingressa
1032 2713 1087 2740 est
1114 2706 1285 2739 mundum
1324 2704 1578 2750 hominemque
1606 2704 1694 2739 dolo

253 2751 545 2796 circumscripsit,
583 2752 710 2786 iccirco
745 2753 831 2787 deus
856 2753 962 2788 homo
996 2754 1109 2788 factus
1143 2753 1308 2799 passione
1334 2757 1456 2785 nostra
1480 2757 1630 2787 vexatur
1653 2756 1692 2786 et
