1826 3120
591 142 877 183 ANNAmUM
916 140 1056 184 PARS
1078 143 1151 184 m.
1465 121 1579 195 399

123 257 204 299 τοῦ
240 253 467 310 Λαζάρου.
543 250 648 311 ἄλλη
691 257 738 298 δὲ
777 255 803 310 ἢ
845 255 961 311 παρὰ
1008 258 1083 312 τῆς
1117 256 1250 305 οἰκίας
1287 255 1478 308 Σιμωνος
1504 256 1581 295 τοῦ

124 325 306 379 λεπροῦ·
365 321 497 377 πόρνη
527 322 574 364 δὲ
599 319 708 376 αὕτη
740 324 1038 378 προσελθοῦσα
1066 323 1123 380 τῷ
1151 322 1351 378 Χριστῷ,
1380 319 1524 370 καθώς
1557 318 1582 361 ὅ

123 391 358 438 Ματθαῖος
406 388 572 442 ἱστορεῖ.
646 389 719 430 καί
756 385 881 441 ἑτέρα
918 388 1052 443 πόρνη
1098 387 1252 441 πάλιν,
1291 385 1349 438 ὥς
1397 403 1526 443 φησιν
1555 385 1579 428 ὅ

124 458 325 507 Λουκᾶς,
356 453 381 512 ἦ
414 456 708 510 προσελθοῦσα
742 453 857 509 παρὰ
898 457 948 512 τῇ
976 457 1086 512 οἰκία
1115 456 1305 508 Σίμωνος
1335 457 1412 496 τοῦ
1443 456 1580 508 Φαρι-

84 523 274 577 Εσαιόυ,
302 523 377 566 τοῦ
405 521 478 564 καί
519 523 898 570 σκανδαλισθέντος
939 522 1005 562 ἐπ’
1045 523 1163 579 αὐτῷ
1202 523 1260 578 τῷ
1296 524 1472 580 Χριστῷ
1510 521 1584 562 κατ’

122 586 258 639 οὕτως
284 587 474 637 εἰπόντος·
499 589 568 641 ,,εἰ
593 585 814 644 προφήτης
843 582 921 643 ἦν,
949 585 1054 642 ἔγνω
1082 583 1135 630 ἂν
1168 584 1294 630 ὁποία
1327 589 1390 637 τίς
1417 589 1530 632 ἐστιν
1555 583 1582 643 ἦ

119 653 320 711 ἁψαμένη
345 654 516 699 αὖτοῦ.”

238 719 346 765 Οἶδα
375 723 445 774 δέ,
490 722 704 775 ἀγαπητὲ,
737 717 801 763 ὅτι
833 718 907 762 καί
932 718 1009 775 τήν
1038 720 1369 778 μεταμὸρφωσιν
1399 723 1477 764 τοῦ
1507 737 1585 762 κυ-

125 791 220 845 ριόυ
249 789 368 844 ἡμῶν
390 787 541 843 Ἰησοῦ
558 789 752 842 Χριστοῦ
780 788 834 844 τῇ
858 783 1020 845 μεγάλῃ
1048 790 1214 842 τετράδι
1246 790 1445 843 γενέσθαι
1476 790 1586 836 τινὲς

66 855 434 910 ιοιίπομάχονται.
503 853 613 909 πλὴν
652 853 674 894 o‘
716 851 838 908 λόγος
877 850 1046 905 αὐτῶν,
1091 855 1150 903 ὥς
1180 853 1320 909 ε’ζιιοιγε
1350 856 1483 909 δοκεῖ,
1512 855 1587 896 καί

126 925 222 966 λίαν
265 921 380 964 ἑστίν
416 919 723 969 ἀναπόδεικτος.
793 921 834 963 εἰ
875 919 956 975 γὰρ
995 919 1042 963 τὸ
1105 923 1259 974 θαῦμα
1304 922 1428 964 τοῦτο
1477 917 1715 968 κατάΡ.πι5

125 990 175 1032 τὰ
223 987 445 1043 Θαβώριον
487 983 581 1041 ὅρος
629 987 815 1041 ἐγένετο,
863 988 908 1029 ἐν
942 984 1259 1042 Ἱεροσολύμοις
1304 989 1352 1030 δὲ
1390 986 1412 1030 ὅ
1441 986 1585 1043 κύριος

126 1053 233 1098 κατά
271 1071 318 1109 γε
374 1053 452 1110 τὴν
499 1053 685 1109 μεγάλην
742 1053 925 1108 τετράδα
973 1053 1090 1109 παρὰ
1140 1056 1192 1111 τῇ
1239 1055 1350 1111 οἰκίᾳ
1398 1056 1588 1107 Σιζιιωνος

127 1125 204 1165 τοῦ
235 1122 391 1177 λεπροῦ
422 1117 674 1174 ἑστιώμενος
705 1115 784 1175 ἧν,
826 1123 1022 1176 φαίνεται
1059 1123 1290 1178 προφανῷς
1320 1121 1378 1171 ὥς
1408 1123 1452 1164 ἐν
1481 1115 1587 1179 ἄλλῃ

68 1191 292 1243 ι’5γὲγονεν
330 1187 467 1246 ἡμέρᾳ
491 1185 535 1230 τὸ
568 1189 639 1241 τῆς
676 1186 1049 1243 μεταμορφώσεως
1088 1190 1241 1241 θαῦμα
1283 1189 1357 1230 καί
1398 1188 1448 1230 οὔ
1479 1186 1586 1230 κατά

126 1254 204 1311 τὴν
237 1253 420 1310 τετράδα
461 1252 627 1302 πάντως
671 1251 815 1308 αὐτήν.
890 1255 931 1295 εἰ
956 1253 1036 1307 γὰρ
1078 1250 1290 1307 ἆναμὲσον
1318 1256 1396 1297 τοῦ
1422 1270 1467 1296 τε
1497 1256 1590 1298 Θα-

126 1321 223 1376 βώρ’
257 1321 330 1363 καὶ
371 1323 454 1363 τῶν
486 1317 797 1374 Ἱεροσολύμων
837 1318 940 1361 ώσεί
979 1319 1057 1361 δύο
1107 1321 1274 1376 ἡμερῶν
1314 1319 1495 1377 ὑπάρχει
1538 1321 1583 1365 td

129 1388 366 1444 διάστημα,
398 1389 485 1436 πῶς
513 1385 661 1428 λοιπὸν
691 1388 734 1428 ἐν
762 1388 842 1442 μιᾷ
870 1386 1008 1444 ἡμέρᾳ
1037 1389 1086 1444 τῇ
1117 1389 1226 1444 αὐτῇ
1253 1388 1444 1443 λέγουσιν
1471 1386 1516 1430 ἔν
1543 1404 1587 1430 τε

131 1454 288 1509 Θαβώρ
321 1454 554 1508 εὑρεθῆναι
596 1455 669 1494 καί
709 1453 755 1494 ἑν
786 1451 1102 1507 Ἱεροσολύμοις
1137 1453 1207 1495 τὸν
1237 1454 1445 1509 Χριστὸνς
1483 1454 1588 1510 ἠδύ-

63 1537 231 1566 2ονατο
257 1524 335 1573 μὲν
375 1516 451 1562 οὖν
491 1517 547 1569 ὧς
575 1518 673 1568 θεὸς
720 1514 805 1560 οἶδε
846 1516 1011 1561 κάκεῖσε
1051 1523 1140 1562 κατ’
1173 1520 1304 1562 αὐτὸν
1334 1518 1588 1577 εὖρεθῆναι,

131 1590 225 1630 ἀλλ’
249 1588 319 1630 ἵνα
359 1587 417 1642 μὴ
460 1589 678 1643 φαντασία
719 1588 939 1641 νομισθείη
981 1586 1027 1628 τὸ
1060 1589 1259 1641 πρᾶγμα,
1294 1589 1373 1643 πρὸ
1402 1589 1477 1631 τοῦ
1506 1586 1586 1630 πά·-

128 1659 235 1704 θους
259 1657 383 1697 τοῦτο
413 1656 584 1710 ποιῆσαι
612 1655 689 1695 οὐκ
717 1648 882 1709 ἤθελεν.
919 1651 1041 1696 ἔνθεν
1070 1669 1133 1697 τοι
1162 1653 1236 1697 καί
1260 1653 1366 1698 κατὰ
1396 1654 1469 1711 τὴν
1499 1666 1625 1700 not-B

131 1834 207 1868 rint
233 1833 379 1866 omnino
409 1837 481 1865 tres
500 1830 647 1864 fuerint.
673 1830 798 1864 harum
822 1841 894 1863 una
911 1836 988 1864 erat
1004 1831 1069 1864 illa
1093 1831 1192 1864 cuius
1211 1831 1434 1866 mentionem
1457 1831 1590 1867 Iohan-

131 1892 196 1915 nes
222 1880 326 1921 fecit,
353 1879 486 1913 mulier
520 1884 616 1911 certe
642 1878 827 1924 praeclara
853 1878 1052 1923 Lazarique
1092 1889 1200 1911 soror.
1228 1879 1341 1912 altera
1364 1891 1468 1921 ver0,
1494 1892 1591 1926 quae

122 1940 214 1965 ,cum
241 1934 348 1962 antea
381 1937 418 1960 se
454 1925 725 1971 prostituisset,
761 1926 799 1958 in
833 1924 940 1958 domo
968 1925 1125 1958 Simonis
1163 1926 1296 1971 leprosi
1335 1926 1381 1959 ad
1410 1926 1590 1962 Christum

132 1976 302 2016 accessit,
338 1979 379 2008 ut
402 1973 608 2006 Matthaeus
647 1977 779 2008 narrat.
805 1973 911 2005 tertia
934 1983 1019 2006 vero
1060 1978 1097 2005 et
1120 1973 1199 2017 ipsa
1224 1975 1393 2007 meretrix
1423 1981 1521 2016 erat,
1548 1983 1592 2011 ut

131 2024 247 2059 Lucas
273 2017 306 2068 (7
335 2022 395 2068 39)
434 2021 593 2062 indicat,
631 2031 724 2066 quae
752 2019 933 2053 Christum
967 2019 1007 2052 in
1043 2019 1193 2053 aedibus
1224 2020 1380 2055 Simonis
1405 2022 1589 2057 Pharisaei

132 2070 319 2111 convenit,
354 2069 482 2102 offensi
519 2079 561 2102 ea
588 2067 633 2101 de
660 2079 787 2106 causa,
814 2078 1009 2112 secumque
1042 2067 1149 2101 verba
1174 2067 1381 2102 huiusmodi
1405 2071 1588 2115 prolocuti

131 2119 184 2160 „si
208 2122 306 2152 vates
332 2116 392 2151 hic
418 2116 526 2158 foret,
551 2115 777 2161 cognovisset
803 2125 983 2160 quaenam
999 2113 1089 2148 haec
1114 2115 1176 2156 sit,
1208 2126 1302 2161 quae
1329 2117 1449 2163 ipsum
1475 2123 1589 2152 attre-

131 2165 253 2201 stavit.

227 2211 310 2246 Scio
346 2221 517 2256 quoque,
556 2209 691 2243 dilecte
732 2209 803 2250 fili,
838 2208 1014 2255 quosdam
1048 2209 1274 2242 contentiose
1307 2208 1510 2256 disceptare
1546 2224 1588 2246 ac

132 2260 302 2297 adserere
322 2258 672 2292 transformationem
695 2256 830 2290 domini
847 2257 962 2290 nostri
975 2257 1056 2290 Iesu
1068 2255 1199 2290 Christi
1216 2267 1343 2301 magna
1368 2259 1432 2291 illa
1458 2266 1588 2304 quarta

134 2307 223 2342 feria
251 2308 379 2340 factam
404 2317 504 2340 esse:
531 2316 654 2338 verum
682 2315 723 2338 ea
752 2304 843 2337 ratio
880 2314 952 2349 qua
985 2304 1172 2344 nituntur,
1196 2304 1285 2338 mihi
1311 2305 1458 2350 quidem
1484 2307 1588 2341 vide-

133 2360 194 2388 tur
217 2365 341 2400 parum
363 2364 440 2387 esse
466 2352 678 2398 probabilis.
704 2363 786 2384 nam
812 2351 841 2384 si
869 2350 1072 2396 prodigium
1100 2350 1248 2396 quidem
1272 2352 1371 2386 istud
1397 2354 1436 2387 in
1464 2360 1588 2388 monte

133 2401 301 2435 Thabore
335 2400 492 2442 accidit,
533 2406 571 2434 at
599 2411 685 2433 vero
724 2398 891 2432 dominus
930 2398 1188 2442 Hierosolymis
1226 2399 1286 2432 die
1314 2412 1463 2445 magnae
1487 2402 1587 2436 illius

133 2455 283 2494 quartae
307 2449 418 2482 feriae
443 2448 481 2481 in
505 2446 658 2480 Simonis
686 2446 820 2491 leprosi
845 2445 952 2478 domo
981 2447 1127 2479 conviva
1152 2451 1249 2487 erat,
1270 2448 1460 2482 manifesto
1485 2455 1589 2494 patet

134 2496 345 2529 miraculum
371 2495 440 2528 hoc
475 2493 802 2528 transformationis
835 2504 909 2526 non
946 2493 1014 2526 ista
1049 2499 1176 2539 quarta
1212 2494 1303 2527 feria
1340 2495 1404 2528 sed
1430 2496 1502 2528 alio
1527 2496 1588 2530 die

136 2543 291 2587 quodam
317 2542 521 2586 contigisse.
547 2542 683 2587 quippe
711 2553 791 2574 curn
819 2551 921 2573 mons
945 2539 1093 2574 Thabor
1118 2540 1162 2574 ab
1188 2542 1447 2585 Hierosolymis
1474 2545 1590 2577 inter-

134 2590 231 2623 vallo
267 2589 377 2623 duum
416 2590 556 2623 dierum
587 2588 704 2628 absit,
733 2599 805 2632 quo
839 2587 986 2621 tandem
1009 2594 1115 2633 pacto
1142 2588 1266 2622 dicent
1291 2601 1362 2622 uno
1385 2590 1587 2636 eodemque

137 2637 196 2669 ‹lie
219 2635 399 2670 Christum
438 2642 475 2669 et
513 2637 550 2669 in
578 2641 700 2669 monte
737 2634 906 2668 Thabore
929 2635 1064 2680 pariter
1086 2632 1129 2668 'et
1164 2636 1421 2679 Hierosolymis
1453 2637 1587 2672 fuisse?

136 2688 279 2728 poterat
314 2683 376 2716 ille
402 2683 549 2729 quidem
593 2694 656 2715 ceu
697 2682 784 2715 (leus
818 2682 962 2716 efficere
994 2689 1036 2716 ut
1058 2682 1185 2716 eodem
1219 2689 1381 2727 tempore
1406 2690 1478 2718 tam
1506 2685 1588 2719 heic

136 2741 246 2776 quam
292 2730 368 2763 illic
401 2732 639 2776 reperiretur:
679 2741 801 2778 verum
840 2740 886 2763 ne
923 2729 962 2763 id
1002 2741 1069 2776 pro
1116 2741 1154 2764 re
1192 2730 1348 2776 quadam
1376 2732 1587 2778 imaginaria
