1826 3120
597 100 884 148 ANNALmM
923 103 1060 147 PARS
1099 105 1171 146 iv.
1219 116 1222 118 ·
1477 85 1587 143 535

135 194 267 248 πόδας
295 199 579 253 κατεχόμενος
605 202 795 258 σιδηρῷ·
865 201 938 246 τὸν
975 203 1021 245 δὲ
1045 204 1214 246 Λέοντα
1245 204 1318 246 καί
1343 218 1591 261 προσπεφυ-

135 265 243 317 ydra
270 267 329 322 τῷ
358 267 460 324 θείῳ
489 267 580 324 ναῷ
617 266 803 322 ἀνηλεῶς
835 269 1023 321 ἐκτέμνει
1049 277 1137 318 τοῖς
1164 270 1321 326 ξίφεσι.

248 333 420 388 Κρατεῑ·
458 333 600 375 τοίνυν
628 332 744 386 ιμετοὶ
782 332 853 376 τὸν
883 335 1053 378 Λέοντα
1095 333 1119 376 ὅ
1153 333 1338 391 τραυλὸς
1376 335 1590 391 Μιχαήλ,

133 392 205 452 ἔτη
235 396 286 452 η’,
316 397 338 439 ὁ
368 397 442 441 καί
468 401 513 450 ἐξ
541 399 742 454 Ἀμορίου
783 398 1053 455 ὄρμώμενος,
1082 397 1288 458 δυσσεβὴς
1313 402 1394 456 μὲν
1424 396 1505 456 ὧν,
1535 399 1587 444 οὔ

93 461 216 518 ἐμήν
257 465 304 506 δὲ
344 466 418 507 καί
450 460 619 519 οἷσεβεῖν
646 465 894 521 α’ναγκάζων
930 465 1028 517 τούς
1075 463 1282 521 εὔσεβεῖς.
1357 468 1429 525 ἐφ’
1457 461 1491 528 ᾧ
1518 469 1594 512 καί

131 531 319 572 α’νιένται
357 533 589 587 τηνικαῦτα
619 530 659 575 οἱ
686 527 820 587 ἅγιοι,
853 529 876 574 ὅ
916 534 1049 588 μέγας
1074 549 1118 576 τε
1156 534 1374 590 Θεόδωρος
1403 533 1486 576 α’πό
1516 537 1632 591 τῆςῦ

129 597 362 653 ὑπερορίας
388 597 614 653 ἀνοίγεται·
641 601 892 656 προέφθασε
917 598 1000 656 γὰρ
1018 595 1146 643 αὗτὸν
1172 600 1363 656 ἑξορίσας
1384 598 1406 643 ὅ
1435 601 1593 659 Ἀρμὲ-

130 678 218 714 νιος
245 665 319 707 καὶ
343 663 476 707 πολλοὶ
507 665 612 708 κακὰ
639 665 815 721 ποιήσας
841 665 914 708 ἅτε
931 670 1016 709 ταῖν
1041 664 1172 722 οἷγίων
1201 666 1370 711 εἰκόνων
1397 664 1592 722 ὑπερμα-

126 728 321 785 χόμενον.
392 730 542 774 τούτου
582 733 729 786 μέντοι
764 735 842 775 τοῦ
870 732 1056 788 ΗῙιχαήλ
1095 731 1391 787 βασιλεύοντος
1433 735 1593 788 Θωμᾶς

69 817 118 844 10
132 813 194 847 τις
218 803 346 853 χεῖρα
371 801 553 852 βαρεῖαν
577 799 779 850 συλλέξας
809 801 855 851 ἐξ
881 799 1085 854 ἀνατολῆς
1110 815 1153 842 τε
1171 799 1244 842 καί
1272 798 1446 855 δύσεως,
1473 800 1591 857 τριή-

130 879 218 919 ρεις
244 879 290 906 τε
320 863 396 907 οὐκ
424 865 569 919 ὀλίγας
598 865 805 921 ποιήσας,
837 864 942 907 κατὰ
981 868 1054 920 τῆς
1081 867 1300 920 βασιλίδος
1326 867 1591 922 ἑκστρατεύει

127 932 210 973 τῶν
238 928 413 974 πόλεων.
478 931 661 987 τοσαύτη
708 933 755 975 δὲ
794 929 973 985 δύναμις
1000 927 1053 987 ἦν
1082 930 1188 976 ὥστε
1218 935 1291 975 καί
1318 932 1396 988 τήν
1422 934 1590 976 ἀπαιω-

127 1000 336 1052 ρηθεῖσαν
360 998 405 1039 ἐν
444 994 676 1052 α’κροπόλει
719 993 870 1040 ἅλυσιν
898 998 1129 1041 &canadam
1157 999 1232 1042 καί
1256 997 1363 1056 πρὸς
1392 1003 1591 1056 Βλαχέρ-

125 1078 203 1113 νας
231 1062 450 1106 ἀπελθεῖν.
517 1064 563 1105 ἐν
594 1060 708 1113 ὅλοις
735 1061 876 1106 λοιπὸν
914 1062 1051 1118 τρισίν
1077 1062 1191 1107 ἔτεσι
1219 1063 1267 1108 τὰ
1295 1067 1372 1107 τοῦ
1403 1066 1588 1120 πολέμου

65 1129 383 1185 ι5κεκρότηται.
440 1125 533 1172 εἶτα
562 1129 584 1171 ὅ
623 1131 782 1184 Θωμᾶς
810 1130 986 1186 ἡττᾶται
1003 1162 1015 1184 ,
1042 1131 1217 1187 φεύγει,
1250 1133 1311 1181 εἷς
1340 1132 1587 1187 Ἀδριανοῦ-

126 1200 249 1238 πολιν
271 1194 457 1252 ἔρχεται.
483 1194 628 1252 καιρὸν
655 1194 800 1239 ἱκανὸν
827 1198 959 1239 ἐκεῖσε
988 1195 1104 1252 παρὰ
1134 1200 1211 1240 τοῦ
1237 1200 1423 1254 Μιχαὴλ
1450 1198 1629 1258 setini-(311)

125 1259 367 1319 τετήρηται.
422 1264 656 1319 προδίδωσι
684 1264 760 1306 καί
786 1259 922 1316 ἄκων,
958 1270 1200 1320 κρατεῖται,
1230 1271 1383 1322 χεῖρας
1410 1264 1484 1308 καί
1509 1266 1587 1307 πό-

126 1331 206 1379 δας
241 1331 463 1382 τέμνεται,
507 1331 570 1372 ἐπ’
616 1326 714 1372 ι’)’νου
763 1321 971 1386 κάθηται,
1011 1333 1132 1374 τοῦτο
1175 1330 1249 1374 καί
1285 1330 1413 1386 μόνον
1455 1333 1587 1386 λέγων

124 1396 328 1451 ηἐλέησόν
354 1413 430 1450 με,
462 1398 630 1453 ἀληθῶς
658 1399 872 1451 βασιλεῦ.”
1266 1456 1270 1458 μ

60 1484 114 1512 20
237 1461 363 1506 Μετὰ
410 1465 457 1505 δὲ
496 1462 571 1504 τὸν
598 1462 782 1519 ΙΠιχαήλ
815 1462 1025 1521 Θεόφιλος
1052 1464 1074 1507 ὁ
1114 1463 1208 1515 υἱὸς
1242 1465 1398 1519 αὐτοῦ,
1427 1461 1501 1520 ἔτη
1529 1464 1582 1517 ιβ’

123 1531 259 1586 μῆνας
282 1528 334 1584 γ’.
392 1531 466 1571 καί
490 1532 720 1585 τηνικαῦτα
748 1529 922 1585 ἐκλογήν
949 1537 1129 1575 ποιεῖται
1159 1533 1386 1587 κορασίων,
1415 1526 1476 1575 ὧν
1502 1534 1583 1584 μία

124 1743 317 1790 compedes
343 1748 508 1788 gestaret,
534 1745 604 1777 Leo
630 1746 708 1779 sine
735 1747 809 1779 ulla
837 1748 1151 1782 commiseratione
1178 1749 1308 1794 gladiis
1327 1751 1581 1796 configeretur,

123 1793 161 1827 iu
188 1792 264 1837 ipsa
293 1791 414 1824 diviua
440 1790 529 1824 aede
553 1803 624 1837 quo
654 1805 691 1826 se
713 1800 905 1838 receperat.

218 1839 330 1883 Igitur
379 1844 461 1884 post
499 1839 656 1873 Leonem
691 1840 890 1874 Michaelus
936 1847 1173 1885 cognomento
1215 1841 1366 1882 Balbus,
1404 1845 1580 1878 oriundus

122 1885 294 1928 Amurio,
335 1886 442 1919 rebus
479 1898 591 1919 annos
622 1892 704 1920 octo
739 1900 819 1921 cum
861 1888 1010 1933 imperio
1040 1889 1207 1933 praefuit.
1234 1896 1309 1923 erat
1340 1890 1403 1923 ille
1431 1892 1581 1937 quidem

122 1933 272 1968 minime
298 1933 507 1978 religiosus,
540 1946 614 1968 non
652 1940 774 1968 tamen
801 1934 965 1969 homiues
993 1936 1071 1980 pios
1098 1936 1142 1969 ad
1166 1937 1390 1982 impietatem
1417 1940 1579 1984 cogebat.

124 1986 346 2027 quapropter
371 1981 409 2014 id
438 1983 608 2026 temporis
640 1982 709 2014 viri
744 1983 858 2016 sancti
896 1982 1099 2017 carceribus
1134 1983 1282 2017 liberati
1306 1991 1417 2026 sunt,
1442 1993 1480 2020 et
1503 1998 1580 2020 ma-

123 2040 213 2073 gnus
240 2028 304 2061 ille
329 2028 543 2062 Theodorus
572 2029 616 2061 ab
643 2029 772 2062 exsilio
797 2036 994 2070 revocatus,
1021 2041 1128 2075 quem
1153 2043 1268 2065 sacras
1294 2032 1468 2077 imagines
1493 2045 1580 2080 pro-

121 2081 342 2121 pugnantem
371 2076 557 2122 multaque
585 2087 793 2121 perpessum
818 2077 888 2110 Leo
917 2078 1106 2111 Armenius
1139 2079 1255 2112 solum
1283 2086 1424 2114 vertere
1451 2093 1582 2126 coege-

122 2127 188 2157 rat.
222 2123 290 2156 hoc
323 2123 503 2157 Michaelo
548 2124 748 2168 imperante
782 2123 940 2158 Thomas
982 2124 1130 2169 quidam
1166 2127 1328 2160 maximis
1369 2139 1414 2161 ex
1437 2129 1581 2162 oriente

121 2170 286 2204 collectis
318 2171 452 2216 copiis,
495 2182 562 2203 nec
588 2172 711 2216 paucis
749 2171 955 2204 triremibus
994 2173 1196 2215 instructis,
1221 2173 1389 2208 adversus
1419 2177 1580 2221 reginam

113 2215 265 2251 *urbium
282 2218 554 2262 expeditionem
582 2219 750 2263 suscepit.
777 2224 895 2253 tantas
911 2225 1030 2252 autem
1055 2220 1146 2254 vires
1162 2221 1333 2263 habebat,
1361 2228 1401 2256 ut
1426 2235 1581 2268 suspen-

121 2276 194 2297 sam
222 2276 266 2298 ex
292 2276 372 2298 arce
404 2272 566 2299 catenam
601 2266 838 2311 perfringeret
874 2279 915 2300 ac
943 2266 1155 2301 Blachernas
1190 2281 1303 2315 usque
1330 2271 1579 2304 contenderet.

121 2313 246 2358 itaque
272 2311 443 2357 deinceps
470 2313 557 2347 totis
581 2313 695 2346 tribus
732 2314 834 2346 annis
877 2314 1015 2347 bellum
1045 2315 1202 2359 geritur,
1229 2329 1301 2362 quo
1329 2324 1452 2351 exacto
1477 2317 1580 2351 Tho—

120 2371 194 2393 mas
228 2360 409 2400 vincitur,
444 2360 483 2393 in
528 2360 646 2404 sugam
686 2371 723 2393 se
758 2361 924 2402 coniicit,
961 2361 1234 2407 Adrianopolim
1276 2365 1466 2410 pervenit,
1503 2376 1580 2399 non

122 2406 250 2451 exiguo
277 2413 439 2452 tempore
467 2407 548 2440 istic
573 2408 764 2441 obsidione
784 2420 803 2440 a
831 2407 1011 2443 Michaelo
1032 2410 1202 2454 cingitur,
1228 2412 1272 2444 ab
1298 2412 1428 2446 incolis
1453 2412 1581 2456 oppidi

122 2453 289 2495 deditur,
324 2455 459 2488 invitus
485 2455 522 2487 in
560 2454 672 2489 hostis
699 2461 914 2499 potestatem
948 2457 1067 2498 venit,
1093 2459 1260 2492 manibus
1288 2466 1399 2504 atque
1424 2458 1579 2504 pedibus

121 2505 330 2544 truncatur,
364 2502 464 2535 asino
503 2502 744 2535 contumeliae
783 2514 888 2536 causa
923 2503 1142 2549 imponitur,
1177 2505 1267 2540 haec
1302 2511 1443 2541 tautum
1467 2506 1579 2541 verba

120 2547 308 2593 proferens
333 2550 526 2590 „miserere
549 2550 632 2591 mei,
650 2549 712 2595 qui
740 2561 864 2595 reapse
889 2551 1082 2597 imperator
1109 2553 1181 2586 es.’'

216 2595 302 2629 Post
323 2595 542 2631 Michaelum
573 2596 799 2641 Theophilus
838 2598 935 2631 filius
973 2599 1051 2633 eius
1080 2611 1192 2634 annos
1218 2597 1410 2632 duodecim
1436 2610 1579 2633 menses

122 2645 194 2678 tres
230 2642 429 2687 imperavit.
461 2655 544 2677 mox
587 2644 632 2676 ab
674 2644 767 2677 inito
810 2645 961 2690 imperio
994 2646 1174 2681 delectum
1207 2646 1410 2692 puellarum
1451 2646 1577 2680 haberi

123 2687 246 2731 iuuit,
278 2689 373 2725 inter
407 2703 496 2739 quas
531 2691 638 2725 etiam
674 2691 797 2726 Cassia
834 2695 1044 2741 comparuit.
1079 2706 1157 2728 eam
1192 2699 1342 2740 propter
1368 2702 1577 2741 responsum
