1826 3120
253 116 326 181 64
638 114 644 121 ’
709 128 994 171 MianEms
1034 126 1248 168 GLYCAE

250 238 432 290 χυμένον
470 229 520 290 ἦν
560 232 630 274 ἐπί
663 229 799 284 τρισίν
841 229 1016 283 ἡμέραις
1053 229 1181 269 ἐκεῖνο
1225 224 1271 268 τὸ
1301 229 1392 283 φιός
1421 228 1691 283 ἁπανταχοῦ,

252 300 359 356 μετὰ
407 300 617 342 δὲταῦτα
661 302 748 345 τοῖς
791 297 1027 351 φωστῆρσιν
1067 292 1351 346 ὲναπετίθετο,
1377 292 1449 337 τὸν
1473 288 1694 337 θειότατον

253 367 362 421 ἔχεις
386 361 657 408 Ἀναστάσιον
689 362 998 416 α’λληγοροῦντα
1026 357 1076 401 τά
1105 360 1298 401 τοιαῦτα.
1330 358 1377 401 τὸ
1405 362 1482 414 μὲν
1508 355 1582 403 οὖν
1613 360 1694 417 τῷν

252 431 553 485 προλαβουσαῖν
598 429 726 482 τριῶν
769 426 935 481 ἡμερῶν
983 427 1099 481 φῶς,
1140 426 1238 478 περὶ
1277 418 1327 466 οὗ
1355 423 1382 480 ἦ
1409 424 1552 482 γραφὴ
1585 427 1693 479 λέγει

254 497 353 551 ,,καί
379 493 489 538 εἶπεν
535 491 556 535 ὅ
590 493 690 542 θεὸς
723 492 933 547 γενηθήτω
965 494 1078 548 φῶς,
1117 490 1190 532 καί
1214 492 1370 544 ἐγένετο
1417 493 1554 546 φῶς,”
1578 490 1732 547 «ὕφη-5

252 563 464 614 πλωμὲνον
491 555 539 602 ὂν
566 561 634 615 ἐφ’
677 554 770 601 ὅλον
801 557 847 600 τὸ
893 557 1086 611 σύμπαν,
1126 555 1170 599 τὸ
1198 559 1269 611 τῆς
1300 553 1496 599 ιῖκτίστου
1522 553 1695 613 τριάδος

252 629 433 684 παριστᾷ
460 627 551 682 φῶς
588 627 806 678 πανταχοῦ
834 623 999 679 φθάνον
1028 623 1084 673 ὥς
1113 624 1441 678 α’περίγραπτον·
1469 618 1539 665 ὅτε
1565 623 1612 666 δὲ
1639 625 1696 680 τῷ

255 694 417 748 ζοφερῷ
460 694 538 745 μὲν
577 689 803 744 πρότερον,
844 686 1020 744 ὕστερον
1053 691 1098 732 δὲ
1141 689 1324 745 φωτεινῷ
1353 687 1422 730 διὰ
1449 687 1521 743 τὴν
1549 690 1695 733 ἕνωσιν

210 761 379 815 Βὸίσκῳ
409 759 695 810 ἐναπετίθετο,
725 754 802 811 τήν
831 755 1029 811 ε”νσαρκον
1057 756 1293 808 οἰκονομίαν
1307 756 1567 811 προέγραψε·
1599 769 1694 797 σκο-

253 823 414 873 τεινούς
443 824 515 865 καί
550 822 630 878 γάρ
662 817 783 871 ὄντας
829 822 939 877 ἡμᾶς
967 824 1020 878 τῇ
1045 819 1228 877 ἁμαρτίᾳ
1256 821 1306 877 τῇ
1334 822 1430 862 καθ’
1461 820 1694 864 ὑπόστασιν
1714 839 1760 867 ro

253 889 397 933 ἓνώσει
425 887 679 944 ἐλάμπρυνε,
708 887 780 930 καί
806 890 902 943 πρίν
935 886 1003 929 διὰ
1032 888 1260 941 μοναδικοῦ
1286 884 1424 942 φωτὸς
1449 885 1496 928 τὸ
1525 886 1695 940 σύμπαν

253 957 445 1013 ἑφώτιζε.
512 952 619 996 κατὰ
663 955 709 996 δὲ
738 954 813 1008 τὴν
849 952 1044 1008 τετάρτην
1073 952 1235 1007 ἡμέραν
1265 954 1465 1011 τριαὸικῷ
1501 951 1612 1009 φωτὶ
1640 951 1694 995 τά

252 1023 386 1064 πάντα
415 1021 694 1077 κατητῖγασεν,
724 1016 791 1061 ὅτε
820 1017 977 1074 δηλαδή
1010 1018 1033 1059 ὁ
1061 1015 1177 1073 ἥλιος
1205 1017 1389 1073 Χριστὸς
1423 1017 1697 1071 civitellae&

252 1091 330 1142 μὲν
357 1086 438 1144 γάρ
467 1086 695 1141 μοναδικόν
723 1087 852 1132 ἐκεῖνο
870 1087 960 1141 φῶς
988 1085 1116 1134 τύπος
1139 1082 1188 1139 ἦν
1215 1086 1288 1137 τῆς
1311 1085 1569 1139 μοναρχικῆς
1596 1082 1696 1138 θεό-

252 1171 391 1210 τητος,
418 1154 464 1195 τὸ
499 1156 544 1196 δὲ
574 1151 791 1207 τριαδικὸν
813 1154 932 1194 τοῦτο
965 1154 1055 1207 φῶς
1092 1154 1175 1193 τῶν
1201 1153 1328 1206 τριῶν
1357 1149 1484 1192 πάλιν
1513 1149 1693 1209 ὑποστά-
1713 1159 1760 1200 ¹5

252 1236 359 1263 σεων
387 1221 513 1269 τύπος
539 1214 603 1275 ἦν.
678 1213 796 1267 οὗτος
839 1220 889 1260 δέ
916 1219 1028 1259 ἐστιν
1068 1214 1089 1258 ὅ
1135 1214 1251 1271 ἥλιος
1289 1216 1386 1271 περὶ
1417 1211 1470 1258 οὗ
1497 1216 1696 1270 Σολομῶν

254 1289 363 1340 λέγει
391 1284 635 1340 ,,οἷνατε’λλει
666 1283 687 1326 ὅ
717 1281 859 1339 ἥλιος”
887 1284 1017 1339 (τοῦτ’
1047 1283 1134 1326 ἔστι
1156 1282 1355 1339 Χριστὸς)
1386 1281 1485 1335 „s‘m'
1509 1284 1596 1337 γῆς,
1624 1283 1700 1326 καί

255 1351 369 1394 δύνει
397 1352 419 1393 ὁ
450 1348 592 1406 ἥλιος”
623 1352 827 1407 (τουτέστι
853 1348 958 1404 πρὸς
978 1348 1111 1406 τάφον
1135 1352 1300 1406 χωρεῖ),
1329 1349 1430 1402 ,,καί
1449 1345 1573 1391 πάλιν
1592 1349 1698 1405 πρὸς

150 1416 328 1469 REM-cdv
356 1418 481 1460 τόπον
526 1417 657 1459 αΰτοῧ
693 1412 887 1460 ἄνεισιν.”
951 1417 996 1457 ἐκ
1036 1417 1112 1457 τοῦ
1142 1417 1259 1470 ἡλίου
1305 1416 1350 1457 δὲ
1379 1419 1619 1470 χορηγεῑται
1646 1417 1698 1471 τῇ

256 1482 405 1540 σελήνῃ
441 1481 487 1524 τὸ
516 1484 632 1539 φῶς,
679 1479 742 1524 ὅτι
788 1484 860 1523 καί
899 1483 944 1523 ἐκ
971 1485 1045 1523 τοῦ
1073 1484 1266 1536 Χριστοῦ
1302 1483 1375 1522 τοῦ
1401 1481 1547 1536 νοητοῦ
1574 1481 1694 1537 ἡλίου
1707 1500 1762 1530 ‚2⁰

256 1547 567 1602 καταλάμπεται
594 1550 618 1604 ἦ
642 1547 840 1602 ἐκκλησία
864 1549 937 1588 καί
960 1547 1108 1596 πάντες
1135 1546 1170 1589 οἱ
1198 1544 1331 1600 ἅγιοι·
1388 1547 1463 1600 ,,ἒκ
1490 1549 1568 1590 τοῦ
1594 1550 1699 1601 πλη-

257 1614 477 1670 ρώματος”
504 1614 584 1668 γάρ
619 1630 746 1670 φησιν
775 1614 934 1667 ,,αυ’τοῦ
963 1609 1111 1662 πάντες
1140 1614 1383 1667 ἐλάβομεν,”

351 1717 381 1750 7.
409 1703 498 1739 ὅταν
523 1704 559 1737 Ρ.

258 1780 358 1813 naria
381 1779 484 1823 quasi
510 1776 715 1818 recondita,
745 1777 902 1811 divinum
930 1777 1032 1810 illum
1055 1778 1277 1811 Anastasium
1304 1778 1437 1820 habes,
1465 1779 1528 1824 qui
1554 1789 1619 1825 per
1644 1780 1697 1813 al-

259 1826 412 1871 legorias
436 1826 526 1858 haec
550 1826 588 1857 in
611 1825 706 1857 hunc
731 1825 875 1857 modum
902 1825 1070 1858 declarat.
1099 1826 1162 1858 lux
1187 1825 1251 1858 illa
1276 1825 1565 1877 praecedentium
1590 1827 1698 1861 trium

261 1874 411 1914 dierum,
441 1872 486 1905 de
515 1883 584 1916 qua
607 1872 751 1905 litterae
777 1883 896 1905 sacrae
924 1872 1030 1918 (Gen.
1052 1883 1073 1908 ,ι
1111 1873 1145 1918 3)
1173 1871 1227 1905 his
1253 1872 1370 1905 verbis
1393 1873 1592 1918 loquuntur
1615 1874 1698 1916 „di-

261 1921 316 1954 xit
343 1920 448 1960 deus,
491 1920 621 1951 existat
644 1919 727 1960 luit,
770 1925 806 1952 et
835 1919 974 1952 exstitit
997 1919 1059 1951 lux
1071 1919 1102 1959 ‚’¹
1137 1918 1224 1951 haec
1253 1919 1362 1963 igitur
1385 1930 1450 1964 per
1476 1930 1616 1954 omnem
1641 1931 1698 1955 re·

261 1979 339 2000 rum
372 1967 641 1999 universitatem
679 1966 857 2011 explicata
888 1966 1062 1999 trinitatis
1098 1965 1206 1997 illius»
1229 1966 1410 1999 increatae
1451 1967 1566 2000 lucem
1589 1967 1697 2002 nobis

261 2019 527 2058 repraesentat⁷
564 2023 740 2057 nusquam
777 2025 852 2047 non
889 2014 1048 2046 locorum
1078 2018 1346 2057 penetrantem,
1384 2015 1437 2047 uti
1466 2025 1558 2059 quae
1585 2015 1696 2049 nullis

261 2061 308 2094 sit
332 2061 464 2092 finibus
493 2060 767 2105 circumscripta.
802 2066 1038 2105 posteaquam
1069 2071 1150 2093 vero
1179 2060 1371 2103 caliginoso
1399 2060 1544 2106 quidem
1573 2052 1696 2107 prius,
1742 2079 1746 2083 ·

260 2113 298 2140 at
323 2107 491 2149 deinceps
518 2110 665 2150 propter
698 2108 868 2140 unionem
906 2107 1025 2140 lucido
1058 2106 1310 2150 imponebatur
1335 2106 1451 2149 disco,
1478 2107 1608 2142 Christi
1633 2109 1698 2142 ad-

260 2154 559 2187 ministrationem
601 2152 639 2185 in
678 2165 783 2187 carne
823 2155 926 2187 nobis
963 2155 1065 2200 quasi
1100 2154 1328 2187 delineabat:
1365 2166 1446 2188 nam
1472 2155 1535 2188 ille
1558 2166 1624 2189 nos
1649 2156 1696 2190 ob

258 2206 444 2246 peccatum
478 2199 691 2243 caliginosos
726 2213 790 2246 per
816 2203 986 2234 unionem
1026 2201 1124 2234 illam
1148 2202 1371 2245 personalem
1397 2202 1629 2236 collustravit.
1657 2214 1698 2236 ac

259 2249 358 2292 prius
385 2245 530 2291 quidem
558 2257 622 2289 per
649 2248 787 2281 unicam
811 2249 928 2281 lucem
950 2249 1151 2282 universum
1175 2247 1243 2281 hoc
1266 2248 1550 2292 illuminabatur,
1573 2261 1696 2284 verum

261 2295 320 2326 die
348 2299 474 2337 quarto
501 2293 594 2325 trina
617 2293 696 2326 luce
719 2301 844 2328 cuneta
872 2295 1199 2340 perfundebantur,
1238 2296 1404 2329 nimirum
1426 2302 1615 2342 postquam
1642 2297 1697 2330 sol

260 2341 323 2373 ille
348 2346 470 2372 noster
507 2339 666 2372 Christus
692 2348 833 2374 exortus
863 2348 926 2375 est.
965 2354 1045 2376 nam
1067 2342 1189 2374 lumen
1213 2342 1304 2375 illud
1327 2345 1470 2377 unicum
1495 2344 1696 2378 divinitatis

259 2399 332 2421 uno
356 2392 481 2419 cuncta
506 2387 841 2430 comprehendentis
869 2390 1018 2434 imperio
1045 2389 1270 2422 simulacrum
1300 2397 1394 2431 erat,
1429 2396 1465 2423 et
1484 2391 1575 2425 haec
1601 2391 1697 2424 trina

260 2435 324 2467 lux
345 2433 471 2467 itidem
490 2433 595 2466 trium
620 2445 847 2477 personarum
865 2443 941 2470 erat
962 2437 1080 2480 figura.
1097 2436 1150 2468 sol
1174 2442 1291 2469 autem
1314 2438 1382 2471 iste
1396 2437 1622 2481 intelligitur,
1650 2437 1695 2471 de

261 2493 332 2527 quo
352 2481 496 2514 Solomo
515 2479 662 2523 (Eccles.
686 2494 694 2514 1
719 2483 753 2527 5)
771 2483 859 2516 dicit
875 2485 1058 2525 „exoritur
1083 2483 1156 2515 sor’
1184 2483 1266 2526 (hoc
1292 2490 1346 2517 est
1365 2484 1540 2531 Christus)
1565 2497 1695 2530 „supra

261 2534 408 2569 terram,
440 2533 476 2560 et
500 2526 633 2559 occidit
660 2529 733 2561 sol'’
761 2529 843 2571 (hoe
867 2536 921 2564 est
947 2531 985 2563 in
1008 2529 1207 2575 sepulcrum
1233 2542 1310 2564 sese
1340 2531 1492 2577 confert)
1515 2542 1695 2573 „rursum-

260 2586 331 2619 que
357 2586 458 2607 suum
483 2573 529 2606 ad
556 2574 672 2606 locum
699 2575 831 2617 redit,'’
855 2577 1020 2610 nimirum
1060 2576 1106 2609 ad
1130 2582 1278 2621 patrem.
1305 2577 1350 2611 ab
1377 2578 1501 2611 eodem
1526 2578 1603 2611 sole
1632 2579 1694 2612 lux

259 2622 367 2654 lunae
413 2621 679 2665 suppeditatur,
722 2624 806 2667 quia
834 2636 897 2669 per
921 2624 1122 2663 Christum,
1149 2624 1263 2657 solem
1288 2626 1390 2658 illum
1414 2625 1665 2659 intellectilem
1681 2651 1692 2666 ,

259 2674 333 2702 tam
364 2668 511 2700 ecelesia
549 2679 655 2712 quoiam
694 2680 813 2702 omnes
854 2671 1016 2704 homines
1053 2671 1165 2703 sancti
1190 2672 1461 2705 collustrantur:
1487 2673 1621 2718 quippe
1646 2672 1690 2706 de

261 2715 373 2760 ipsius
404 2715 651 2760 plenitudine,
678 2716 770 2750 sicut
793 2718 855 2750 ille
885 2720 936 2752 ait
958 2717 1095 2763 (Iohan.
1127 2731 1136 2753 ι
1174 2719 1249 2764 16),
1276 2730 1398 2752 omnes
1422 2720 1644 2765 sumpsimus.
