1826 3120
559 156 841 197 ANNMAUM
894 155 1032 197 PARS
1068 157 1102 195 1.
1493 133 1565 206 59

38 231 55 246 ὁ

116 275 188 316 της
215 259 274 315 μη
305 259 611 314 ἐγχρονίζουσα
642 262 729 305 τοῖς
755 254 960 309 σώμασιν,
991 250 1178 297 &navata
1205 255 1337 296 ταῦτα
1367 252 1432 311 ἐᾷ.
1463 251 1484 293 ὅ
1520 252 1566 294 δὲ

115 323 321 381 πρηστήρ,
351 325 409 374 ώς
431 322 504 366 καί
531 322 634 365 αὐτὸ
666 325 790 378 δηλοῖ
811 317 1006 376 τοῦνομα,
1029 320 1080 364 τὰ
1112 318 1408 376 παρατυχόντα
1436 335 1565 361 κατα-

117 393 264 448 φλέγει
293 389 488 443 σώματα.
549 389 818 446 ’καταφλέγει
847 389 894 430 δὲ
917 387 989 430 διὰ
1014 387 1060 430 τὸ
1094 388 1437 430 συνεπισπᾶσθαι
1464 388 1566 440 μεθ’

114 454 273 500 ἑαυτοῦ
297 457 671 512 παχυμερεστέραν
698 451 804 510 ὕλην
837 456 884 497 ἐκ
909 455 985 496 τοῦ
1015 456 1193 510 νέφους,
1221 451 1294 494 καὶ
1316 451 1471 508 ταύτην
1500 454 1565 494 ἐκ-

77 523 313 579 5πληροῦν.
389 521 534 565 τούτου
561 522 608 563 δὲ
644 523 718 563 τοῦ
746 521 981 575 πρηστῆρος
1009 518 1082 561 καὶ
1109 525 1354 574 προηγεῖται
1382 521 1561 572 πνεῦμα.

112 591 186 631 καί
225 591 352 645 δῆλον
389 589 436 631 ἐκ
473 589 550 630 τοῦ
602 584 655 630 τοὶ
693 588 898 640 μέλλοντα
940 588 1235 642 ε’μπίπρασθαι
1282 586 1446 640 πρῶτον
1477 583 1557 626 ὗπό
1576 594 1665 628 Ρ.3ι

111 655 346 709 πνεύματος
372 652 636 711 ῥήγνυσθαι·
697 651 743 695 τὸ
772 652 850 707 γάρ
882 654 1049 706 πνεῦμα
1069 654 1142 695 τοῦ
1173 654 1410 707 πρηστῆρος
1435 655 1562 693 θειώ-

112 724 181 772 δες
210 717 259 764 ὃν
283 718 452 776 πλήττει
483 721 556 762 καί
594 717 782 775 ῥήγνυσι.
836 717 968 777 ταύτῃ
999 735 1061 762 τοι
1093 717 1166 761 καὶ
1191 716 1244 760 τὰ
1274 721 1564 774 κεραυνωθέν-

111 805 163 831 τα
191 789 309 843 μένει
338 789 541 830 διεστῶτα
569 786 641 828 ἐπὶ
663 783 813 840 χρόνον
839 785 947 828 τινά.

49 869 98 896 ιο
230 853 314 897 Τὸν
357 856 499 907 μέντοι
527 850 761 908 κεραυνόν,
803 853 1014 908 ἂγαπητέ,
1064 853 1173 895 τοῦτ’
1215 850 1327 895 ἔστιν
1367 850 1470 895 αὐτὸ
1516 850 1560 894 τὸ

109 922 372 976 α’στραπαῖον
409 922 521 975 πῦρ,
564 914 591 974 ἢ
631 917 734 962 κατὰ
779 918 1036 975 σύγκρουσιν
1073 921 1159 961 τῶν
1201 921 1340 975 νεφῶν
1366 920 1563 973 γίνεσθαι

107 984 253 1039 νόμιζε
281 981 308 1042 ἢ
337 984 445 1028 κατὰ
490 986 821 1041 ἐκπυρηνισμόν,
866 982 987 1039 ἡνίκα
1018 985 1180 1041 δηλαδὴ
1211 985 1410 1041 πυρώδης
1437 985 1563 1027 οὐσία

105 1058 194 1102 τοῖς
219 1053 390 1109 νέφεσιν
419 1053 660 1106 ἐμπεσοῦσα
692 1050 798 1093 κατὰ
829 1054 927 1105 βίαν
956 1053 1117 1094 ἐκεῖθεν
1148 1054 1324 1109 ἐκραγῇ,
1366 1051 1564 1108 ῥιπτομέ-

105 1134 155 1174 νη
187 1117 261 1161 καί
298 1113 384 1160 οἷον
429 1118 560 1160 εἰπεῖν
599 1120 828 1173 ω’θουμένη
870 1116 983 1174 παρά
1012 1121 1086 1161 τοῦ
1111 1120 1266 1175 νέφους
1295 1114 1439 1160 αὐτοῦ.
1498 1119 1564 1158 ἐκ-

47 1183 370 1241 ιόπυρηνισμὸς
407 1182 487 1239 γάρ
535 1185 649 1227 ἐστιν
691 1183 715 1225 ὅ
754 1182 859 1226 κατὰ
897 1185 1144 1236 συμπίεσιν·
1205 1182 1456 1237 ἀκοντισμὸς
1483 1181 1561 1237 γάρ

104 1251 240 1303 ἐστιν,
271 1250 329 1299 ὥς
357 1246 456 1292 ὅταν
474 1251 547 1292 καί
568 1250 686 1305 ἡμεῖς
713 1250 765 1293 τὰ
796 1252 878 1293 τῶν
908 1252 1061 1293 ἐλαιῶν
1092 1250 1199 1293 ὀστᾶ
1227 1257 1313 1300 τοῖς
1341 1248 1599 1300 δακτύλοιςις

106 1317 404 1369 συμπιέζοντες
447 1312 475 1371 ἦ
504 1312 591 1358 ἅνω
619 1312 646 1371 ἢ
674 1317 785 1359 κάτω
825 1319 964 1359 ταῦτα
994 1318 1319 1372 ἐξακοντιζομεν.
1379 1318 1452 1359 καί
1476 1333 1562 1359 τοι-

105 1388 226 1431 οῦτος
250 1383 329 1435 μὲν
369 1382 391 1424 ὅ
421 1381 522 1425 κατὰ
566 1382 876 1439 ἐκπυρηνισμὸν
902 1381 1127 1439 κεραυνός,
1156 1383 1278 1439 ἡνίκα
1307 1382 1380 1425 καί
1402 1386 1563 1436 μᾶλλον

101 1445 128 1502 ἦ
165 1448 240 1489 τοῦ
278 1450 432 1503 νέφους
467 1447 660 1504 παχύτης
706 1444 869 1491 ἄνωθεν
896 1453 1166 1492 πυκνωθεῖσα
1194 1448 1270 1504 τὴν
1297 1450 1563 1503 ἐμπεσοῦσαν

39 1532 92 1559 20
106 1515 237 1556 ἐκεῖσε
265 1511 413 1556 οὖσίαν
453 1514 530 1555 οὐκ
561 1516 613 1571 ἐᾷ
647 1530 694 1556 τε
735 1517 918 1557 διελθεῖν
959 1515 1033 1557 καί
1060 1517 1130 1558 ἐπὶ
1156 1514 1228 1558 τὸν
1254 1518 1397 1572 χαῖρον
1428 1516 1563 1570 αὐτῆς

104 1580 319 1623 α’νελθεῖν·
348 1582 578 1636 τηνικαῦτα
606 1579 688 1636 γὰρ
718 1580 800 1623 ὑπὸ
831 1584 906 1624 τοῦ
932 1584 1114 1639 νέφους,
1146 1580 1204 1631 ὥς
1232 1581 1415 1636 εἴπομεν,
1447 1598 1559 1635 συμ-

104 1647 327 1702 πιεζομένη
358 1661 404 1688 τε
435 1650 506 1689 καί
534 1646 756 1704 ω’θουμένη
783 1648 895 1691 κάτω
923 1646 1169 1705 ῥιπτεῖσθαι
1199 1648 1325 1691 πάλιν
1349 1647 1557 1702 βιάζεται.

104 1710 128 1753 ὅ
153 1714 199 1756 δὲ
235 1714 375 1768 ἕτερος
409 1714 676 1755 α’ποτύετεται
712 1715 915 1771 κεραυνὸς
941 1717 1022 1758 τῶν
1042 1717 1181 1772 νεφῶν
1207 1717 1559 1772 συντριβομένων.

195 1847 250 1869 22.
279 1834 504 1882 ῥιπτεῖσθαι
533 1836 805 1884 παραβιάζεται
831 1838 870 1871 F.

104 1948 167 1989 di,
196 1953 318 1982 tamen
356 1949 433 1982 eius
459 1948 644 1983 subtilitas
674 1955 711 1984 et
732 1954 922 1995 praeterea
951 1950 1137 1992 celeritas,
1163 1962 1236 1983 non
1261 1950 1323 1983 diu
1350 1950 1560 1996 corporibus

102 1994 319 2037 inhaerens,
353 1996 481 2030 illaesa
518 1998 704 2043 relinquit.
729 2003 867 2043 prester
890 2008 975 2030 vero
994 2023 1002 2038 ,
1037 1999 1130 2031 sicut
1153 1998 1269 2043 ipsum
1296 1997 1405 2031 etiam
1424 2010 1560 2033 nomen

105 2042 263 2084 indicat,
303 2042 425 2078 adurit
466 2055 508 2077 ea
543 2056 691 2090 corpora
722 2055 815 2090 quae
841 2045 1014 2089 attigerit.
1041 2050 1077 2078 et
1104 2044 1225 2078 adurit
1248 2051 1439 2090 propterea
1460 2046 1560 2091 quod

102 2101 222 2124 secum
240 2089 361 2125 trahat
375 2102 394 2124 e
412 2091 509 2125 nube
535 2093 721 2126 materiem
738 2091 916 2137 quandam
935 2092 1153 2134 crassiorem,
1184 2103 1336 2138 eamque
1353 2093 1560 2127 inflammet.

101 2143 298 2183 prestet-em
312 2139 429 2183 ipsum
451 2144 578 2173 ventus
594 2139 789 2185 praecedit.
819 2145 920 2184 patet
943 2139 1012 2172 hoc
1039 2138 1136 2181 inde,
1163 2139 1263 2184 quod
1288 2151 1329 2172 ea
1353 2151 1447 2185 quae
1473 2152 1561 2174 con-

102 2183 293 2230 flagratum
317 2191 422 2227 sunt,
447 2187 547 2232 prius
573 2199 592 2220 a
616 2193 723 2221 vento
751 2187 1008 2220 convellantur.
1036 2188 1172 2232 quippe
1196 2186 1301 2221 ssatus
1327 2188 1391 2220 ille
1418 2194 1560 2233 preste-

103 2232 169 2274 ris,
194 2243 275 2266 cum
301 2233 482 2267 sulfureus
508 2234 573 2275 sit,
599 2234 814 2268 verberandi
836 2245 877 2267 ac
904 2233 1158 2280 perrumpendi
1182 2235 1255 2268 vim
1282 2234 1404 2268 habet.

197 2280 325 2326 Itaque
350 2281 512 2322 fulmen,
537 2282 589 2315 fili
606 2307 615 2323 ‚
642 2282 711 2315 hoc
736 2288 790 2316 est
817 2281 936 2326 ignem
961 2282 1062 2315 illum
1089 2282 1253 2327 fulguris,
1278 2282 1338 2316 vel
1361 2294 1426 2327 per
1448 2283 1558 2316 nubi·

103 2337 164 2360 um
189 2327 417 2361 collisionem
442 2328 519 2361 fieri
555 2335 683 2374 putato
708 2330 767 2362 vel
792 2340 856 2374 per
889 2330 1175 2374 expressionem,
1202 2341 1281 2364 cum
1304 2330 1475 2363 nimirum
1502 2342 1559 2364 es-

105 2374 223 2407 sentia
247 2375 426 2421 quaedam
458 2376 563 2420 ignea
589 2377 627 2409 in
662 2377 775 2410 nubes
804 2376 957 2418 incidit,
995 2388 1034 2410 ac
1062 2388 1126 2422 per
1143 2377 1214 2411 vim
1240 2376 1327 2410 inde
1351 2390 1470 2411 rursus
1496 2390 1559 2411 ex·-

106 2421 284 2463 cernitur,
312 2423 488 2470 quasique
522 2424 567 2458 ab
606 2425 683 2470 ipsa
708 2425 805 2457 nube
832 2423 1056 2469 protruditur
1090 2430 1126 2461 et
1152 2425 1364 2470 impellitur.
1389 2437 1470 2459 nam
1499 2437 1558 2458 ec-

105 2469 330 2513 pyrenismus
366 2477 421 2505 est
455 2471 630 2516 quaedam
660 2472 762 2517 quasi
791 2471 983 2505 eiaculatio
1009 2483 1073 2517 per
1110 2473 1415 2517 compressionem
1441 2473 1555 2511 sacta,

107 2516 408 2559 quemadmodum
445 2529 511 2552 nos
551 2530 697 2565 quoque
729 2519 902 2553 olivarum
939 2518 1093 2561 ossicula
1125 2519 1247 2564 digitis
1277 2520 1554 2564 comprimentes

106 2561 164 2595 vel
191 2575 329 2598 sursum
351 2565 411 2598 vel
435 2565 602 2599 deorsum
640 2567 867 2600 eiaculamur.
893 2566 967 2600 tale
995 2566 1167 2612 quiddam
1196 2572 1252 2600 est
1276 2567 1433 2608 fulmen,
1459 2566 1557 2613 quod

106 2618 172 2651 per
210 2613 493 2656 ecpyrenismum
528 2614 587 2654 fit,
627 2625 706 2648 cum
748 2614 958 2659 praesertim
987 2614 1136 2649 inferior
1171 2614 1279 2647 nubis
1305 2615 1484 2648 crassities
1511 2614 1557 2647 de

108 2654 188 2687 loco
229 2660 411 2704 superiore
450 2659 670 2695 condensata
706 2663 900 2696 irruentem
935 2661 974 2695 iu
1022 2673 1060 2695 se
1091 2662 1330 2696 substantiam
1368 2668 1558 2707 penetrare

110 2712 284 2750 suumque
320 2706 366 2740 ad
400 2707 518 2741 locum
550 2708 701 2742 tendere
727 2720 799 2742 non
825 2710 919 2742 sinit.
950 2714 1034 2743 tunc
1063 2709 1158 2744 enim
1187 2721 1206 2742 a
1231 2709 1354 2750 nube,
1382 2709 1557 2755 quemad-

110 2747 252 2785 modum
276 2753 532 2797 indicavimus,
556 2766 757 2803 compressa
795 2762 831 2791 et
856 2756 1008 2802 impulsa
1033 2755 1200 2791 deorsum
1226 2767 1368 2802 vergere
1396 2767 1461 2803 per
1486 2757 1555 2790 vim
