1812 3172
230 173 233 179 ,
258 148 303 185 Π
673 139 900 179 BEKKERI
942 136 1260 178 PRAEFATIO.

249 246 495 313 egregius,
545 241 684 310 quod
724 241 950 298 decebat,
987 240 1225 308 scriptori
1265 255 1389 293 suo,
1422 238 1512 287 ubi
1547 237 1687 286 labo-

254 330 426 383 rabat,
461 327 534 374 ihi
567 341 884 381 succurrere,
915 322 1001 370 sed
1037 324 1092 370 in
1124 333 1347 370 extremo
1365 319 1570 369 demum
1606 337 1690 368 vo-

252 411 449 459 lumine
491 406 709 456 orationi
762 405 877 454 eius
914 403 1108 453 mendis
1150 402 1339 452 obsitae
1392 402 1692 469 lacunisque

247 492 412 540 hianti
460 489 651 538 mederi
686 488 863 556 coepit.
901 505 991 554 ego
1025 504 1142 535 vero
1174 484 1438 534 decessoris
1474 484 1572 532 mei
1609 485 1689 532 in-

248 572 572 622 commodum
622 569 945 619 commodum
991 586 1164 617 meum
1206 567 1502 624 arbitratus,
1556 564 1688 614 nihil

244 653 522 704 admodum
556 650 695 720 quod
727 668 925 718 agerem
957 667 1207 718 superesse
1240 648 1440 717 putavi,
1472 647 1512 696 si
1546 648 1692 714 quic-

250 736 379 804 quid
411 736 642 784 Labbeus
688 735 765 783 vel
819 732 1189 782 emendationis
1227 732 1302 779 vel
1344 729 1689 798 supplementi

247 819 304 869 in
351 830 591 866 notarum
633 833 842 865 suarum
884 815 1090 863 latebris
1135 812 1428 867 abdidisset,
1466 810 1521 860 id
1567 809 1692 858 inde

247 911 567 968 protractum
598 899 802 964 suisque
834 898 956 945 locis
974 896 1251 964 repositum
1285 895 1341 942 in
1376 906 1691 962 praesentem

250 1000 400 1030 usum
444 992 800 1029 converterem.
840 978 936 1026 feci
977 977 1173 1035 sedu10,
1215 976 1504 1044 paratisque
1533 975 1695 1046 copiis

248 1075 517 1112 contentus
539 1079 689 1110 novas
720 1059 969 1110 adeonon
1000 1059 1240 1127 requisivi
1274 1071 1335 1107 ut
1367 1060 1519 1107 etiam
1551 1057 1691 1106 ultro

250 1145 432 1194 oblatis
461 1143 810 1198 abstinuerim,
844 1144 983 1191 velut
1007 1142 1111 1199 illo,
1145 1158 1298 1208 quem
1318 1140 1383 1188 ab
1411 1140 1518 1208 ipso
1553 1151 1693 1188 trans

250 1227 512 1276 Oceanum
548 1225 781 1274 Bostonio
821 1224 1106 1290 Pickeringi
1151 1221 1484 1291 promittebat
1513 1221 1693 1270 huma-

247 1308 396 1366 nitas,
429 1307 600 1361 seculi‚
634 1319 695 1356 ut
726 1305 902 1362 fertur,
937 1304 1120 1352 decimi
1160 1304 1295 1352 tertii
1329 1301 1529 1352 codice.¹
1550 1312 1694 1352 notas

249 1402 420 1438 autem
470 1388 684 1447 Labbei‚
747 1387 942 1456 quippe
1001 1385 1218 1454 demptis
1273 1402 1406 1452 quae
1454 1384 1693 1433 criticum

249 1489 399 1519 usum
428 1470 676 1519 haberent
709 1470 1002 1523 exinanitas,
1037 1466 1340 1516 omittendas
1372 1483 1473 1515 esse
1505 1467 1691 1515 censui.

248 1571 343 1601 nec
376 1552 564 1602 servavi
599 1568 731 1618 quae
765 1563 1022 1618 praeterea
1065 1548 1332 1597 addiderat
1363 1547 1520 1598 editio
1552 1550 1694 1598 Pari-

248 1635 447 1691 siensis,
479 1633 663 1683 codicis
697 1630 1180 1681 Fontisebraldensis
1225 1630 1473 1687 indicem,
1502 1631 1692 1699 Gly'cae

249 1716 616 1785 disputationes
662 1715 786 1763 duas
831 1714 1133 1781 theologicas
1172 1732 1200 1761 a
1245 1716 1478 1762 Pontano
1511 1713 1692 1763 Latine

246 1799 419 1855 editas,
438 1799 646 1848 Mem-sii
669 1797 730 1845 de
741 1795 1011 1845 Theodoro
1026 1795 1298 1845 Metochita
1319 1795 1691 1863 praeloquium,

244 1881 523 1948 Nicephori
558 1881 810 1946 Gregorae
829 1878 890 1926 de
924 1877 1099 1926 eodem
1115 1876 1382 1925 Theodoro
1406 1877 1688 1926 orationem

218 1964 530 2021 funebrem,
562 1962 856 2010 Leunclavii
891 1959 1113 2028 denique
1143 1959 1410 2008 annalium
1436 1959 1690 2026 Glycano-

245 2063 364 2094 rum
396 2044 461 2092 ad
495 2055 695 2112 captam
729 2061 759 2091 a
790 2043 971 2091 Turcis
1014 2042 1195 2091 urbem
1228 2041 1687 2089 continuationem:

245 2144 303 2174 ea
339 2126 478 2174 enim
519 2125 691 2174 omnia
733 2136 825 2173 aut
872 2143 1059 2193 parum
1103 2123 1372 2172 necessaria
1414 2139 1514 2172 esse
1554 2113 1688 2171 vide-

245 2208 441 2256 bantur
481 2218 572 2256 ant
614 2206 679 2256 ab
724 2205 821 2256 hoc
863 2206 1102 2258 historiae
1134 2205 1436 2272 Byzantinae
1477 2221 1688 2274 corpore

248 2288 428 2338 aliena.

375 2401 529 2452 Scrib.
563 2403 783 2451 Berolini
828 2401 894 2450 id.
931 2406 1036 2452 Ian.
1070 2420 1113 2450 a.
1155 2398 1290 2452 1855.
