1826 3120
623 139 907 182 ANNALmM
946 141 1082 183 PARS
1123 143 1177 183 ιι.
1498 140 1607 196 227

161 244 231 297 ,,ει“
257 241 279 283 ὅ
306 243 439 296 μέγας
456 242 635 289 Παῦλος
655 239 677 281 ὅ
699 242 782 282 τῶν
815 239 1005 296 ἀρρήτων
1023 242 1192 285 ἐκείνων
1212 239 1408 298 ῥημάτων
1431 241 1613 282 α’κοῧσαι

160 310 447 361 καταξιωθείς,
465 302 523 349 ὧν
536 308 666 361 μέχρι
686 308 760 362 τῆς
790 306 974 362 σήμερον
1000 308 1141 358 ον’δείς
1168 304 1294 358 ἄλλος
1325 304 1489 363 ἤκουσε,
1509 306 1613 362 γρά-

161 391 257 432 φων
295 373 434 429 ἔλεγεν
476 374 708 425 ὑπωπιάζω
736 389 821 426 μου
852 371 898 415 τὸ
928 375 1053 427 σῶμα
1079 374 1152 418 καί
1176 377 1457 431 δουλαγωγῶ,
1487 373 1533 417 τί
1560 368 1613 416 ἂν

158 440 347 494 εἴποιμεν
380 441 544 496 ἧμεΐς;”
573 457 644 483 και
673 438 772 495 περὶ
800 440 963 482 τούτων
982 437 1129 490 ου’τως.

122 507 146 548 5
263 508 312 551 Ὁ
341 509 387 550 δὲ
410 506 547 561 Ἀδὰμ
575 504 683 561 μετὰ
721 504 768 550 τό
799 506 1053 562 ἐκβληθῆναι
1084 508 1163 548 τοῦ
1189 509 1449 564 παραδείσου
1481 509 1658 564 (τηνι-Ι)

156 577 297 618 καῦτα
348 573 428 628 γάρ
472 589 648 628 αρχεται
688 571 715 627 ἦ
755 574 1069 630 χρονογραφία)
1115 573 1245 629 ζήσας
1285 574 1508 618 ἐννακόσια
1546 572 1618 630 ἔτη

156 639 262 696 πρὸς
284 646 366 691 τοῖς
397 640 620 696 τριάκοντα
647 640 819 696 τελευτᾷ
847 639 892 686 έν
916 640 1115 696 Ἰουδαία,
1143 640 1269 682 κιίκεῖ
1293 643 1522 684 τέθαπται.
1548 643 1621 682 καί

155 710 246 757 πῶς
276 723 417 750 ακουε.
484 705 506 748 ὅ
533 708 664 760 μέγας
701 704 944 762 Ἐπιφὰνιος
977 707 1022 747 ἐν
1065 711 1153 757 τοῖς
1182 710 1446 784 Παναριόις,
1477 704 1620 750 ωσαύ-

155 790 236 823 τως
261 775 334 816 καί
359 773 382 815 ὁ
421 774 552 827 μέγας
579 771 804 821 Βασι’λειος
831 773 877 815 ἐν
909 773 961 829 τῇ
995 773 1056 822 εἰς
1095 771 1169 814 τὸν
1193 770 1412 829 προφήτην
1438 773 1620 816 Ἡσαΐαν

97 835 352 899 ιοὲρμηνείᾳ
380 842 491 894 λέγει
522 834 714 895 ἄγραφον
740 836 977 893 παράδοσιν
1003 837 1317 894 περισώζεσθαι
1345 841 1394 895 τῇ
1422 840 1619 897 ἐκκλησίᾳ

155 908 255 963 περί
281 908 357 951 τοῦ
382 905 528 959 Ἀδάμ,
562 905 618 955 ὥς
651 900 783 953 εὖθύς
810 902 915 958 μετὰ
945 901 991 946 τὸ
1025 906 1279 959 ἐκβληθῆναι
1308 907 1384 947 τοῦ
1412 907 1617 959 παραδεί-

153 988 233 1016 σου
262 973 323 1022 εἰς
350 970 426 1028 τὴν
449 969 661 1014 Ἰουδαίαν
689 972 829 1014 ἐλθεῖν
855 968 987 1027 χάριν
1001 973 1261 1026 παρηγορίας
1290 964 1348 1014 ὧν
1376 972 1616 1014 α’πώλεσεν·

154 1035 266 1094 αὕτη
305 1041 380 1081 καί
412 1037 495 1094 γάρ
526 1040 579 1095 γῆ
613 1039 720 1081 πίων
747 1042 950 1080 καλεῖται.
1008 1039 1140 1080 ἐκεῖσε
1170 1037 1314 1080 λοιπὸν
1341 1039 1617 1092 ἐνδιατρίβει,

154 1105 288 1148 ἐκεῖσε
332 1104 407 1147 καί
451 1107 672 1147 τέθαπται.
743 1106 894 1157 θαῦμα
920 1105 998 1158 μὲν
1026 1099 1100 1146 οὖν
1128 1103 1261 1146 ἐδόκει
1288 1110 1376 1155 τοῖς
1403 1103 1562 1159 ὄραῖσιν
1590 1103 1617 1158 ἦ

94 1174 142 1218 15
155 1172 314 1214 ἐκείνου
343 1170 506 1228 κεφαλὴ
538 1174 611 1226 τῆς
640 1170 794 1227 σαρκὸς
811 1172 1100 1226 διαρρυείσης,
1133 1167 1198 1213 ὅτι
1227 1169 1299 1213 καί
1317 1173 1482 1226 πρῶτον
1510 1172 1618 1213 ἐκεῖ·

154 1253 225 1282 νον
253 1237 439 1281 Ἰουδαία
470 1235 619 1293 νεκρὸν
645 1239 827 1290 ἐδέξατο.
886 1238 931 1279 ἐν
956 1238 1062 1295 τόπῳ
1091 1235 1232 1279 λοιπόν
1259 1253 1343 1281 τινι
1376 1238 1614 1289 καταθέμε..
1628 1255 1662 1289 Ρ,
1683 1266 1741 1289 ,Ἢ

152 1319 218 1346 νοι
238 1302 283 1347 τὸ
313 1307 500 1347 τοιοῦτον
518 1306 699 1360 κρανίον,
728 1302 854 1346 τόπον
882 1305 1054 1359 κρανίου
1083 1302 1156 1346 τὸν
1173 1303 1298 1346 τόπον
1328 1306 1482 1347 ἐκεῖνον
1511 1301 1615 1345 αἰνό-

152 1386 311 1423 μασοιν.
366 1372 500 1413 ἐκεῖσε
519 1366 595 1412 οὖν
623 1373 886 1425 σταυροῦται
913 1366 933 1411 ὅ
964 1370 1163 1424 κύριος,“
1149 1369 1218 1412 ι’να
1241 1368 1313 1412 διὰ
1340 1367 1466 1419 ξυλου
1498 1367 1615 1421 ζωω-

151 1451 205 1492 σῃ
238 1434 312 1478 τὸν
360 1434 430 1479 δια
462 1435 591 1488 ξύλου
633 1434 792 1491 σχόντα
820 1434 895 1492 τήν
922 1439 1134 1490 νέκρωσιν.
1193 1438 1438 1497 φλυαροῦσι
1465 1433 1666 1487 λοιπόνν
1677 1452 1723 1502 94

88 1500 190 1547 2002
223 1504 426 1545 Τατιανοι
464 1503 520 1559 μὴ
563 1505 754 1559 σωθῆναι
792 1501 865 1546 τὸν
888 1498 1028 1554 Ἀδαμ
1065 1504 1262 1558 λέγοντες.
1328 1519 1426 1558 περι
1467 1505 1614 1556 μέντοι

150 1570 225 1611 τοῦ
258 1570 400 1613 ἐλθεῖν
426 1569 494 1611 τὸν
523 1568 701 1623 Ἀδὰμ’
681 1586 725 1612 εν
752 1571 806 1625 γῇ
835 1571 888 1627 τῇ
911 1565 1096 1627 Ἰουδαία
1122 1570 1288 1611 κάκεῖσε
1306 1569 1493 1626 ταφῆναι
1520 1569 1612 1610 δια-

151 1632 359 1693 λαμβάνει
390 1634 413 1677 ὄ
442 1635 636 1692 Ἰώσηπος
666 1633 748 1679 α’πιὶ
775 1636 994 1693 Ἑβραϊκῆς
1023 1633 1212 1692 ἱστορίας
1239 1637 1360 1679 τοῦτο
1386 1634 1552 1690 μαθών.

153 1804 353 1838 ineffabilia
389 1805 498 1838 verba
541 1804 635 1838 nulli
676 1805 723 1838 ad
753 1805 849 1840 hunc
872 1817 989 1852 usque
1016 1805 1112 1839 diem
1140 1805 1203 1839 alii
1229 1807 1436 1840 mortalium
1463 1805 1609 1846 audita,

153 1852 275 1886 dicere
309 1864 383 1886 non
420 1852 604 1886 dubitavit
637 1855 671 1894 (ι
704 1852 783 1885 Cor.
809 1864 831 1896 9
859 1855 920 1897 27)
944 1865 980 1886 se
1018 1857 1145 1897 corpus
1180 1865 1284 1886 suum
1321 1853 1545 1886 contundere
1569 1864 1611 1886 ac

152 1900 338 1944 subigere,
370 1899 459 1946 quid
482 1911 547 1934 nos
573 1900 719 1934 tandem
749 1899 794 1933 de
824 1899 929 1934 nobis
955 1900 1075 1934 dicere
1094 1911 1159 1946 par
1184 1900 1282 1934 est?”
1310 1912 1350 1934 ac
1375 1900 1420 1936 de
1442 1899 1499 1934 his
1526 1901 1610 1948 qui-

153 1946 236 1981 dem
267 1946 455 1982 hactenus.

244 1994 402 2029 Adamus
429 2000 549 2029 autem
577 1995 713 2028 eiectus
733 2005 752 2027 e
769 1993 937 2039 paradiso
958 1993 1059 2039 (hinc
1084 1994 1179 2032 enim
1198 1999 1400 2039 temporum
1418 1995 1610 2028 annotatio

153 2042 358 2088 inchoatur)
385 2054 463 2076 cum
491 2054 603 2076 annos
629 2043 698 2087 930
723 2041 878 2075 vivendo
898 2041 1099 2086 explesset,
1126 2041 1164 2074 in
1187 2040 1319 2075 Iuda‘ea
1346 2048 1510 2077 mortuus
1535 2048 1609 2084 est,

152 2090 363 2136 ibidemque
389 2091 564 2137 sepultus.
590 2090 687 2123 unde
717 2089 756 2122 id
782 2094 943 2129 constet,
980 2087 1077 2121 audi.
1127 2088 1154 2122 E
1183 2088 1350 2133 iphanius
1381 2090 1419 2123 in
1447 2090 1610 2123 Panariis

151 2143 190 2171 et
212 2139 364 2172 Basilius
391 2139 428 2171 in
459 2139 584 2172 Esaiae
611 2138 703 2171 vatis
731 2136 959 2170 enarratione
995 2135 1144 2170 tradunt
1185 2136 1401 2171 raditionem
1428 2137 1610 2183 quandam

150 2196 226 2219 non
249 2186 419 2231 scriptam
443 2186 481 2219 in
506 2186 658 2219 ecclesia
682 2185 854 2226 retineri,
878 2183 1054 2217 Adamum
1074 2182 1118 2216 de
1143 2183 1312 2229 paradiso
1342 2185 1497 2218 eiectum
1525 2196 1611 2218 mox

151 2233 190 2266 in
213 2233 384 2267 Iudaeam
422 2234 648 2279 pervenisse,
688 2244 761 2278 quo
788 2231 910 2265 damni
943 2231 1029 2264 facti
1067 2231 1235 2264 solatium
1267 2232 1418 2278 aliquod
1443 2233 1609 2266 haberet.

150 2291 235 2314 nam
275 2281 352 2315 eius
388 2286 505 2314 terrae
532 2281 648 2314 solum
680 2281 815 2326 pingue
842 2279 951 2313 sacris
990 2279 1027 2311 in
1060 2278 1191 2312 litteris
1224 2279 1451 2325 appellatur,
1474 2280 1513 2313 in
1537 2291 1610 2325 qua

152 2326 324 2374 deinceps
344 2340 423 2361 cum
462 2329 611 2362 vixisset
643 2328 778 2361 ibidem
803 2327 966 2372 sepultus
992 2325 1069 2359 fuit
1098 2333 1135 2360 et
1159 2326 1351 2361 videbatur
1373 2328 1451 2361 eius
1480 2332 1608 2372 caput,

150 2376 217 2409 ubi
244 2377 315 2409 iam
342 2387 463 2409 carnes
503 2375 759 2417 defluxissent,
800 2376 927 2408 mirum
955 2373 1135 2419 quoddam
1162 2374 1390 2408 intuentibus
1417 2386 1494 2408 esse
1523 2385 1609 2419 spe-

150 2424 345 2466 ctaculum,
374 2424 583 2469 praesertim
610 2435 689 2457 cum
714 2423 849 2457 Iudaea
874 2421 1028 2467 primum
1053 2422 1214 2455 omnium
1232 2422 1383 2457 cadaver
1407 2423 1522 2476 ipsit-is
1548 2433 1610 2453 ex-

152 2471 316 2515 cepisset.
345 2472 469 2517 itaque
495 2472 575 2504 loco
598 2471 753 2517 quodam
769 2470 859 2503 hac
850 2469 962 2514 ipsius
989 2469 1139 2502 calvaria
1164 2469 1321 2511 condita,
1348 2470 1467 2503 locum
1490 2469 1610 2513 ipsum

152 2518 324 2552 calvariae
348 2519 468 2552 locum
494 2518 637 2559 dixere3
663 2531 735 2564 quo
763 2519 840 2551 loco
868 2517 1037 2571 deinceps
1062 2518 1099 2550 in
1122 2528 1262 2550 crucem
1286 2517 1452 2550 dominus
1481 2516 1607 2560 agitur,

153 2570 194 2598 ut
217 2566 255 2599 in
280 2567 378 2611 ligno
405 2578 485 2599 eum
519 2566 724 2599 restitueret
750 2566 866 2605 vitae,
893 2564 956 2610 qui
992 2575 1055 2610 per
1083 2565 1219 2609 lignum
1246 2564 1460 2599 mortalitati
1491 2564 1606 2596 stactus

154 2611 273 2647 fuerat
297 2614 486 2646 obnoxius.
514 2625 584 2659 qna
613 2612 657 2645 de
684 2625 788 2647 causa
814 2623 925 2656 nugas
949 2623 1052 2656 agere
1067 2612 1236 2646 Tatianos
1261 2618 1316 2646 est
1340 2621 1499 2651 neeesse,
1526 2622 1608 2644 cum

155 2657 326 2694 Adamum
351 2662 501 2694 salutem
536 2665 768 2695 consecutum
803 2664 948 2704 neg-ant
978 2659 1152 2702 eundem,
1192 2671 1255 2692 cen
1283 2659 1456 2699 diximus,
1482 2659 1520 2691 in
1547 2658 1608 2690 Iu-

157 2703 281 2741 daeam
314 2709 473 2743 delatum
508 2707 644 2741 ibidem
681 2713 795 2741 terrae
814 2706 1019 2739 mandatum
1053 2717 1151 2746 esse,
1177 2705 1351 2753 Iosephus
1390 2706 1519 2747 etiam,
1539 2704 1605 2738 de

156 2751 331 2788 Hebraica
354 2762 561 2801 perceptum
588 2755 762 2795 historia,
789 2754 981 2786 memoriae
1006 2753 1179 2798 prodidit.
