1812 3172
514 392 786 442 LABBEI
816 390 1284 442 DEDICATIO.

449 533 1004 574 EMINENTISSIMO
1046 534 1354 575 PRINCIPI

270 618 511 709 mmo
552 644 1023 710 CARDINALI
1063 614 1533 710 MAzARmo..

732 783 1064 791 ---α..-...--

174 861 297 924 Cum
325 882 528 925 redditam
569 884 766 940 Europae
797 896 942 940 pacem
958 915 971 937 ‚
1015 890 1141 940 teque
1185 890 1357 926 auctore
1398 883 1563 924 tandem
1591 888 1633 923 et

173 956 316 991 actore
370 964 454 990 uno
501 951 753 1006 perfectam,
808 951 972 992 ordines
1024 966 1164 1007 omnes
1208 952 1373 991 summis
1415 950 1635 1006 gratissimi

173 1017 298 1057 animi
326 1017 688 1072 significationibus
716 1024 1040 1075 prosequuntur,
1066 1018 1264 1073 Princeps
1292 1017 1633 1069 Eminentissime,

171 1089 261 1124 tum
300 1083 535 1125 litterarum
576 1091 635 1126 est
677 1084 1048 1142 doctrinarumque
1087 1086 1274 1125 omnium
1300 1085 1524 1140 proprium
1551 1084 1638 1126 hoc

171 1151 247 1190 sihi
273 1151 520 1192 heneficium
546 1153 841 1194 immortaliter
865 1153 1123 1207 praedicare.
1154 1158 1195 1193 et
1213 1158 1354 1192 auctos
1381 1157 1518 1192 tame'n
1546 1151 1631 1192 hoc

169 1223 344 1258 munere
371 1218 532 1260 labores
559 1219 794 1275 intelligunt
820 1234 937 1268 suos;
965 1220 1200 1274 meritoque
1243 1219 1433 1259 dubitant
1461 1219 1534 1275 qui
1560 1233 1631 1258 re-

171 1284 376 1339 spondere
405 1285 487 1325 iam
525 1287 682 1326 meritis
714 1288 793 1326 tuis
819 1288 1002 1342 possint,
1036 1301 1141 1342 quae
1179 1301 1230 1327 ne
1260 1287 1370 1327 inter
1395 1286 1503 1326 bella
1533 1286 1632 1341 qui-

171 1350 265 1391 dem
309 1352 497 1392 ornando
548 1353 624 1392 tibi
665 1369 780 1408 pares
825 1360 954 1394 erant.
1012 1353 1083 1394 sed
1120 1359 1526 1394 recreantur‘tamen
1551 1353 1636 1394 hoc

172 1417 346 1463 solatio,
381 1418 496 1473 quod
524 1433 730 1460 novarum
759 1421 835 1460 sihi
859 1420 1014 1460 virium
1040 1420 1213 1460 accessio
1253 1421 1361 1459 facta
1391 1425 1472 1472 e'st,
1501 1435 1635 1474 neque

172 1485 326 1524 iam'in
340 1485 474 1524 Gallia
498 1491 674 1535 tantum,
709 1486 779 1526 sed
810 1487 934 1526 etiam
968 1486 1081 1540 apud
1113 1492 1250 1540 gentes
1280 1492 1473 1538 caeteras,
1505 1486 1632 1542 quid-

173 1551 276 1607 quid
304 1552 459 1607 uhique
486 1552 722 1592 litterarum
748 1559 789 1594 et
816 1554 1052 1607 linguarum
1081 1559 1161 1605 est,
1192 1554 1270 1592 tuis
1300 1546 1533 1607 praeconiis
1562 1568 1634 1593 re-

171 1619 349 1658 sonabit.
375 1634 470 1659 cum
494 1620 604 1659 enim
630 1620 727 1660 belli
766 1626 958 1674 tempore
988 1620 1146 1673 optime
1177 1620 1227 1660 de
1256 1620 1403 1673 Gallia,
1434 1635 1547 1660 secus
1578 1619 1631 1660 de

171 1685 233 1724 his
253 1699 356 1740 quos
371 1685 506 1726 hostes
527 1691 764 1740 temporum
787 1687 980 1742 iniquitas
1004 1687 1171 1739 fecerat,
1194 1687 1364 1727 meritus
1384 1701 1499 1738 esses,
1522 1702 1633 1726 nunc

171 1752 350 1806 Populos
381 1766 520 1792 omncs
540 1766 751 1793 concessae
780 1754 891 1807 pacis
921 1768 1093 1793 munere
1123 1753 1349 1794 devinxisti.
1385 1753 1635 1794 admirabilis

173 1824 239 1858 tot
266 1833 441 1868 vocum,
470 1824 536 1858 tot
576 1818 832 1868 studiorum,
875 1826 941 1859 tot
968 1821 1185 1858 nationum
1212 1826 1434 1860 concentus
1465 1820 1631 1872 existet,

173 1886 331 1940 gloriae
360 1891 457 1926 tuae
497 1900 677 1940 suaeque
718 1886 902 1926 felicitati
933 1886 1249 1940 gratulantium;
1293 1887 1335 1926 in
1366 1901 1449 1942 quo
1478 1888 1634 1942 primas

174 1952 328 1994 eruditi
374 1952 601 2003 tenebunt,
658 1967 839 2007 quorum
884 1958 990 1993 artes
1026 1953 1154 1993 veluti
1196 1954 1375 1993 alumnas
1420 1955 1633 2008 perpetuis

175 2020 397 2074 complecti
436 2020 644 2060 beneficiis
686 2035 733 2060 ac
774 2020 916 2074 fovere
959 2033 1043 2058 non
1073 2034 1209 2059 cessas.
1239 2027 1405 2074 patere,
1434 2021 1635 2075 Princeps

172 2086 535 2139 Eminentissime,
564 2102 698 2127 meam
739 2101 908 2141 quoque
949 2086 991 2125 in
1035 2086 1104 2126 illo
1134 2094 1363 2139 concentu,
1391 2094 1462 2127 aut
1490 2089 1629 2142 potius

173 2152 378 2193 societatis
407 2159 572 2195 nostrae
600 2168 747 2194 vocem
775 2168 853 2208 per
882 2168 946 2194 me
990 2161 1274 2207 resonantem,
1303 2155 1463 2204 audiri,
1495 2169 1631 2210 neque

175 2221 257 2260 iam
286 2221 522 2262 communia
560 2221 628 2261 illa
669 2221 779 2261 etin
819 2235 958 2260 omnes
1001 2235 1137 2275 sparsa
1180 2222 1360 2276 populos
1397 2222 1626 2269 beneficia,

173 2286 243 2327 sed
271 2287 521 2327 immortalia
547 2288 589 2327 in
617 2302 691 2327 nos
708 2287 856 2327 merita
884 2287 1186 2337 celebrantem;
1215 2289 1287 2343 qui
1315 2295 1357 2329 et
1381 2289 1518 2329 multis
1548 2289 1630 2328 iam

174 2353 338 2407 pridem
365 2354 441 2393 tibi
471 2369 605 2394 sumus
624 2355 856 2394 nominibus
888 2355 1096 2405 obstricti,
1126 2362 1167 2395 et
1192 2370 1331 2395 recens
1362 2355 1463 2395 illud
1492 2371 1626 2411 quan-

175 2435 300 2474 quam
330 2421 515 2461 omnium
545 2435 763 2461 commune
785 2421 897 2475 pacis
920 2421 1165 2462 benefici-um
1193 2423 1311 2462 nohis
1332 2423 1507 2477 proprie
1536 2423 1626 2462 col-

175 2486 304 2526 latum
335 2488 602 2541 agnoscimus.
662 2503 757 2528 cum
787 2487 896 2528 enim
925 2487 1100 2528 instituti
1130 2490 1261 2528 nostri
1290 2490 1341 2528 sit
1370 2496 1412 2530 ct
1438 2490 1621 2543 optima-

176 2567 271 2591 rum
315 2554 468 2594 artium
506 2553 736 2610 disciplinas
775 2555 999 2609 profiteri,
1038 2571 1217 2610 quarum
1261 2555 1401 2595 studiis
1435 2556 1537 2595 nihil
1566 2562 1625 2595 cst

177 2632 392 2659 armorum
418 2622 595 2675 strepitu
631 2622 835 2671 infestius,
865 2627 907 2661 et
939 2622 1166 2663 excolendis
1193 2622 1410 2662 hominum
1439 2622 1626 2662 moribus

178 2684 342 2727 studere
373 2686 736 2744 profligandaeque
767 2688 984 2743 impietati,
1017 2704 1121 2746 quae
1149 2689 1353 2744 impunius
1384 2689 1492 2729 inter
1517 2687 1625 2729 bella
