1826 3120
615 108 902 151 ANNALmM
942 108 1078 151 PARS
1117 111 1149 150 1.
1525 91 1563 158 4
1576 112 1594 148 1

147 211 274 266 λη’νης
316 209 509 254 κάκεῖθεν
557 205 682 268 ἄχρις
725 208 845 268 ἡλίου
894 212 1109 267 διάστημα
1148 210 1303 254 εἰδέναι
1359 213 1604 267 φιλοτιμού-

148 292 283 330 μενοι.

256 344 352 385 Καὶ
379 343 419 384 οἱ
446 345 528 396 μὲν
574 345 879 400 ὁιαληφθέντες
908 337 1076 386 ἄνωθεν
1103 340 1252 400 ἄνδρες
1279 346 1379 399 περί
1402 361 1602 400 παραγω-

144 410 219 464 γῆς
248 409 359 463 ὁμοῦ
379 413 453 452 καί
476 412 683 464 μεγέθους
715 411 800 451 τῶν
829 409 907 451 δύο
928 409 1167 465 φωστήρων
1196 411 1354 454 οὖτωσί
1380 410 1601 468 διειλήφα-

106 480 213 520 5σιν
230 493 243 504 ·
303 473 324 517 ὃ
355 478 402 518 δὲ
428 475 480 519 τὰ
507 480 606 519 θεῖα
634 475 764 532 σοφὸς
791 474 866 517 καὶ
899 477 1032 530 μέγας
1053 478 1280 528 Βασίλειος
1301 479 1360 528 εἰς
1389 473 1601 529 ἀπόδειξιν

142 544 217 585 τοῦ
255 545 463 597 μεγέθους
504 539 646 585 adu&
671 540 745 584 καί
768 540 873 583 τάδε
909 545 1196 598 προστίθησιν.
1254 546 1442 599 α’πείρων
1471 539 1599 588 ὄντων

142 611 202 667 τῷ
227 607 381 664 πλήθει
409 610 494 652 τῶν
520 610 610 650 κατ’
642 606 823 663 ου’ρανὸν
851 608 1039 662 οἷστέρων
1057 641 1070 662 ,
1099 608 1146 651 τὸ
1180 615 1279 663 παρ’
1309 607 1448 653 αὗταῖν
1475 618 1640 653 ‹tvvs-C

142 674 416 729 ρανιζόμενον
448 677 541 731 φῶς
571 675 648 715 οὐκ
674 676 844 730 ἐξαρκεῖ
877 675 1075 718 διαλῦσαι
1102 677 1175 730 τῆς
1194 677 1339 725 νυκτός
1366 674 1444 733 τήν
1474 676 1599 730 κατή-

142 757 282 798 φειαν.
339 740 465 796 μόνος
506 742 554 783 δὲ
580 739 602 783 ὅ
632 736 749 796 ἥλιος
775 741 1037 797 ὗπερφανείς
1061 743 1136 784 τοῦ
1166 742 1381 797 ὁρίζοντος
1399 775 1411 797 ,
1435 745 1598 795 μᾶλλον

79 826 128 853 10
142 809 188 851 δὲ
216 806 280 850 ἔτι
305 809 380 850 καί
403 805 750 865 προσδοκώμενος
767 839 780 861 ,
827 803 1010 863 ἠφάνισε
1038 810 1118 861 μὲν
1143 807 1191 852 τὸ
1222 808 1389 862 σκότος,
1416 809 1596 865 ὖπερηύ·

139 889 242 929 γασε
269 875 316 917 δὲ
340 871 440 923 τούς
465 869 667 928 ἀστέρας,
709 876 781 915 καί
811 873 1024 928 πεπηγότα
1051 877 1156 925 τέως
1184 878 1257 918 καί
1278 878 1596 930 συμπεπιλημέ-

138 956 209 982 νον
233 938 306 982 τὸν
327 941 428 996 περὶ
452 942 528 996 γῆν
556 942 662 995 ἀέρα
684 941 880 995 κατέτηξέ
899 955 943 982 τε
971 939 1045 982 καὶ
1071 942 1246 996 διέχεεν,
1277 938 1378 983 ὅθεν
1403 941 1476 983 καί
1501 938 1593 984 ἄνε-
1607 956 1650 990 v,
1669 969 1706 1002 ¹7

136 1022 213 1060 μοι
241 1002 415 1049 ἑωθινοί
440 1008 514 1049 καί
552 1006 699 1063 δρόσοι
731 1008 776 1049 ἐν
806 1009 956 1065 αἰθρίᾳ
983 1005 1059 1062 τήν
1085 1009 1164 1063 γῆν
1191 1010 1476 1064 περιρρέουσι.
1530 1025 1598 1052 το-

137 1074 306 1129 σαύτην
337 1073 385 1115 δὲ
430 1068 562 1116 οὖσαν
607 1073 683 1129 τήν
717 1076 792 1129 γῆν
819 1076 909 1124 πῶς
951 1070 1004 1116 ἂν
1043 1073 1237 1130 ἠδυνήθη
1266 1076 1308 1117 ἐν
1338 1077 1418 1132 μιᾷ
1445 1079 1598 1131 καιροῦ

77 1137 250 1197 ι5ῥοπῇ
276 1138 352 1195 τήν
380 1143 521 1183 πᾶσαν
550 1142 882 1197 καταφωτίζειν,
930 1141 970 1184 εἰ
997 1140 1057 1196 μὴ
1089 1140 1170 1183 ἀπὸ
1199 1140 1388 1197 μεγάλου
1418 1144 1495 1185 τοῦ
1522 1140 1597 1184 κύ-

136 1210 236 1249 κλου
264 1208 498 1261 κατέπεμπε
525 1206 601 1263 τήν
632 1204 791 1264 αὖγὴνς

251 1271 379 1316 Οὖ’τω
404 1277 482 1327 μὲν
508 1269 584 1316 ουν
611 1276 684 1316 καί
709 1276 781 1316 ἐπι
801 1277 872 1330 τῆς
893 1272 1104 1330 σελήνης’
1085 1274 1199 1317 ε’στιν
1226 1276 1345 1317 ιὸεΐν.
1373 1277 1481 1329 μέγα
1509 1275 1635 1332 γάρι)

136 1357 205 1383 και
234 1338 280 1383 τὸ
306 1343 431 1394 σῶμα
455 1338 501 1382 τὸ
529 1341 602 1396 τῆς
630 1340 816 1421 σελήνης,
842 1358 910 1383 και
942 1342 1175 1398 φανότατόν
1189 1356 1235 1396 γε
1263 1357 1370 1396 μετα
1403 1340 1474 1384 τὸν
1502 1339 1593 1397 ἥλι-

134 1421 194 1449 ον.
250 1407 322 1449 ἐπι
346 1405 427 1462 γάρ
458 1405 617 1448 τούτων
644 1424 716 1448 και
755 1405 782 1463 ἦ
821 1407 919 1462 ἁγία
957 1408 1041 1464 ἔφη
1083 1406 1227 1463 γραφή
1268 1424 1368 1462 ,,και
1398 1409 1591 1464 ἐποίησεν

70 1473 158 1515 206
187 1471 286 1523 θεὸς
306 1471 404 1523 τούς
424 1475 654 1530 φωστῆρας
680 1473 779 1524 τούς
796 1472 1041 1529 μεγάλουςΡ
1067 1475 1276 1529 μεγάλους
1296 1474 1343 1516 δὲ
1370 1471 1485 1518 εἶπεν
1510 1475 1594 1517 αὖ...

135 1537 236 1589 τούς
262 1539 340 1581 οὔκ
369 1539 516 1594 ἐπειδὴ
533 1541 705 1593 μείζους
735 1542 817 1582 τῶν
844 1543 1107 1597 μικροτέρων
1133 1542 1320 1596 α’στέρων
1350 1542 1469 1594 εἰσίν,
1502 1542 1593 1583 ἀλλ’

135 1604 281 1661 ἐπειδὴ
327 1609 522 1649 τοσοῦτοι
548 1605 628 1662 τὴν
655 1606 920 1664 περιγραφήν
956 1604 1061 1651 ὥστε
1093 1608 1282 1665 ἐξαρκεῖν
1309 1606 1385 1663 τήν
1412 1609 1483 1651 α’π’
1513 1605 1593 1651 αυ’-

233 1718 284 1751 ¹9·
308 1707 428 1754 τούτῳ
453 1708 490 1741 Ρ.

135 1813 274 1845 deiecta
306 1812 451 1845 nautica
488 1812 588 1845 linea
623 1812 803 1857 explorari
837 1818 979 1858 potest,
1014 1813 1244 1847 intervallum
1282 1813 1381 1858 quod
1417 1818 1471 1847 est
1496 1814 1591 1848 inter

133 1860 255 1893 lunam
283 1864 320 1892 et
349 1864 481 1892 terram
504 1870 544 1892 ac
567 1859 725 1893 vicissim
757 1861 853 1893 inter
875 1861 988 1893 solem
1014 1871 1056 1893 ac
1081 1861 1203 1894 lunam
1228 1861 1412 1905 cognitum
1439 1872 1517 1895 esse
1541 1863 1593 1896 si-

130 1907 171 1940 bi
197 1906 369 1951 singulari
398 1918 479 1940 cum
505 1906 704 1940 ambitione
730 1907 906 1952 profiteri.

226 1954 271 1987 Et
305 1953 480 1987 hactenus
514 1954 662 2000 quidem
704 1954 749 1987 de
788 1960 869 1987 ortu
903 1953 1228 2000 magnitudineque
1255 1953 1384 1988 horum
1413 1956 1592 1999 siderum,

131 2012 226 2047 quae
263 2001 400 2035 fuerint
439 2002 588 2035 illorum
624 2013 713 2047 quos
746 2001 900 2035 diximus
935 2001 1145 2046 opiniones,
1187 2002 1436 2036 indicavimus.
1472 2009 1594 2038 caete-

132 2061 209 2082 rum
238 2049 476 2095 peritissimus
504 2050 569 2083 ille
595 2060 714 2082 rerum
739 2060 918 2082 sacrarum
944 2049 1166 2094 eximiusque
1193 2050 1247 2083 vir
1273 2050 1427 2084 Basilius
1452 2051 1499 2084 ad
1527 2051 1594 2085 de-

130 2097 430 2130 monstrationem
454 2096 713 2142 magnitudinis
744 2107 867 2129 eorum
894 2096 963 2129 hoc
995 2096 1104 2129 etiam
1129 2096 1274 2130 adiecit.
1299 2108 1506 2143 quanquam
1534 2099 1594 2133 in-

130 2144 233 2177 finita
260 2155 373 2190 prope
406 2155 558 2178 numero
599 2145 674 2178 sint
697 2145 735 2177 in
761 2144 864 2177 coelo
893 2143 1039 2185 sidera,
1065 2150 1187 2177 tamen
1215 2145 1330 2177 omnis
1357 2145 1503 2178 illorum
1528 2146 1594 2180 lux

130 2192 168 2224 in
195 2203 307 2224 unum
335 2192 437 2238 quasi
466 2192 621 2226 collecta
646 2203 721 2225 non
748 2192 833 2225 satis
865 2197 920 2225 est
945 2191 1068 2224 efficax
1093 2191 1139 2225 ad
1165 2191 1349 2225 tristitiam
1371 2194 1490 2226 noctis
1516 2192 1593 2227 ‹lis-

129 2239 335 2284 sipandam‚
363 2251 443 2272 cum
478 2240 534 2273 sol
559 2241 685 2273 unicus
712 2251 819 2284 supra
842 2239 1012 2272 circulum
1038 2239 1143 2272 illum
1167 2239 1348 2273 finitorem
1373 2246 1591 2286 conspectus

129 2287 356 2331 congelatum
394 2288 570 2332 quasique
609 2287 803 2333 spissatum
828 2291 913 2320 ante
948 2285 988 2319 id
1014 2297 1098 2320 aera
1120 2293 1240 2321 terrae
1266 2287 1424 2320 vicinum
1447 2288 1592 2334 liquare

128 2335 245 2379 possit
270 2345 312 2367 ac
337 2334 552 2368 diffundere.
581 2335 668 2369 hinc
693 2336 734 2368 fit
758 2341 800 2368 ut
818 2340 946 2368 ventos
962 2335 1159 2368 matutinos
1182 2333 1399 2376 habeamus,
1427 2341 1464 2369 et
1492 2347 1591 2369 sere-

128 2392 176 2415 no
201 2382 303 2415 coelo
336 2393 434 2415 rores
460 2387 593 2415 terram
628 2382 860 2428 perfundant.
896 2387 1020 2415 tantae
1053 2393 1139 2416 vero
1172 2382 1432 2428 magnitudinis
1455 2387 1590 2416 terram

129 2439 203 2473 quo
223 2434 329 2474 pacto
356 2429 410 2463 sol
443 2430 650 2464 universam
676 2441 749 2463 uno
792 2429 966 2474 temporis
999 2435 1181 2463 momento
1206 2430 1419 2464 collustrare
1444 2436 1590 2475 posset,

130 2476 161 2509 si
185 2487 260 2510 non
287 2476 334 2509 ab
351 2476 504 2531 ingenti
533 2477 690 2523 quodam
712 2477 801 2511 orbe
830 2476 1002 2522 splendor
1029 2477 1143 2523 ipsius
1175 2477 1433 2522 promanaret?

222 2523 323 2557 Idem
349 2524 388 2558 in
413 2525 500 2558 luna
524 2537 672 2571 quoque
698 2525 820 2559 videre
848 2530 912 2558 est.
942 2535 1025 2557 nam
1049 2536 1217 2570 magnum
1241 2525 1342 2558 illius
1368 2535 1495 2570 corpus
1522 2530 1590 2565 est,

131 2581 174 2603 ac
199 2571 398 2605 secundum
422 2573 535 2606 solem
561 2573 904 2618 splendidissimum.
940 2572 1073 2606 etenim
1098 2573 1145 2606 ad
1170 2572 1263 2606 hanc
1286 2582 1435 2617 quoque
1463 2551 1591 2605 referri

131 2617 251 2661 debet,
278 2619 377 2665 quod
403 2620 440 2653 in
465 2621 572 2654 sacris
598 2621 731 2654 litteris
758 2620 864 2665 (Gen.
898 2631 907 2652 ι
944 2619 998 2666 16)
1024 2619 1158 2654 dicitur
1182 2620 1342 2662 „creavit
1366 2618 1457 2652 deus
1482 2620 1588 2652 lumi-

129 2666 232 2699 naria
258 2668 405 2712 magna?
409 2668 576 2713 'quibus
602 2669 640 2701 in
659 2668 778 2701 verbis
805 2678 931 2709 magua
955 2666 1123 2701 dicuntur
1146 2679 1221 2701 non
1248 2678 1372 2701 eorum
1398 2666 1444 2699 ad
1470 2666 1590 2700 sidera

128 2712 269 2747 minor-1
293 2716 562 2762 comparatione
597 2717 786 2756 instituti,
817 2714 880 2749 sed
906 2716 990 2761 quia
1022 2721 1123 2750 tanta
1153 2720 1238 2750 sunt
1262 2714 1522 2762 amplitudine,
1548 2719 1590 2749 ut
