1826 3120
615 109 902 153 ANNAIAUM
943 112 1080 154 PARS
1125 115 1178 170 η.
1506 96 1612 172 ²47

157 211 307 255 στόλου
341 207 472 267 ῥητὸν
508 208 555 254 τὸ
601 216 720 269 λέγον
760 212 839 267 „toi
871 212 952 270 γὰρ
984 213 1147 270 οἶόρατα
1176 215 1311 258 αὐτοῦ
1339 214 1422 258 dud
1452 219 1622 267 κτίσεως

159 277 325 332 κόσμου»
349 283 435 326 τοῖς
463 276 671 334 ποιήμασι
698 280 906 334 νοούμενα
941 284 1178 337 καθορᾶται
1197 283 1234 310 ·”
1291 279 1374 326 τὸν»
1391 281 1473 338 γὰρ
1505 300 1622 339 ποιη-

156 343 234 400 τὴν
260 342 364 389 θεὸν
392 346 438 386 ἐκ
466 348 548 387 τῶν
576 348 822 402 ποιημάτων
858 345 878 388 ὃ
909 345 1129 396 θειότατος
1157 350 1386 403 κατέλαβεν
1402 349 1621 405 Ἀβραάμ.

158 410 265 453 κατὰ
311 413 436 453 τοῦτο
475 411 549 455 καί
592 413 615 454 ὁ
650 414 934 469 Πλούταρχος
975 413 1114 468 ἔλεγεν
1151 414 1332 469 ,,ἔλαβον
1374 418 1421 459 δὲ
1461 415 1625 459 ἔννοιαν

88 511 100 530 ξ,
123 481 288 525 ὅθεοῦ·
322 478 390 520 οἷεί
416 495 459 521 τε
487 479 569 535 γὰρ
600 476 716 534 ἥλιος
745 482 819 523 καί
843 478 992 536 σελήνη
1014 481 1087 522 καί
1112 481 1163 523 τά
1189 482 1315 524 λοιπά
1345 485 1430 526 τῶν
1460 479 1626 540 ἄστρων

158 543 237 600 τήν
266 542 461 600 ὖπόγειον
496 549 727 601 ἐνεχθέντα
761 543 890 600 ὅμοια
934 550 1013 601 μὲν
1044 549 1261 591 α’νατέλλει
1288 556 1374 600 τοῖς
1400 547 1627 604 χρώμασιν

160 610 235 654 ἴσοι
267 614 315 654 δὲ
344 618 430 662 τοῖς
454 616 676 667 μεγέθεσι,
705 613 780 655 καί
808 611 914 656 κατὰ
951 614 1108 664 τόπους
1136 615 1237 664 τοὺς
1266 614 1461 666 αὕτούς.”

271 680 426 733 Μέγας
453 673 584 729 ὄντως
610 678 632 720 ὃ
658 676 872 736 Ἀβραάμ.
928 682 1003 722 τοῦ
1030 679 1109 736 γὰρ
1133 683 1240 723 θεοῦ
1268 680 1452 732 οἰκούσας
1483 684 1667 738 λέγον-»Ο

159 759 229 794 τος
256 742 434 798 ,,ἐ’ξελθε
473 747 520 788 ἐκ
547 747 624 801 τῆς
651 747 725 802 γῆς
753 763 829 789 σου
872 749 946 789 καί
975 748 1021 789 ἐκ
1053 750 1127 803 τῆς
1153 750 1227 803 γῆς
1250 748 1492 804 συγγενείας
1519 765 1597 792 σου
1615 757 1680 802 ,V.
1703 768 1764 790 102

103 811 236 866 ionae*
274 813 401 868 δεῦρο
426 813 487 862 εἰς
527 814 605 868 γῆν
632 811 684 868 ἢν
711 810 764 855 ἄν
794 814 919 866 δείξω
952 817 1047 856 σοι”
1075 816 1238 864 εὐθέως
1265 806 1517 870 ἠκολούθει,
1546 819 1627 858 τῶν

116 869 122 884 ⁸
162 880 207 920 ἐν
234 881 350 938 μέσῳ
392 880 612 935 δυσχερῶν
649 883 950 936 καταφρονῶν,
992 881 1066 923 καί
1104 883 1214 937 μηδὲ
1256 881 1379 932 εἰδώς
1419 878 1524 924 ὅπου
1555 899 1626 924 πο-

161 943 346 999 ρεύεται.
376 945 500 1001 ἡμεῖς
529 947 576 988 δὲ
613 949 835 997 καλοῦντος
864 951 961 990 καθ’
991 944 1172 1003 ἑκάστην
1201 944 1421 998 ἀκούοντες
1450 951 1526 991 τοῦ
1553 966 1627 990 κυ-

159 1015 258 1068 ρίου
290 1007 387 1053 οὔτε
411 1012 494 1054 τῶν
521 1014 673 1067 γηΐνων
712 1014 911 1069 ἐκστῆναι
938 1016 1143 1068 θέλομεν,
1188 1010 1284 1058 οὔτε
1313 1014 1422 1071 πρὸς
1448 1014 1524 1071 την
1553 1017 1629 1071 γῆν

160 1080 322 1135 ἐκείνην
367 1077 443 1134 την
476 1081 783 1136 ἐπηγγελμένην
811 1080 1028 1137 ἔρχεσθαι.
1102 1082 1210 1124 α’λλά
1250 1085 1324 1125 καί
1371 1082 1447 1138 τὴν
1486 1085 1630 1126 ταπεί-

99 1153 289 1194 ι5νωσιν
330 1145 569 1199 θαυμάζων
613 1146 633 1189 ὁ
675 1148 991 1204 χρυσορρήμων
1029 1149 1217 1205 Ἰωάννης
1257 1149 1329 1192 καί
1368 1147 1471 1192 τάδε
1501 1150 1631 1206 φησίν

160 1211 357 1269 »ἀληθὴς
385 1216 659 1267 ταπείνωσις,
706 1211 775 1256 ὅτε
807 1231 870 1264 τις
898 1211 1024 1274 ἑτέρῳ
1054 1223 1313 1273 παραχωρεῖ
1335 1219 1421 1259 τῶν
1446 1215 1629 1272 πρωτεί-

162 1297 242 1333 ων,
283 1278 398 1322 aea-90²³
444 1279 496 1334 δὴ
534 1283 608 1323 καί
642 1278 846 1337 Ἀβραάμ
884 1289 1020 1335 ποιεῖ,
1063 1284 1132 1324 ἵνα
1162 1285 1209 1324 δὲ
1235 1282 1295 1338 μη
1332 1283 1630 1339 διαδικάζηται

161 1345 271 1400 μετὰ
311 1349 387 1388 τοῦ
418 1345 524 1389 Λώτ
551 1350 624 1390 καί
650 1351 732 1390 τῶν
771 1351 980 1402 ποιμένων
1017 1349 1176 1391 αὐτοῦ·
1246 1352 1313 1406 ἐφ’
1340 1343 1376 1408 ᾧ
1403 1353 1476 1392 καί
1502 1350 1522 1390 ὁ
1552 1351 1630 1403 μὲν

163 1412 272 1455 Λώτ
311 1410 389 1468 τὴν
430 1416 645 1470 κρείττονα
686 1417 763 1470 γῆν
803 1414 952 1470 ἔλαβε,
995 1415 1046 1458 τὰ
1085 1415 1257 1471 Σόδομα
1301 1416 1483 1472 δηλαδή,
1530 1414 1671 1462 (idio

99 1478 359 1534 αοἈβραὰμ
403 1481 616 1540 κατῴκησε
655 1481 771 1538 παρὰ
811 1481 885 1537 την
926 1484 1030 1537 δρῦν
1070 1483 1146 1538 την
1177 1486 1412 1538 Μαμβρῆν.
1472 1480 1552 1537 ὅρα
1581 1486 1627 1525 δὲ

164 1546 237 1590 καί
261 1545 340 1597 τὰς
377 1549 500 1598 θείας
529 1548 722 1604 ἀμοιβάς.
793 1545 883 1591 εἷ’πε
909 1548 988 1606 γὰρ
1025 1548 1130 1607 πρὸς
1161 1549 1354 1607 Ἀβραὰμ
1386 1548 1406 1592 ὁ
1437 1550 1537 1599 θεὸς
1568 1546 1627 1592 ὅτι

165 1755 253 1788 dore
277 1755 437 1788 adfectos
471 1756 623 1790 vicisse:
659 1768 740 1790 nam
776 1763 1013 1803 posteaquam
1040 1757 1085 1791 ad
1113 1759 1336 1803 agnitionem
1365 1759 1425 1792 dei
1449 1770 1627 1805 pervene-
1667 1759 1669 1762 ’

165 1808 241 1844 rat,
264 1814 339 1836 non
365 1804 436 1835 iam
465 1805 568 1837 astris
608 1805 763 1848 amplius
799 1805 961 1839 intentus
1002 1811 1087 1839 erat.
1124 1807 1292 1839 nimirum
1328 1807 1490 1840 habebat
1519 1808 1557 1840 in
1583 1818 1626 1840 eo

164 1851 283 1884 locum
310 1850 403 1883 illud
429 1851 586 1895 apostoli
608 1852 758 1884 verbum
782 1852 897 1897 (Rom.
934 1865 943 1885 ι
974 1855 1033 1897 20)
1062 1864 1181 1897 „quae
1200 1853 1259 1886 dei
1290 1860 1374 1887 sunt
1399 1853 1627 1899 inadspecta-

164 1898 275 1939 bilia,
301 1909 341 1931 ea
371 1909 415 1930 ex
440 1898 568 1931 mundi
592 1899 792 1939 creatione,
818 1899 902 1931 dum
938 1899 1213 1933 considerantur
1234 1912 1300 1945 per
1327 1912 1462 1946 opera,
1487 1903 1627 1946 perspi-

163 1946 343 1979 ciuntur.”
370 1958 414 1978 ex
450 1946 538 1991 ipsis
574 1946 744 1990 operibus
781 1945 888 1979 deum
914 1952 1098 1979 auctorem
1121 1948 1175 1980 vir
1202 1947 1262 1980 hic
1286 1948 1430 1982 divinus
1451 1950 1628 1994 percepit.

165 1993 204 2026 in
231 1993 384 2026 eandem
411 1994 629 2027 sententiun
656 2000 692 2027 et
728 1994 939 2027 Plutarchus
965 1995 1087 2039 inquit
1117 1994 1204 2036 „dei
1231 1996 1418 2029 notionem
1443 1997 1626 2041 quandam

165 2052 242 2074 sum
271 2046 498 2074 consecutus.
537 2053 620 2074 nam
645 2052 786 2085 semper
811 2042 866 2074 sol
893 2047 929 2074 et
954 2041 1039 2074 luna
1067 2042 1282 2088 reliquaque
1309 2043 1428 2076 sidera
1454 2043 1521 2077 sub
1551 2050 1626 2078 ter-

165 2099 240 2122 ram
278 2088 398 2122 delata
420 2089 669 2122 consimilibus
706 2090 863 2122 vicissim
904 2089 1087 2122 coloribus
1119 2090 1283 2135 praedita
1317 2092 1548 2134 exoriuntur,
1590 2098 1627 2126 et

163 2135 432 2182 magnitudines
462 2136 605 2169 easdem
634 2136 832 2182 eademque
861 2137 940 2169 loca
963 2137 1154 2172 retinent.''

258 2184 409 2228 Magnus
439 2195 563 2229 reapse
589 2184 644 2217 vir
673 2184 743 2217 suit
763 2184 996 2217 Abrahamus.
1022 2196 1102 2217 cum
1129 2185 1225 2218 enim
1253 2184 1360 2218 deum
1385 2185 1493 2230 (Gen.
1525 2197 1562 2219 12
1596 2187 1626 2232 ι)

166 2229 347 2265 dicentem
374 2230 574 2265 audivisset
601 2232 797 2276 „emigrato
825 2243 869 2264 ex
895 2237 958 2264 tua
975 2237 1069 2265 terra
1095 2237 1231 2277 tuaque
1261 2233 1490 2278 cognatione,
1515 2245 1556 2266 ac
1581 2234 1628 2266 il-

165 2278 237 2312 lam
255 2279 293 2311 in
317 2284 450 2312 terram
478 2279 715 2323 proficiscitor
740 2291 845 2325 quam
871 2279 940 2312 tibi
972 2285 1215 2313 monstravero
1230 2282 1261 2322 ,''
1291 2293 1374 2314 mox
1397 2281 1628 2326 obtempera-

165 2325 247 2367 bat,
275 2326 549 2360 difficultatibus
588 2327 753 2360 omnibus
793 2338 886 2372 quae
920 2327 1126 2360 iuteriicere
1161 2339 1200 2361 se
1233 2334 1405 2372 poterant
1427 2329 1628 2372 neglectis,

166 2384 247 2406 cum
271 2385 318 2407 ne
343 2375 451 2407 sciret
475 2374 622 2419 quidem
647 2385 803 2420 quonam
831 2372 1038 2407 abeunduin
1063 2375 1165 2408 foret.
1187 2387 1252 2408 nos
1279 2381 1398 2409 autem
1417 2376 1524 2409 deum
1551 2383 1629 2409 cot-

165 2419 257 2454 tidie
281 2427 468 2455 vocantem
502 2421 692 2455 audientes
720 2433 786 2454 nec
821 2429 962 2454 terrena
989 2421 1154 2455 deserere
1179 2424 1365 2463 volumus,
1392 2435 1459 2456 nec
1484 2423 1526 2455 ad
1555 2429 1629 2455 ter-

167 2479 241 2500 ram
265 2469 365 2502 illam
390 2469 601 2513 promissam
626 2470 858 2502 contendere.
888 2470 1088 2514 quinetiam
1114 2471 1228 2515 ipsius
1254 2470 1499 2503 humilitatem
1517 2470 1630 2514 Chry-

167 2521 344 2549 sostomus
369 2516 549 2550 admirans
574 2516 630 2550 his
656 2516 775 2550 verbis
806 2518 944 2550 utitur:
984 2528 1068 2549 vera
1095 2517 1206 2551 istaec
1235 2524 1289 2551 est
1313 2518 1521 2558 humilitas,
1549 2529 1628 2550 cum

167 2562 250 2607 quis
273 2563 378 2596 alteri
403 2571 523 2608 partes
552 2564 691 2610 priores
718 2565 834 2602 cedit,
859 2563 1161 2609 quemadmodum
1190 2565 1278 2598 fecit
1307 2565 1553 2604 Abrahmnus,
1582 2577 1629 2598 ne

166 2621 247 2642 cum
273 2610 363 2644 Loto
390 2612 540 2656 eiusque
567 2612 770 2657 pastoribus
796 2612 965 2655 litigaret.
1003 2623 1075 2656 quo
1101 2613 1234 2646 factum
1262 2619 1302 2645 ut
1326 2613 1435 2646 Lotus
1461 2612 1629 2646 fertiliori

165 2661 261 2690 terra
302 2657 538 2692 Sodomorum
575 2660 772 2704 potiretur,
815 2669 895 2691 cum
923 2658 1142 2693 Abrahamus
1172 2660 1217 2693 ad
1243 2671 1414 2705 quercum
1442 2659 1628 2694 Mambrae

165 2704 342 2749 migraret.
368 2711 478 2752 atque
521 2706 601 2740 heic
639 2706 720 2739 vide
760 2717 849 2751 quas
877 2706 910 2739 ei
947 2707 1041 2742 vices
1069 2706 1157 2741 deus
1184 2708 1327 2741 referat.
1354 2719 1631 2753 quamcunque..
