1826 3120
261 143 365 209 184
703 158 990 201 micuAssus
1030 157 1247 200 GLYCAE

249 265 511 318 προείρηται,
555 259 723 317 θανάτῳ
751 265 1014 314 περιπεσεῖν,
1052 259 1119 301 ἵνα
1147 257 1207 313 μὴ
1254 254 1462 304 ἀθάνατον
1489 257 1517 320 ᾖ
1544 260 1590 304 τὸ
1616 276 1693 303 κα-

250 327 348 371 κόν·
424 328 448 369 ὃ
477 327 526 381 δὴ
559 325 632 367 καί
657 328 802 380 κέρδος
831 325 852 369 ὃ
881 323 1076 379 θεολόγος
1103 325 1308 367 ἐκάλεσεν.
1366 327 1471 370 α’λλοὶ
1500 326 1558 384 ,ιιὴ
1591 329 1693 369 δυσ-

249 397 420 450 χέραινε
448 394 596 435 τούτου
624 395 775 435 ἕνεκεν.
836 393 875 435 εἰ
904 394 983 446 γὰρ
1013 389 1167 446 θνητὸς
1193 391 1216 432 ὅ
1243 391 1378 446 Ἀδάμ
1405 396 1477 436 καὶ
1506 393 1586 449 πρὸ
1619 393 1693 448 τῆς

251 459 531 513 παραβάσεως
561 453 635 513 ἦν,
680 458 837 513 θνητὸς
875 459 921 500 δὲ
963 460 1036 499 καί
1061 455 1166 510 μετὰ
1201 458 1279 513 τὴν
1305 457 1565 513 παράβασιν,
1591 456 1694 501 πότε

253 527 398 567 λοιπὸν
430 526 594 575 ἐδέξατο
623 526 699 566 τοῦ
729 524 917 567 θανάτου
959 524 1005 566 τὸ
1037 522 1266 577 {undictam
1294 524 1394 566 πότε
1427 526 1474 567 δὲ
1500 527 1571 567 καί
1594 522 1731 573 τοὺςό

253 592 521 645 ὸέρματινους
555 586 803 647 ἦμφιάσατο
843 592 1050 645 χιτῶνας,·
1085 586 1262 645 εὔδηλον
1302 585 1377 632 οὖν
1404 585 1466 632 ὅτι
1497 588 1694 645 περὶτῆς

207 659 389 711 Βκοινῆς
416 659 497 699 τῶν
542 653 779 712 ἀνθρώπων
808 654 978 714 φύσεως
1013 658 1084 699 τὸν
1113 654 1234 710 λόγον
1259 655 1503 710 ποιούμενος
1529 658 1588 714 τῷ
1611 655 1694 700 σώ-

251 739 357 776 ματι
384 725 464 775 μὲν
508 720 622 778 ἔλεγε
662 723 917 779 πρόσκαιρον
953 719 1061 765 εἶναι
1092 720 1165 765 τὸν
1197 719 1443 778 ἄνθρωπον,
1485 721 1696 765 α’θοένατον

253 789 300 830 δὲ
329 790 383 846 τῇ
418 790 552 845 ψυχῇ.
609 788 715 831 κατὰ
746 788 828 844 γὰρ
858 791 979 832 τοῦτο
1007 789 1080 830 καί
1106 785 1285 842 πάσχειν
1315 787 1445 831 αὐτὸν
1476 786 1589 844 ἔλεγε
1615 787 1696 843 χά-

251 870 320 908 ριν
346 853 623 910 ὑπομνήσεως
650 855 723 896 καί
747 853 1028 908 παιδεύσεως,
1073 856 1165 896 ἐπεὶ
1191 857 1279 903 πῶς
1308 850 1360 896 ἂν
1388 852 1589 897 ὑπέπιπτε
1617 851 1696 896 ποί-
1713 870 1761 898 ιο

249 923 346 962 θεσι
372 920 416 962 τὸ
446 923 568 973 σῶμα
597 922 726 962 ἐκεῖνο
755 920 799 963 τὸ
848 919 906 976 μή
933 919 1134 974 ,δεόμενον
1161 919 1503 974 ἐπικαλύμματος
1527 917 1697 962 κοῖντεῦε

249 988 326 1028 θεν
353 988 516 1035 α’παθὲς
543 986 844 1042 γνωριζόμενον
859 1005 873 1040 ;
911 987 1140 1040 ἀντιλέγειν
1169 983 1245 1028 οὖν
1274 988 1346 1028 ε’πί
1372 988 1496 1028 πλέον
1522 987 1597 1028 οὐκ
1626 981 1696 1028 εὗ-

249 1056 396 1105 λογον·
467 1053 506 1094 εἰ
540 1053 616 1108 γὰρ
661 1051 916 1109 πρόσκαιρος
953 1048 1004 1108 ἧν
1034 1051 1056 1094 ὅ
1087 1051 1222 1106 Ἀδὰμ
1257 1054 1325 1094 a'n'
1358 1048 1516 1107 ἀρχῆς,
1548 1053 1588 1094 εἰ
1613 1051 1694 1107 πρὸ

248 1119 320 1173 τῆς
348 1119 554 1174 ἁμαρτιας
598 1116 762 1174 ὑπῆρχε
801 1119 970 1174 θνητός,
1021 1114 1096 1159 οὐκ
1124 1114 1176 1160 ἄν
1204 1118 1227 1159 ὅ
1254 1119 1385 1173 με’γας
1411 1120 1587 1167 Παῦλος
1608 1116 1698 1161 ἔλε-
1753 1132 1757 1135 ·

250 1199 321 1239 γεν
351 1185 562 1237 ,,ὅψώνιον
600 1187 675 1240 τῆς
718 1184 930 1240 ἆμαρτιάς
959 1184 981 1225 ὅ
1012 1185 1227 1234 θάνατος.”
1284 1182 1415 1235 ἔδειξε
1444 1184 1526 1240 γὰρ
1559 1186 1762 1228 &vrci-15

143 1256 179 1289 P.
193 1267 237 1302 97
252 1254 327 1293 θεν
357 1247 417 1293 ὅτι
448 1252 527 1305 πρὸ
565 1254 636 1306 τῆς
677 1250 888 1306 ἁμαρτίας
926 1251 948 1292 ὁ
979 1245 1200 1305 ἄνθρωπος
1226 1249 1434 1299 α’θάνατος
1460 1245 1523 1305 ἦν.
1580 1252 1620 1293 εἰ
1651 1252 1698 1292 δὲ

249 1318 393 1371 τοῦτο,
446 1320 519 1358 καί
556 1319 700 1359 πασῶν
735 1316 880 1360 λοιπόν
925 1319 1179 1371 σωματικῶν
1223 1316 1413 1371 ἀναγκῶν
1457 1315 1480 1358 ὅ
1509 1318 1700 1366 τοιοῦτος

253 1382 496 1437 ὑπέρτερος.

351 1448 422 1497 “Ως
452 1445 558 1491 εἶναι
579 1451 703 1503 δῆλον
722 1451 917 1492 ἐντεῦθεν
941 1446 1005 1491 ὅτι
1034 1449 1106 1491 καί
1122 1448 1320 1506 βρώσεως
1341 1450 1543 1504 αἰσθητῆς
1573 1443 1694 1503 ἄγευ-

250 1529 347 1563 στος
378 1509 427 1568 ἧν
468 1515 491 1555 ὁ
539 1510 762 1569 ἄνθρωπος
808 1513 879 1556 a'n'
912 1513 1060 1571 ἀρχῆς.
1131 1517 1171 1558 εἰ
1204 1514 1282 1570 γὰρ
1322 1517 1396 1557 καί
1422 1512 1501 1556 α’πό
1533 1514 1761 1560 πάντωναο

249 1582 329 1621 τῶν
373 1582 417 1622 ἒν
444 1582 500 1638 τῷ
528 1582 770 1638 παραδείσῳ
811 1583 957 1637 φυτῶν
995 1581 1154 1623 ἐσθίειν
1183 1582 1388 1637 ἐπέτρεψε
1420 1582 1479 1638 τῷ
1509 1578 1643 1633 Ἀὃὰμ
1671 1580 1694 1621 ὃ

253 1802 378 1836 eodem
410 1801 518 1836 modo
544 1814 615 1848 quo
650 1804 750 1850 prius
782 1804 936 1837 victurus
972 1810 1047 1837 erat
1077 1804 1116 1837 in
1142 1804 1434 1838 immortalitate?
1461 1805 1584 1851 itaque
1611 1816 1695 1851 per-

250 1851 406 1883 mittitur
429 1851 639 1890 immortali,
679 1862 743 1883 ceu
770 1851 840 1883 iam
867 1856 951 1884 ante
980 1851 1133 1884 diximus
1148 1876 1157 1892 ,
1183 1857 1223 1884 ut
1245 1863 1311 1896 per
1333 1858 1482 1885 mortem
1506 1853 1693 1894 interiret,

250 1907 296 1929 ne
320 1897 453 1929 malum
479 1903 691 1942 perpetuum
716 1898 832 1940 foret3
859 1898 963 1943 quod·
984 1899 1102 1943 ipsum
1126 1898 1315 1942 Gregorius
1341 1899 1446 1931 etiam
1471 1899 1608 1931 lucrum
1630 1911 1695 1944 ap-

250 1943 409 1988 pellavit.
441 1945 554 1976 nolim
592 1956 674 1977 vero
698 1950 734 1977 te
774 1943 839 1977 hac
867 1945 1111 1990 disputatione
1135 1945 1346 1990 perturbari.
1374 1957 1455 1977 nam
1481 1946 1510 1979 si
1538 1945 1694 1980 Adamas

250 1996 322 2022 tam
348 1996 431 2024 ante
453 1992 770 2035 transgressionem
795 2003 899 2036 quam
924 1998 1007 2037 post
1032 2003 1108 2025 eam
1136 1992 1294 2024 mortalis
1327 1998 1420 2033 erat,
1445 1992 1589 2037 quando
1613 1998 1696 2027 tan-

251 2037 331 2068 dem
355 2038 533 2082 supplicio
560 2038 683 2071 mortis
713 2045 766 2071 est
791 2038 980 2072 adfectus?
1006 2038 1150 2084 quando
1174 2038 1345 2083 pelliceas
1371 2039 1451 2072 illas
1476 2041 1614 2073 tunicas
1638 2041 1697 2073 in·—

251 2083 352 2116 duit?
381 2090 599 2129 quapropter
631 2085 782 2130 intelligi
806 2098 880 2119 non
917 2086 1067 2119 obscure
1090 2091 1209 2131 potest
1232 2085 1440 2130 Gregorium
1469 2086 1514 2119 de
1540 2098 1698 2120 commu-

249 2131 287 2162 ni
314 2130 500 2163 hominum
543 2137 670 2164 natura
697 2132 931 2166 disserentem
955 2133 1088 2166 dixisse
1119 2132 1298 2166 hominem
1325 2144 1471 2178 corpore
1499 2133 1696 2176 caducum,

251 2177 369 2209 animo
396 2178 633 2210 immortalem
659 2191 744 2212 esse.
773 2192 854 2212 nam
882 2191 924 2213 eo
958 2181 1151 2225 respiciens
1176 2180 1225 2212 ait
1248 2179 1363 2224 ipsum
1389 2180 1465 2224 pati
1491 2191 1694 2214 commone-

251 2224 415 2256 factionis
441 2221 757 2271 cas‘tigationisque
784 2238 898 2260 causa.
924 2227 1127 2272 caeteroqui
1156 2237 1239 2259 vero
1274 2227 1335 2271 qui
1373 2227 1600 2271 passionibus
1629 2227 1695 2259 ob-

250 2271 395 2303 noxium
422 2281 497 2303 esse
525 2283 650 2316 corpus
679 2273 771 2306 illud
796 2275 983 2318 potuisset,
1010 2273 1108 2319 quod
1132 2278 1338 2316 tegumento
1363 2275 1567 2319 vestituque
1590 2274 1694 2307 nullo

250 2317 461 2360 indigebat?
487 2317 554 2350 hoc.
580 2320 655 2363 ipso
674 2320 776 2353 nobis
803 2327 1047 2365 argumentum
1073 2319 1337 2365 suppeditante,
1364 2320 1462 2365 quod
1489 2321 1694 2365 passionum

251 2375 376 2408 expers
394 2364 512 2397 fuerit.
539 2366 660 2410 itaque
678 2378 749 2399 non
775 2369 943 2402 convenit
965 2368 1092 2400 hucin
1116 2372 1215 2411 parte
1244 2378 1456 2412 quemquam
1479 2367 1585 2400 nobis
1610 2367 1694 2400 diu-

250 2411 323 2443 tius
347 2409 535 2444 adversari.
576 2413 602 2443 si
639 2414 731 2445 euim
765 2414 916 2447 caducus
952 2415 1078 2447 fuisset
1105 2413 1149 2446 ab
1190 2414 1317 2454 initio,
1345 2416 1374 2446 si
1399 2420 1482 2447 ante
1505 2419 1693 2459 peccatum

249 2457 430 2498 mortalis,
455 2469 527 2490 non
572 2460 720 2492 eximius
753 2462 816 2493 ille
842 2462 973 2494 Paulus
1006 2462 1118 2508 (Rom.
1143 2460 1165 2492 6
1193 2460 1252 2507 23)
1278 2465 1426 2493 mortem
1451 2472 1528 2494 esse
1552 2461 1692 2506 peccati

249 2504 470 2548 stipendium
494 2504 667 2547 ‹lixisset3
704 2508 834 2551 quibus
874 2509 992 2541 verbis
1017 2507 1226 2551 significavit
1249 2506 1429 2539 hominem
1455 2514 1537 2540 ante
1561 2519 1690 2552 pecca-

247 2556 322 2582 tum
358 2552 466 2584 fuisse
496 2553 742 2585 immortalem.
781 2555 878 2598 quod
910 2556 939 2588 si
971 2566 1092 2588 verum
1130 2565 1204 2586 esse
1240 2553 1485 2595 concedimus,
1526 2556 1690 2600 sequitur

248 2597 401 2629 eundem
431 2598 592 2631 omnibus
618 2601 795 2644 corporeis
819 2601 1092 2635 necessitatibus
1117 2600 1335 2646 superiorem
1365 2602 1549 2634 exstitisse.

343 2644 396 2676 De
421 2656 492 2690 quo
519 2657 624 2691 porro
651 2647 829 2690 colligitur
858 2648 1037 2681 hominem
1074 2647 1119 2680 ab
1145 2647 1248 2680 initio
1275 2648 1392 2680 cibum
1421 2648 1588 2681 sensilem
1611 2659 1687 2682 non

248 2688 462 2733 degustasse.
490 2704 693 2737 quanquam
718 2695 810 2726 euim
838 2695 925 2729 deus
951 2695 1085 2728 Adamo
1101 2699 1311 2739 potestatem
1336 2695 1372 2727 in
1397 2695 1553 2739 paradisi
1579 2706 1687 2740 quas-

247 2736 337 2770 libet
362 2738 504 2772 arbores
535 2739 686 2784 largitus
711 2746 782 2782 est,
820 2753 892 2776 non
922 2748 1038 2777 tamen
1072 2741 1156 2775 inde
1181 2742 1342 2786 sequitur
1378 2752 1474 2776 esum
1497 2742 1578 2778 istic
1602 2752 1686 2776 sena
