1826 3120
613 141 897 184 ANNALmM
939 143 1080 186 PARS
1124 146 1156 185 ι.
1491 123 1599 177 213

146 242 357 298 θελήμασι
378 242 451 296 τῆς
468 240 624 297 σαρκὸς
653 242 887 285 ἀντιπίπτει
918 245 992 285 καί
1015 245 1108 298 βίον
1144 239 1359 298 ἆγγελικὰν
1377 247 1641 298 μιμεῖσθαιῦ

146 313 386 367 φιλονεικεῖ.
416 305 514 350 ὅσον
545 311 591 351 δὲ
619 308 731 366 βαρύ
765 308 808 351 ‘to'
844 308 949 365 πρὸς
979 309 1109 366 φύσιν
1135 311 1382 364 μάχεσθαι,
1411 311 1484 352 καί
1517 306 1603 353 οἷον

144 375 342 418 ἐντεῦθεν
380 374 428 416 τὸ
468 373 678 428 ἔπαθλον,
722 375 742 417 ὃ
780 378 854 430 τῆς
890 375 1110 429 Κλίμακος
1148 375 1341 432 Ἰωάννης
1369 375 1389 418 ὅ
1420 376 1603 431 ἁγιώτα-

144 457 214 491 τος
243 440 452 496 ἐδήλωσεν
479 439 613 492 οὕτως
641 442 776 484 εἰπών
799 441 852 495 „ri
879 445 1002 494 σῶμα
1033 443 1204 498 νικήσας
1233 443 1365 499 φύσιν
1393 445 1602 498 ἐνίκησεν·

106 507 167 554 56
197 509 244 550 δὲ
272 508 401 563 φύσιν
431 507 602 564 νικήσας
622 508 727 563 ὑπὲρ
759 507 890 564 φύσιν
918 509 1102 562 ἐγένετο·
1162 509 1183 550 ὅ
1213 512 1259 552 δὲ
1286 513 1406 552 τοῦτο
1430 507 1602 564 γενόμε-

141 590 211 624 νος
239 574 383 630 βραχύ
413 591 452 617 τι
482 577 582 631 παρ’
611 572 810 629 ἀγγέλους
837 575 1089 629 ἠλάττωταις
1113 575 1182 618 ἵνα
1207 574 1266 631 μὴ
1298 579 1402 630 λέγω
1429 578 1603 631 μηδὲν.”

140 642 324 698 πρόσεχε
363 644 410 684 δὲ
454 639 515 684 ὅτι
554 642 628 683 καί
662 638 831 698 σφόδρα
877 644 1173 696 βαρυαλγοῦσι
1212 645 1286 684 καί
1329 640 1533 697 ἄχθονται
1562 642 1601 685 οἱ

113 703 333 758 ’θέλοντες
358 711 437 762 μὲν
464 715 717 765 σωφρονεῖν,
746 706 908 762 ἔχοντες
938 709 984 750 δὲ
1014 707 1061 750 τὸ
1087 707 1392 765 ἐπιθυμητικὸν
1422 708 1601 764 ἰσχυρὸν

137 775 389 831 πολυπληθῆ
430 790 474 816 τε
520 772 593 829 τὴν
618 772 764 830 γονήν,
813 773 921 828 πρὸς
947 772 1094 825 ἔξοδον
1133 772 1200 817 dei
1226 777 1493 830 ἐπειγομένου
1522 778 1600 817 τοῦ

82 841 408 895 ιοένοχλοῦντος
446 841 604 889 αὐτοῖς.
677 842 748 882 καί
774 840 834 895 μὴ
864 838 970 882 κατά
999 858 1038 883 τι
1080 841 1334 897 ἀμφίβαλλε.
1394 843 1433 883 εἰ
1461 840 1540 896 γὰρ
1575 838 1639 884 ὃΙ)

138 908 336 962 Διογένης
355 909 507 957 ἐκεῖνος
535 907 556 948 ὁ
573 906 759 956 Κυνικὸς
790 906 834 950 τὸ
867 909 941 963 τῆς
963 907 1128 963 φύσεως
1155 907 1285 963 βάρος
1303 908 1377 949 οὐκ
1406 905 1594 962 ἐνεγκιόν,

135 975 210 1016 καί
223 975 355 1016 ταῦτα
374 976 570 1017 τοσοῦτον
590 973 923 1029 ἀσκητικώτατος
942 970 1011 1026 ὤν,
1036 980 1214 1029 γυναῖκα
1234 975 1408 1030 ζητῆσαι
1428 976 1593 1029 λέγεται

135 1036 242 1082 ὥστε
269 1038 315 1082 τὸ
345 1042 527 1095 βαρῦνον
561 1041 803 1083 ἀποθέσθαι
846 1043 919 1083 καί
947 1040 995 1083 τὸ
1024 1039 1179 1083 ἑαυτοῦ
1206 1043 1330 1094 σῶμα
1359 1044 1592 1098 κουφίσαι,

132 1108 180 1149 τί
201 1104 286 1161 χρὴ
312 1109 385 1148 καί
411 1109 545 1161 λέγειν
573 1103 672 1150 ὅσον
699 1107 957 1161 ὑπομένουσι
981 1106 1167 1161 κάματον
1197 1108 1236 1150 οἱ
1264 1106 1454 1164 σφοδρὸν
1477 1109 1559 1161 μ’έν
1578 1139 1590 1160 ,

77 1172 192 1224 :5054-
218 1173 402 1229 εἴρηται,
435 1173 635 1228 λαχόντες
666 1173 711 1215 τὸ
746 1174 1070 1230 ἐπιθυμητικόν,
1100 1177 1145 1218 ἐν
1173 1175 1317 1232 ἁγνείᾳ
1348 1176 1393 1217 δὲ
1424 1171 1592 1231 φυλάσ-

134 1256 224 1283 σειν
256 1238 432 1290 ἑαυτούς
459 1240 814 1296 προθυμούμενοι.
873 1243 1088 1295 ἐντεῦθεν,
1119 1241 1326 1297 ἄγαπητέ,
1354 1243 1436 1283 τῶν
1465 1238 1591 1283 ὅσι’ων

133 1308 268 1361 τινές,
295 1310 364 1349 ἵνα
393 1305 467 1362 τήν
501 1306 684 1363 φυσικὴν
714 1308 981 1360 αἠοσβέσωσι
1023 1307 1239 1363 πύρωσιν,
1268 1307 1340 1350 καί
1364 1307 1517 1362 γυμνοὶ
1540 1304 1588 1349 τὸ

133 1376 256 1427 σῶμα
283 1373 610 1427 με’σοκῦὁάτων
639 1374 959 1429 διημερεύοντες
988 1369 1209 1430 ὤφθησαν.
1267 1377 1414 1429 μηδείς
1440 1373 1587 1416 λοιπόν

133 1439 204 1482 ἐπὶ
230 1442 363 1494 μέσου
393 1443 665 1496 προσφερέτω
695 1440 768 1495 τήν
789 1444 960 1495 γένεσιν,
981 1442 1128 1496 μηδείς
1150 1443 1225 1482 οὐκ
1248 1441 1438 1496 ἀγαθούς
1466 1442 1586 1483 α’στὲ-
1603 1450 1637 1483 P.
1659 1452 1720 1484 ιι3

69 1524 218 1562 αορων
244 1508 575 1563 προφασιζέσθω
620 1504 954 1562 σχηματισμούς.
1033 1508 1221 1564 α’στέρων
1260 1510 1338 1561 μὲν
1365 1507 1444 1562 γὰρ
1474 1505 1590 1561 κινή-

133 1591 246 1629 σεις,
279 1572 486 1624 α’νατολοὶς
514 1573 587 1616 καί
615 1574 757 1624 δυ’σεις
786 1574 954 1628 αὐτῶν,
995 1580 1081 1625 τοῖς
1107 1575 1366 1631 προσήκουσι
1394 1575 1587 1629 γίνεσθαι

134 1753 201 1786 tati
225 1757 334 1797 atque
364 1752 523 1785 motibus
549 1751 756 1785 adversatur
781 1753 946 1798 quisquis
977 1753 1085 1786 vitam
1109 1764 1214 1797 agere
1240 1757 1370 1785 castam
1398 1752 1586 1796 instituit),

133 1811 312 1846 quamque
337 1799 428 1833 adeo
454 1811 556 1844 grave
585 1800 632 1833 sit
658 1811 856 1844 repugnare
886 1806 1034 1833 naturae
1057 1801 1160 1840 velle,
1190 1800 1246 1832 cui
1274 1800 1469 1843 respondet
1498 1799 1586 1843 ipsi-

134 1860 173 1881 us
199 1849 307 1882 etiam
331 1848 480 1893 praemii
506 1846 738 1892 magnitudo,
763 1853 903 1880 sanctus
931 1847 994 1880 ille
1028 1848 1082 1879 vir
1105 1846 1285 1879 Iohannes
1318 1852 1442 1879 auctor
1467 1846 1585 1879 scalae

132 1895 230 1928 hisce
256 1894 373 1930 verbis
401 1894 562 1928 declarat
588 1895 676 1939 „qui
704 1905 833 1939 corpus
858 1894 969 1934 vicit,
1005 1899 1167 1926 naturam
1196 1894 1304 1935 vicit.)
1331 1894 1394 1938 qui
1420 1899 1586 1926 naturam

131 1943 236 1984 vicit,
264 1954 370 1988 supra
395 1948 559 1976 naturam
593 1947 707 1975 semet
735 1941 887 1982 extulit3
920 1941 988 1973 hoc
1013 1941 1076 1985 qui
1102 1946 1313 1974 consecutus
1340 1945 1412 1980 est,
1437 1941 1587 1986 paulum

132 1990 268 2036 angelis
295 1996 350 2023 est
384 1990 553 2030 inferior,
589 2001 636 2022 ne
670 1988 763 2021 nihil
789 1988 832 2020 ab
858 1988 902 2021 iis
941 1988 1082 2020 differre
1117 1987 1263 2021 dicam.”
1301 1988 1468 2020 nimirum
1495 1988 1586 2021 scito

131 2037 294 2083 gravibus
321 2049 380 2071 eos
405 2037 578 2070 molestiis
615 2037 729 2082 premi
766 2036 826 2081 qui
865 2036 952 2068 casti
982 2045 1058 2068 esse
1084 2034 1310 2075 desiderant,
1339 2047 1418 2068 cum
1445 2036 1587 2080 appeti-

133 2091 206 2118 tum
233 2086 270 2118 in
296 2097 333 2118 se
359 2085 488 2118 fortem
515 2085 746 2129 experiantur
770 2089 807 2116 et
832 2084 1015 2127 geniturae
1030 2094 1189 2127 magnam
1219 2083 1370 2128 copiam,
1398 2094 1490 2127 quae
1521 2094 1587 2116 ne-

132 2133 219 2176 gotii
254 2133 448 2178 plurimum
495 2133 544 2165 eis
581 2132 724 2164 facessit
749 2143 789 2163 ac
828 2141 1013 2175 nunquam
1038 2142 1132 2171 non,
1173 2135 1214 2163 ut
1236 2131 1445 2170 emittatur,
1471 2136 1584 2174 urget.

132 2179 225 2213 nihil
251 2179 295 2213 de
330 2179 399 2213 hoc
444 2179 709 2224 ambigendum.
747 2179 883 2223 quippe
923 2178 953 2210 si
988 2177 1168 2222 Dioge-nes
1210 2178 1273 2210 ille
1301 2177 1477 2222 Cynicrm,
1504 2189 1586 2211 cum

132 2238 222 2261 onus
250 2228 343 2260 illud
370 2232 520 2260 naturae
548 2227 718 2272 nequiret
743 2227 896 2270 amplius
919 2225 1036 2265 serre,
1064 2225 1170 2258 homo
1198 2225 1383 2270 perpetuis
1408 2231 1444 2258 et
1471 2225 1586 2258 maxi—

130 2275 196 2307 mis
234 2275 554 2309 exercitationibus
595 2274 641 2307 ad
680 2274 937 2307 abstinentiam
972 2271 1265 2314 condocefactus,
1301 2273 1489 2306 mulierem
1516 2273 1585 2304 ali-

132 2322 276 2366 quando
316 2323 499 2368 quaesisse
538 2322 773 2368 perhibetur,
810 2332 881 2365 quo
907 2331 979 2352 rem
1009 2320 1192 2353 molestam
1219 2320 1290 2353 sibi
1320 2319 1522 2365 deponeret
1549 2326 1586 2353 et

132 2379 259 2415 corpus
285 2381 394 2403 onere
429 2370 530 2403 velut
567 2381 712 2402 excusso
742 2369 897 2407 levaret,
938 2373 1109 2412 quantum
1138 2368 1221 2400 illos
1247 2368 1425 2401 sustinere
1449 2367 1584 2400 laboris

133 2420 239 2461 atque
262 2418 507 2451 molestiarum
545 2416 823 2450 existimandum
863 2419 939 2456 est,
975 2415 1012 2446 in
1038 2415 1168 2460 quibus
1195 2427 1213 2447 a
1235 2421 1363 2448 natura
1390 2414 1584 2448 vehemens

137 2468 192 2495 est
217 2465 395 2509 appetitus
411 2465 578 2510 impetus,
612 2477 689 2497 eum
710 2462 945 2497 nihilominus
964 2472 1102 2495 servare
1127 2463 1263 2508 seipsos
1299 2462 1337 2495 in
1359 2462 1583 2495 continentia

132 2510 269 2543 velint?
293 2518 402 2558 atque
419 2512 511 2545 hanc
535 2513 581 2545 ob
606 2524 759 2550 causam,
781 2511 914 2543 dilecte
942 2509 1005 2547 fili,
1030 2509 1176 2555 quidam
1199 2510 1267 2542 viri
1292 2510 1451 2554 religiosi
1475 2508 1583 2542 nudis

134 2557 342 2602 corporibus
372 2565 466 2593 totos
490 2559 567 2592 dies
594 2560 631 2592 in
650 2558 786 2591 medias
812 2568 923 2602 aquas
952 2563 1064 2590 semet
1086 2557 1259 2590 abiecisse
1284 2557 1485 2597 traduntur,
1510 2567 1583 2601 quo

134 2603 448 2640 inflammationem
473 2613 509 2640 et
535 2612 671 2640 aestum
695 2606 799 2638 illum
835 2604 1035 2637 naturalem
1063 2605 1336 2650 restinguerent.
1366 2604 1490 2648 itaque
1518 2615 1584 2636 ne-

136 2662 194 2684 mo
219 2650 369 2696 posthac
393 2654 615 2688 nativitatem
645 2665 744 2686 suam
768 2654 806 2686 in
831 2651 990 2685 medium
1014 2652 1183 2696 proferat,
1208 2662 1312 2684 nemo
1339 2651 1582 2696 inauspicatos

136 2697 294 2732 siderum
316 2699 454 2743 positus
490 2707 526 2734 et
557 2702 656 2734 inter
695 2712 732 2733 se
769 2698 1070 2733 conformationes
1103 2705 1298 2732 cnussetur.
1334 2699 1583 2743 nam-sapiens

135 2746 200 2780 ille
228 2744 431 2780 moderator
456 2747 699 2782 universorum
725 2747 910 2793 praeclaro
938 2746 1088 2780 consilio
1115 2746 1271 2780 instituit
1288 2772 1295 2786 ‚
1322 2751 1360 2780 ut
1387 2746 1459 2779 suis
1491 2751 1583 2778 tem·
