1826 3120
290 172 306 205 1
320 152 354 207 8
719 162 1005 206 MicHAEns
1043 161 1257 205 GLYCAE

281 272 353 313 καί
379 271 502 324 δῆλον
529 269 572 318 ἐξ
601 261 657 308 ὧν
687 262 708 305 ό
732 265 909 315 Ἰ·Ισαί”ας
939 266 1068 321 φησίν
1097 264 1147 318 ,,ὄ
1177 260 1407 319 στερεώσας
1434 260 1506 305 τόν
1533 260 1716 318 οὐρανὸν

279 337 383 378 ὦσεί
419 331 611 376 καπνόν.”
667 330 864 380 ὡσαύτως
901 334 974 373 καί
1011 329 1056 372 τό
1099 328 1216 385 ὕδωρ
1251 326 1355 371 αὐτὸ
1393 327 1545 384 α’ραιόν
1569 344 1614 371 τε
1645 329 1719 372 καί

276 400 464 455 μαλακὸν
487 398 592 455 πρὸς
620 395 724 438 αὐτὸ
755 396 1074 453 συγκρινόμενον
1099 396 1145 439 τό
1176 399 1403 451 στερέωμα.

380 467 426 509 Ὁ
452 468 528 519 μὲν
558 458 632 505 οὖν
670 464 863 518 Ἰώσηπος
893 466 938 506 ἐν
965 465 1018 521 τῇ
1054 465 1144 505 κατ’
1175 459 1304 504 αὕτόν
1329 461 1600 518 ἆρχαιολογίᾳ
1631 475 1717 516 φη-

276 536 342 576 σίν
369 530 432 574 ὅτι
474 528 519 572 τό
568 530 787 584 στερέωμα
823 527 1079 585 παραγαγών
1121 528 1142 569 ὃ
1173 526 1273 576 θεὸς
1317 524 1574 582 κρύσταλλον
1605 524 1754 583 αὖτῷό

275 600 518 653 περιέπηξε,
550 594 684 637 νότιόν
717 612 758 638 τι
788 597 860 638 καί
885 596 1061 645 ὑετῶδες
1089 593 1194 650 πρὸς
1225 594 1300 648 τήν
1329 592 1411 635 ἀπὸ
1442 593 1524 635 τῶν
1553 589 1718 648 δρόσων

276 665 483 720 ὠφέλειαν
523 662 736 718 ἁρμοδίως
776 661 894 703 αὐτὸ,
920 663 970 719 τῇ
1009 665 1062 719 γῇ
1090 659 1395 716 ἐμηχανήσατο.
1453 659 1529 700 οὐκ
1556 657 1647 713 ἔχει
1672 659 1719 700 δὲ

276 729 349 771 καί
375 727 427 770 τά
475 730 548 783 τῆς
579 729 805 782 α’ληθειὶις,
849 725 905 777 ὥς
936 726 1053 781 οἶμαι
1064 762 1076 782 ,
1118 726 1221 769 κατὰ
1263 726 1329 769 τὸν
1359 725 1520 769 ἐκείνου
1548 723 1717 769 σκοπόν.

236 799 381 846 (ῑτίνος
411 797 573 847 §venem
619 791 683 836 ὅτι
726 792 872 850 δρόσοι
914 796 987 836 καί
1014 794 1132 836 &etot
1175 792 1333 847 migrat
1364 809 1408 835 τε
1436 794 1510 837 καί
1531 790 1720 847 χάλαζαι

273 863 346 902 καί
368 860 509 914 χιόνες
551 859 592 910 ἐξ
632 856 960 913 ἀναθυμιάσεως
988 861 1174 915 λε’γονται
1200 860 1280 904 τῶν
1321 860 1421 912 περὶ
1445 861 1523 914 γῆν
1555 856 1720 903 ὑδάτων
1737 875 1796 906 ιο-

273 929 567 969 συνίοτασθαι.
623 928 694 969 καί
723 925 906 982 πρόσεχε
933 928 990 984 τῷ
1015 927 1181 984 μεγάλῳ
1201 927 1412 983 Βασιλείῳ
1441 922 1539 980 περὶ
1565 922 1721 968 τούτων

274 989 403 1041 οὕτως
430 994 472 1034 ἐν
503 995 553 1049 τῇ
574 990 788 1051 ὲξαημέρῳ
815 993 943 1034 αὐτοῦ
972 992 1174 1043 διεξιόντι.
1207 990 1341 1046 ,,καλὴ
1372 993 1450 1045 μὲν
1480 984 1556 1034 οὖν
1582 989 1610 1046 ἦ
1637 991 1719 1032 θά-

273 1058 409 1100 λασσά
447 1061 557 1111 ἑστι,
597 1062 668 1100 καί
703 1056 769 1100 ὅτι
806 1065 892 1108 τοῖς
924 1059 1084 1114 οἷερίοις
1120 1055 1273 1101 ’ὕδασιν
1301 1057 1414 1113 α’ρχή
1440 1059 1502 1106 τίς
1530 1058 1618 1099 ἐστι
1649 1055 1723 1099 καί

271 1126 407 1180 πηγή,
450 1127 694 1180 θαλπομένη
723 1128 800 1178 μὲν
829 1127 881 1182 τῇ
909 1126 1043 1167 α’κτῖνι
1085 1127 1160 1167 τοῦ
1185 1125 1330 1180 ἡλίου,
1363 1124 1645 1177 ἀποτιθεμένη
1673 1123 1720 1164 δὲ

270 1191 315 1234 τό
345 1190 495 1232 λεπτόν
537 1193 612 1233 τοῦ
655 1189 808 1240 ὕδατος
842 1191 911 1233 διὰ
955 1194 1039 1232 τῶν
1065 1191 1235 1244 α’τμῶν·
1297 1188 1399 1246 ὅπερ
1429 1187 1631 1233 ἓλκυσθὲν
1659 1190 1719 1239 εἰς
1737 1191 1787 1236 15

270 1257 339 1299 τὸν
368 1254 453 1299 ἄνω
498 1257 646 1310 τόπον,
691 1254 782 1299 εἶτα
813 1259 1088 1312 καταψυχθὲν
1130 1258 1201 1300 διὰ
1233 1257 1279 1300 τὸ
1320 1254 1581 1312 ὑψηλότερον
1607 1257 1720 1311 γενέ-

269 1327 376 1366 σθαι
417 1327 492 1380 τῆς
528 1323 611 1366 ἀπὸ
645 1326 717 1366 τοῦ
761 1322 948 1380 ἐδάφους
992 1323 1260 1372 ἀνακλάσεως
1301 1326 1384 1366 τῶν
1414 1322 1621 1376 α’κτίνων,
1650 1320 1723 1367 καὶ

269 1389 374 1442 ὁμοῦ
401 1392 476 1444 τῆς
506 1391 551 1431 ἐκ
579 1392 654 1431 τοῦ
683 1391 835 1445 νέφους
869 1393 988 1438 σκιᾶς
1013 1389 1088 1444 την
1117 1393 1245 1443 ψῦξιν
1274 1387 1577 1444 ἐπιτεινούσης,
1599 1385 1720 1436 ὑετὸς

224 1457 427 1508 Πγίνεται
463 1455 536 1498 καί
564 1456 719 1498 πιαίνει
757 1455 831 1510 την
856 1458 986 1513 γῆν.”μ
1037 1455 1111 1498 καί
1135 1453 1296 1511 μάρτυς
1323 1458 1404 1497 ταῖν
1437 1457 1668 1509 λεγομένων
1698 1452 1720 1495 ὅ

270 1522 489 1576 προφήτης
530 1518 673 1574 Ἀμώς
714 1524 843 1575 λέγων
883 1521 1053 1576 „mining
1102 1521 1124 1563 ὅ
1169 1524 1299 1563 ποιῶν
1327 1520 1465 1564 πάντα
1493 1520 1565 1562 καὶ
1587 1537 1717 1574 μετα-
1733 1535 1785 1568 20

271 1588 508 1639 σκευάζων,
551 1587 572 1627 ὖ
600 1586 762 1641 ἀνάγων
798 1587 841 1629 τὸ
871 1586 984 1641 ὕδωρ
1014 1590 1084 1641 τῆς
1108 1587 1328 1642 θαλάσσης
1357 1587 1430 1630 καί
1456 1588 1610 1642 ε’κχέων
1639 1588 1718 1632 azi-

271 1652 318 1694 τὸ
340 1654 410 1695 eni
438 1654 659 1707 πρόσωπον
688 1656 758 1706 τῆς
785 1654 896 1708 γῆς.”
954 1650 1020 1694 ὅτι
1057 1655 1102 1695 δὲ
1131 1653 1175 1695 τὸ
1207 1653 1450 1710 λεπτότερόν
1474 1669 1517 1696 τε
1546 1655 1620 1695 καί
1644 1669 1720 1695 πο-

373 1781 406 1813 6.
433 1785 516 1814 ante
541 1781 675 1817 νότιόν
699 1781 792 1814 adde
817 1782 883 1815 καὶ
907 1778 1004 1815 οὕτω
1033 1782 1091 1815 vel
1113 1782 1228 1815 simile
1253 1781 1354 1827 quid.

276 1910 352 1933 esse
377 1899 545 1932 subtilius
571 1899 754 1944 quoddam
779 1910 908 1945 corpus
927 1911 967 1932 ac
991 1900 1126 1945 purius.
1151 1905 1274 1946 patere
1297 1898 1441 1933 videtur
1465 1898 1503 1932 id
1529 1899 1574 1933 de
1598 1901 1719 1938 verbis

274 1947 400 1980 Esaiae
425 1946 498 1992 (51)
526 1945 678 1979 dicentis
710 1947 796 1992 „qui
829 1947 970 1980 coelum
1004 1947 1101 1980 fumo
1143 1947 1327 1980 consimile
1363 1946 1571 1980 stabilivit.”
1608 1948 1658 1980 sic
1682 1955 1720 1984 et

276 2005 403 2038 aquam
428 1994 539 2037 ipsam
567 2005 681 2026 raram
709 1994 927 2039 mollemque
954 2006 1034 2027 cum
1059 1994 1281 2028 condidisset
1309 1993 1418 2035 deus,
1441 1993 1488 2027 ad
1515 1994 1719 2029 firmamen-

275 2046 351 2074 tum
376 2040 559 2081 collatam,
585 2041 666 2084 gelu
693 2042 726 2073 ei
755 2041 1008 2083 circumdedit,
1035 2054 1075 2074 ac
1097 2041 1281 2074 humidam
1306 2046 1414 2085 atque
1441 2041 1600 2086 pluviam
1635 2042 1719 2080 red?

278 2087 390 2128 didit,
414 2093 455 2119 ut
484 2093 599 2119 terrae
626 2087 749 2121 usibus
774 2094 894 2134 aptam
930 2089 1102 2130 efficeret,
1128 2099 1220 2133 quae
1248 2088 1293 2120 de
1320 2099 1399 2120 rore
1424 2088 1618 2133 plurimum
1645 2090 1719 2123 uti-

277 2134 389 2167 litatis
415 2134 520 2178 capit.

371 2180 427 2213 An
448 2192 523 2212 non
544 2179 632 2213 haec
656 2182 706 2214 ita
724 2192 761 2214 se
785 2193 822 2214 re
845 2192 929 2215 vera
947 2180 1110 2215 habent?
1134 2192 1231 2214 rores
1261 2186 1355 2214 certe
1381 2193 1422 2214 ac
1442 2182 1574 2216 imbres
1588 2209 1597 2224 ‚
1619 2183 1719 2228 prui-

277 2239 364 2268 nae,
391 2228 578 2270 grandines
594 2254 602 2268 ‚
641 2229 741 2261 nives
770 2229 814 2261 de
840 2240 1013 2273 aquarum
1038 2228 1258 2262 terrestrium
1283 2228 1510 2263 exhalatione
1536 2231 1622 2263 oriri
1646 2236 1720 2269 traa-

280 2274 423 2307 duntur.
451 2281 558 2319 atque
597 2274 678 2308 heic
711 2276 800 2308 mihi
836 2277 954 2320 magni
979 2276 1100 2308 Basilii
1134 2274 1251 2307 verbis
1279 2276 1478 2318 attendito,
1504 2278 1565 2322 qui
1593 2276 1638 2310 de
1661 2278 1718 2316 his

279 2320 347 2353 hoc
370 2321 476 2354 modo
511 2321 655 2354 disserit
692 2333 734 2355 eo
761 2322 854 2356 libro
895 2334 1000 2368 quem
1027 2322 1071 2355 de
1106 2333 1166 2354 sex
1189 2323 1381 2366 primorum
1419 2323 1464 2356 ab
1490 2329 1569 2356 ortu
1592 2325 1719 2358 muudi

281 2367 417 2400 dierum
442 2369 608 2412 operibus
635 2371 844 2414 composuit.
862 2369 1060 2415 pulchrum,
1077 2369 1138 2410 ait,
1163 2369 1334 2413 quiddam
1352 2376 1406 2403 est
1429 2382 1526 2403 mare
1542 2371 1601 2403 vel
1614 2382 1655 2404 ea
1672 2371 1718 2404 de

282 2426 397 2456 causa,
415 2415 512 2459 quod
526 2416 740 2460 principium
762 2423 798 2450 et
822 2418 900 2450 fons
919 2423 974 2450 est
987 2417 1159 2450 aeriarum
1178 2428 1358 2460 aquarum.
1377 2418 1510 2461 quippe
1527 2429 1604 2450 cum
1621 2429 1642 2450 a
1661 2430 1719 2451 ra-

283 2462 352 2494 diis
370 2462 455 2494 solis
475 2463 670 2503 incalescit,
687 2475 748 2507 per
767 2465 1014 2498 exhalationes
1035 2475 1160 2508 aquam
1179 2475 1276 2495 suam
1296 2465 1541 2497 tenuissimam
1565 2466 1719 2507 amittit3

283 2520 375 2553 quae
402 2510 584 2553 superiora
614 2511 650 2541 in
674 2511 752 2543 loca
779 2511 898 2544 delata
924 2512 1124 2555 frigoreque
1162 2511 1371 2551 constricta,
1404 2517 1595 2556 propterea
1619 2512 1718 2556 quod

280 2555 318 2586 in
357 2556 509 2589 sublime
546 2562 693 2589 attracta
720 2558 860 2601 longius
885 2565 961 2591 tum
987 2570 1004 2590 a
1033 2563 1126 2591 terra
1151 2562 1226 2590 tum
1250 2558 1418 2590 solarium
1442 2557 1622 2594 radiorum
1645 2560 1718 2592 fra-

281 2602 399 2634 ctione
437 2603 548 2642 absit,
587 2604 663 2648 ipsa
701 2605 809 2637 etiam
845 2605 952 2638 nubis
981 2604 1104 2649 umbra
1127 2604 1234 2648 frigus
1268 2604 1481 2647 intendente
1512 2605 1553 2638 fit
1575 2606 1715 2650 pluvia,

279 2653 483 2695 terramque
512 2649 756 2682 fecundiorem
794 2652 921 2686 reddit.
945 2652 1014 2685 hoc
1037 2657 1134 2685 vates
1159 2652 1309 2684 Amosus
1336 2651 1388 2697 (6)
1411 2663 1533 2685 verum
1560 2663 1636 2686 esse
1659 2660 1716 2687 te-

282 2700 416 2735 statur,
435 2737 438 2741 .
455 2707 534 2728 cum
572 2697 692 2740 inquit
720 2697 909 2738 ⁷‚dominus
945 2704 999 2733 est
1031 2698 1094 2744 qui
1120 2703 1157 2731 et
1181 2698 1269 2731 facit
1301 2703 1338 2731 et
1373 2699 1536 2732 immutat
1559 2701 1714 2734 vicissim

282 2743 419 2786 omnia;
444 2742 507 2787 qui
535 2754 663 2788 aquam
688 2745 858 2778 marinam
883 2757 1021 2780 sursum
1043 2745 1185 2787 attolit,
1219 2751 1254 2779 et
1281 2756 1358 2780 eam
1386 2746 1425 2780 in
1446 2751 1563 2780 terrae
1589 2758 1715 2794 super-
