1826 3120
597 135 878 176 ANNAIAUM
920 134 1054 177 PARS
1077 172 1080 175 Α
1099 137 1131 175 1.
1512 116 1587 188 49

141 233 220 277 ἀπὸ
248 236 328 278 τῶν
355 234 586 291 φωστήρων
617 238 982 293 παρασημεάοσις,
1012 236 1087 280 ἐὰν
1105 236 1163 293 μή
1185 252 1249 286 τις
1274 238 1381 292 πέρα
1410 237 1484 278 τοῦ
1510 238 1587 289 μέ-

139 311 242 357 τρου
287 303 331 352 ἐξ
373 301 510 344 αὐτῶν
536 309 691 358 σημεῖα
728 303 1062 359 περιεργὰζηται.
1117 301 1248 346 πολλοὶ
1275 301 1458 358 μὲνγὰρ
1489 304 1589 357 περὶ

141 368 375 423 ἐπομβρίας
402 366 491 409 ἔστι
521 372 698 423 μαθεῖν,
734 367 868 412 πολλοὶ
899 370 945 411 δὲ
973 369 1072 424 περὶ
1098 366 1276 424 αὖχμῶν
1301 372 1373 412 καί
1398 367 1586 421 πνευμά-

141 449 222 475 των
249 435 447 490 κινήσεως
493 431 522 490 ἢ
552 435 737 491 μερικῶν
765 430 793 490 ἢ
830 435 1040 488 καθόλου,
1068 436 1220 489 βιαάυν
1248 432 1484 490 ἀνειμένων.
1540 437 1629 477 ἓνί)

104 499 218 553 δγάρ
249 517 289 542 τι
317 502 397 542 τῶν
416 500 496 542 α’πό
520 502 595 542 τοῦ
622 501 743 556 ἡλίου
772 502 1167 556 παραδεικνυμένων
1196 504 1268 543 καί
1295 500 1478 557 ὁκύριος
1505 519 1586 544 πα-

136 567 318 620 ρέδωκεν
358 563 496 620 ἡμῶν,
537 566 668 608 εἰπών
710 562 777 608 ὅτι
823 566 987 621 χειμών
1026 565 1166 609 ἔσται·
1236 566 1458 623 στυγνάζει
1501 567 1584 623 γὰρ

136 633 365 686 πυρράζων
394 631 430 672 -ὁ
480 629 675 687 οὐρανός.
745 630 916 675 ἐπειδὰν
947 631 1028 688 γὰρ
1059 635 1113 675 δι’
1145 635 1303 688 α’χλύος
1332 635 1358 690 ἡ
1389 633 1585 691 α’ναφορά

134 699 296 752 γένηται
317 731 327 750 ,
372 698 668 751 ἆμαυροῦνται
700 700 776 751 μὲν
816 698 862 741 αἱ
890 695 1054 750 ἀκτῖνες
1081 703 1158 742 τοῦ
1186 701 1303 756 ἡλίου
1322 733 1334 755 ‚
1364 698 1586 756 α’νθρακαῖ-

135 766 210 819 ὁ“ης
241 766 287 806 δὲ
315 767 387 806 καί
417 761 604 821 ὕφαιμος
631 762 706 819 τήν
727 755 863 819 Γχρόαν
891 765 1038 821 ὁρᾶται
1058 800 1070 821 ,
1100 757 1334 822 nujgv'ttng
1359 770 1433 810 τοῦ
1461 768 1586 823 α’έρος

77 830 293 887 ιοταύτην
332 829 585 886 ἐμποιούσης
627 830 704 887 τήν
745 834 984 888 φαντασίαν
1025 838 1117 882 ταῖς
1158 830 1321 888 ὄψεσιν.
1377 832 1483 875 α’λλὰ
1513 834 1588 876 καὶ

134 895 306 939 ἐπειδὰν
342 896 366 952 ἡ
397 895 546 953 σελήνη
575 896 922 954 περιλιμνάζηται
942 930 953 948 ,
1001 893 1029 955 ἡ
1072 895 1223 949 ὕδατος
1251 900 1399 954 οἶερίου
1425 902 1585 955 πλῆθος
1626 903 1628 905 ’

132 959 162 1017 ἢ
189 962 314 1005 νότου
350 963 496 1017 βιαίαν
528 963 687 1019 κίνησιν
724 966 1031 1019 ἐπαγγέλλεται.
1088 968 1160 1008 καί
1188 969 1246 1023 τῷ
1279 963 1379 1024 ἡλίῳ
1410 967 1456 1008 δὲ
1484 963 1585 1009 ὅταν

131 1028 178 1072 αῖ
209 1027 428 1084 λεγόμεναι
457 1026 544 1089 ἅλῳ
575 1033 916 1087 περιγραφῶσιν,
948 1029 976 1087 ἢ
1003 1036 1077 1075 καί
1103 1031 1177 1080 οὕς
1205 1031 1481 1086 ὄνομάζουσιν
1511 1034 1583 1076 ἅν-

130 1098 317 1151 θηλίους,
345 1093 446 1139 ὅταν
475 1101 858 1153 συμπεριτρὲχουσι
886 1100 934 1157 τῇ
962 1102 1037 1142 τοῦ
1068 1099 1189 1154 ἡλίου
1219 1095 1357 1158 φορᾷ,
1385 1116 1584 1154 συμπτω-

72 1162 275 1222 ξόμάτων
300 1167 425 1206 τινῶν
455 1167 599 1220 καίρια
630 1160 782 1219 σημεῖα
811 1164 968 1220 γίνεται
989 1198 1000 1219 ‚
1042 1163 1182 1221 ὥσπερ
1224 1162 1299 1208 οὖν
1327 1169 1400 1209 καί
1426 1166 1470 1209 αἱ
1505 1165 1580 1224 ῥοί-
1595 1171 1632 1207 Ρ.
1645 1170 1690 1203 26

128 1230 224 1281 βὸοι
272 1228 316 1270 αἱ
345 1228 449 1272 κατὰ
481 1229 556 1284 τήν
582 1227 721 1284 χρόαν
761 1233 835 1286 τῆς
873 1230 1005 1286 ἴριδος
1056 1234 1115 1281 εἰς
1144 1232 1276 1288 ὀρθὸν
1304 1239 1390 1282 τοῖς
1415 1235 1584 1290 νέφεσιν

130 1296 438 1351 έμφαινόμεναι
484 1291 669 1352 ὄμβρους
717 1300 1028 1352 καί,χειμαῖνας
1066 1301 1276 1350 ἐξαισίους
1318 1294 1341 1354 ἢ
1373 1296 1480 1350 ὅλως
1507 1299 1583 1354 τήν

130 1361 202 1403 ἐπὶ
225 1366 415 1404 πλεῖστον
441 1362 682 1417 μεταβολὴν
709 1365 786 1404 τοῦ
814 1366 936 1417 α’έρυς
966 1366 1235 1408 &venna-vrak
1267 1364 1398 1408 πολλοὶ
1432 1367 1478 1408 δὲ
1511 1369 1585 1409 καί

131 1428 231 1483 περὶ
257 1427 429 1484 σελήνην
455 1431 742 1484 αὐξανομένην
769 1425 796 1485 ἢ
824 1428 1034 1485 λήγουσαν
1062 1430 1097 1472 οἱ
1120 1431 1278 1480 τούτοις
1309 1429 1582 1486 ἑσχολακότες

66 1509 118 1537 20
130 1492 377 1550 τετηρήκασι
406 1494 636 1551 σημειώδη,
670 1494 727 1545 ὦς
752 1499 829 1538 τοῦ
857 1498 955 1551 περὶ
982 1499 1059 1552 γῆν
1086 1497 1207 1553 ἀέρος
1234 1495 1469 1552 ἀναγκαίως
1495 1505 1581 1547 τοῖς

130 1560 341 1616 σχήμασιν
382 1557 514 1616 αὐτῆς
555 1563 1035 1616 συμμεταβαλλομένου·
1092 1563 1218 1619 λεπτή
1251 1567 1330 1618 μὲν
1357 1562 1436 1620 γάρ
1469 1560 1578 1606 οὖσα

130 1626 228 1683 περὶ
259 1625 334 1683 τήν
359 1629 503 1683 τρίτην
529 1625 690 1684 ἡμέραν
735 1629 807 1671 καί
833 1628 1002 1686 καθαροὶ
1034 1630 1254 1687 σταθηρὰν
1282 1631 1428 1673 εὐδίαν
1458 1647 1578 1673 κατε-

130 1827 276 1874 profert.
305 1827 573 1863 observationes
606 1830 834 1864 luminarium
871 1833 917 1866 ad
944 1834 1050 1867 vitam
1093 1833 1283 1866 humanam
1325 1838 1410 1867 sunt
1450 1845 1573 1868 neees-

128 1876 262 1917 sariae,
303 1876 372 1909 nisi
417 1879 495 1923 quis
535 1877 627 1910 ultra
661 1877 805 1911 modum
839 1885 875 1913 et
917 1881 1088 1914 curiosius
1125 1891 1230 1925 quam
1267 1892 1333 1925 par
1372 1882 1419 1914 sit
1451 1893 1573 1915 eorum

127 1924 226 1967 signa
260 1924 454 1969 perquirat.
494 1936 576 1958 nam
602 1924 713 1957 multa
751 1925 796 1959 de
834 1928 1109 1972 tempestatibus
1152 1928 1281 1973 pluviis
1316 1927 1400 1960 hinc
1440 1940 1572 1973 cogno-

127 1980 224 2003 scere
248 1970 356 2012 licet,
399 1971 511 2005 multa
554 1972 599 2004 de
643 1972 841 2006 siccitatum
885 1981 1144 2020 ventorumque
1203 1975 1464 2016 concitatione,
1513 1977 1572 2010 vel

127 2018 393 2062 particularium
419 2019 477 2053 vel
502 2020 772 2060 universalium,
811 2021 867 2053 vel
896 2021 1160 2055 vehementium
1195 2023 1253 2056 vel
1276 2022 1425 2057 lenium.
1463 2023 1572 2056 nimi·

127 2076 203 2098 rum
243 2075 287 2098 ex
324 2066 367 2098 iis
415 2078 506 2112 quae
554 2067 608 2100 sol
650 2066 838 2100 ostendere
885 2070 1090 2110 consuevit,
1134 2081 1244 2102 unum
1293 2069 1337 2102 ab
1379 2070 1457 2114 ipso
1504 2070 1571 2103 ‹lo-

126 2113 226 2145 mino
262 2113 434 2155 traditur,
472 2125 550 2147 cum
586 2115 637 2147 ait
670 2115 809 2156 (Matth.
845 2115 883 2147 16
913 2116 948 2153 3)
979 2122 1194 2160 „tempestas
1230 2117 1316 2157 erit,
1357 2118 1441 2162 quia
1467 2119 1569 2151 triste

127 2159 233 2193 rubet
255 2160 426 2194 coelum.''
461 2173 539 2194 cum
566 2162 660 2195 enim
687 2162 931 2196 exhalationes
963 2163 1117 2208 quadam
1143 2175 1221 2196 cum
1251 2164 1403 2208 caligine
1430 2176 1568 2198 sursum
1620 2192 1623 2195 .

125 2206 299 2249 tendunt,
326 2208 562 2242 obscurantur
589 2208 681 2242 radii
704 2210 810 2250 solis,
837 2220 877 2242 ac
904 2210 958 2243 sol
987 2211 1063 2256 ipse
1091 2211 1254 2244 carbonis
1278 2212 1390 2244 instar
1416 2212 1567 2245 rutilans

126 2255 363 2301 sanguinique
390 2257 584 2289 consimilis
609 2263 771 2302 apparet,
798 2257 951 2302 speciem
975 2257 1067 2292 hanc
1094 2259 1132 2292 in
1160 2259 1272 2291 oculis
1300 2259 1482 2292 efficiente
1507 2264 1569 2293 ai}-

125 2302 171 2334 ris
198 2303 366 2336 crassitie.
407 2304 456 2336 sie
481 2304 622 2349 quoties
652 2304 738 2336 luna
764 2305 964 2349 caliginosis
991 2306 1035 2338 ab
1065 2305 1274 2339 humoribus
1303 2305 1567 2349 circumdatur,

124 2348 182 2381 vel
207 2361 320 2394 aquae
346 2349 489 2395 pluviae
516 2352 654 2396 copiam
685 2352 723 2384 in
754 2355 835 2385 aere
859 2352 918 2384 vet
940 2353 1048 2386 austri
1074 2354 1348 2387 commotionem
1371 2353 1567 2387 vehemen-

124 2401 196 2428 tem
222 2397 387 2430 minatur,
425 2399 536 2431 solem
568 2410 646 2431 cum
682 2410 784 2432 areae
820 2401 922 2444 (quas
950 2401 1091 2448 vocant)
1118 2400 1302 2441 ambiunt,
1330 2400 1567 2434 accidentium

124 2444 348 2488 quorundam
382 2446 472 2479 aeris
505 2447 602 2490 signa
629 2447 794 2479 existunt.
833 2446 958 2480 itidem
991 2448 1109 2493 virgae
1143 2459 1234 2494 quae
1268 2447 1372 2481 Iridis
1408 2449 1567 2481 colorem

122 2490 303 2524 imitantes
340 2492 379 2525 in
421 2493 578 2526 nubibus
621 2499 739 2527 rectae
784 2495 1069 2539 conspiciuntur,
1112 2496 1242 2528 imbres
1289 2507 1329 2528 ac
1372 2501 1567 2540 tempesta-

124 2542 177 2570 tes
225 2539 412 2572 immensas
459 2541 516 2573 vel
557 2541 704 2574 omnino
750 2543 984 2575 mutationem
1026 2543 1117 2578 aliris
1161 2542 1370 2576 diuturnum
1417 2548 1567 2588 porten-

127 2583 225 2618 dunt.
251 2587 363 2620 multa
396 2593 538 2632 praeter
569 2588 658 2621 haec
694 2589 729 2621 in
759 2595 970 2633 augescente
995 2590 1052 2623 vel
1077 2589 1305 2623 decrescente
1332 2590 1416 2622 luna
1442 2588 1566 2622 obser-

125 2639 252 2667 varunt
277 2634 400 2667 harum
426 2646 540 2668 rerum
565 2635 736 2676 studiosi,
759 2635 803 2668 de
827 2635 955 2680 quibus
985 2637 1103 2682 colligi
1123 2637 1298 2683 quaedam
1324 2636 1457 2669 indicia
1481 2648 1566 2682 pos-

129 2685 228 2721 sunt,
252 2681 350 2726 quod
380 2693 459 2714 cum
487 2683 563 2715 eius
600 2682 724 2715 sideris
754 2682 874 2715 formis
910 2687 969 2716 a'c‘r
991 2695 1136 2730 quoque
1167 2691 1282 2718 terrae
1307 2684 1444 2716 vicinus
1466 2695 1564 2716 com-

129 2729 294 2763 mutetur,
317 2739 399 2763 nam
425 2729 453 2762 si
476 2730 595 2765 tenuis
621 2741 782 2776 puraque
806 2730 853 2764 sit
878 2728 936 2763 die
961 2732 1090 2774 tertio,
1119 2733 1346 2766 serenitatem
1364 2730 1563 2764 durabilem

217 2799 356 2842 Glycas.
1288 2807 1309 2848 4
