1826 3120
238 143 311 199 26
674 160 957 203 MchAEms
999 157 1215 201 GLYCAE

231 292 315 326 τοις
347 277 479 329 ἐστίν,
508 278 552 318 ἐν
574 278 658 322 τοῖς
683 274 947 327 δριμυτέροις
965 273 1047 313 τῶν
1067 268 1314 327 σπερμάτων
1329 263 1516 327 φυσικαῖς
1542 269 1673 329 ἄπορ-

232 348 319 398 ρεῖ,
349 345 421 384 καί
446 345 604 397 γίνεται
640 337 687 379 τὸ
719 341 999 394 καταλειφθὲν
1028 335 1320 381 εὐωδέστατον.
1394 335 1499 380 ἀλλὰ
1527 341 1599 382 καί
1625 340 1670 382 τό

229 408 412 463 πήγανον
452 405 531 449 ὑπὸ
559 406 611 462 τῇ
656 405 764 461 συκῇ
789 404 1076 460 φυτευόμενον
1104 403 1354 459 δριμύτερον
1381 401 1540 447 ἑαυτοῦ
1564 407 1672 460 γίνε-

229 490 325 515 ται·
382 475 652 526 μετατίθεται
697 468 776 525 γάρ
809 471 868 519 εἰς
900 469 1006 512 αὐτὸ
1040 469 1087 512 τὸ
1119 471 1163 511 ἐν
1199 471 1251 526 τῇ
1279 469 1384 526 συκῇ
1410 469 1673 526 βαρύοσμον,

231 539 456 580 κάντεῦθεν
482 535 631 591 βελτίω
660 533 713 578 τοὶ
743 537 851 578 σῦκα
884 537 1055 591 γίνεται.
1110 534 1214 576 ἄλλα
1245 534 1318 576 καί
1343 537 1442 591 κρέη
1468 534 1565 578 τινὰ
1593 536 1712 578 ποι-5

231 603 286 660 ρτὶ
321 606 374 661 τῇ
413 605 521 660 συκῇ
563 603 879 658 κρεμαννύμενα
916 597 1132 658 εῧθρυπτα
1160 600 1346 656 γίνεται.
1400 600 1445 644 τὸ
1478 600 1560 657 γὰρ
1593 618 1674 659 φυ-

229 669 311 723 τόν,
340 667 395 719 αἷς
425 667 598 725 εἴρηται,
629 669 782 724 ἦσυκῆ
810 668 1007 711 ἁπάντων
1039 667 1149 710 ἐστίν
1177 669 1478 709 ὀπωδέστατον.
1514 666 1676 721 θερμὸν

230 738 394 789 πνεῦμα
432 734 504 777 καὶ
549 734 678 790 δριμύ
710 736 784 776 καί
810 733 1007 789 τμητικὸν
1037 736 1216 790 α’φιήσι,
1245 735 1319 775 καί
1345 735 1467 775 τοῦτο
1495 732 1676 790 θρύπτει

230 804 303 844 καί
338 802 527 844 πεπαίνει
551 800 628 856 τήν
668 802 806 857 σάρκα
833 803 912 842 τοῦ
944 796 1122 856 ὄρνιθος.
1181 797 1278 842 ὅθεν
1304 801 1376 841 καί
1403 801 1488 842 τῶν
1510 799 1676 855 ταύρων

184 865 250 912 Βό
278 867 572 922 χαλεπώτατος
616 868 724 925 συκῇ
767 867 1016 922 προσδεθείς
1043 864 1225 922 ἡσυχίαν
1255 862 1349 921 ἄγει
1377 867 1449 908 καί
1473 866 1676 920 ψαύσεως
1693 881 1740 908 ιο

228 935 440 988 ἀνέχεται,
468 935 540 975 καί
568 930 675 983 ὅλως
704 933 857 990 ἀφίησι
884 931 959 975 τὸν
988 931 1129 986 θυμὸν
1159 928 1298 987 ὥσπερ
1330 930 1675 988 ἀπομαραινόμε-

225 1016 309 1050 νος.
364 1002 486 1042 τοῦτο
516 1002 616 1055 γοῦν
641 997 684 1042 τὸ
713 1000 876 1053 πνεῦμα
905 997 1088 1048 καὶτοῖς
1104 1000 1252 1055 κρέασι
1278 1004 1535 1054 προσπῖπτον
1563 999 1676 1040 διαι-

226 1070 297 1120 ρεῖ·
317 1064 388 1120 τὴν
414 1066 550 1120 σάρκα
579 1065 652 1107 καί
679 1065 974 1121 περιθρύπτει.
1006 1063 1075 1106 διὰ
1106 1066 1238 1107 ταῦτα
1265 1064 1338 1107 καί
1368 1063 1448 1120 πρὸ
1470 1065 1545 1120 τῆς
1573 1068 1676 1120 γλυ-

225 1133 343 1180 κείας
369 1133 500 1186 συκῆς
531 1133 654 1186 ἕτερα
680 1133 789 1173 σῦκα
808 1130 1010 1185 λεγόμενα
1034 1125 1204 1172 ὄλυνθοι
1223 1128 1296 1185 τήν
1315 1126 1524 1186 ἄχρηστον
1551 1127 1675 1187 ὑγρό-

226 1213 331 1252 τητα
360 1199 436 1240 τοῦ
465 1199 601 1252 φυτοῦ
619 1199 664 1239 έν
691 1194 852 1246 ἑαυτοῖς
880 1198 1048 1239 ἕλκοντα
1069 1198 1353 1252 χρηστοτέραν
1380 1194 1548 1253 ιῖφιήσι.
1602 1195 1673 1239 διὰ
1693 1199 1740 1241 ι5

226 1262 348 1305 τοῦτό
394 1280 501 1319 φησι
539 1265 613 1305 καί
653 1264 677 1319 ἦ
719 1262 863 1319 γραφή
905 1259 958 1317 ,,ἧ
996 1264 1104 1318 συκῆ
1135 1259 1318 1318 ἐξήνεγκε
1346 1263 1443 1311 τοὺς
1467 1260 1676 1312 ὄλύνθους

111 1335 152 1368 V.
175 1346 206 1368 ιι
226 1332 355 1385 αὐτῆς
363 1332 399 1383 ,”
425 1332 651 1383 τουτέστιν,
679 1329 706 1384 ἦ
734 1328 855 1384 ψυχὴ
878 1327 949 1370 διὰ
977 1328 1227 1384 καθάρσεως
1256 1326 1301 1371 τὸ
1322 1325 1535 1385 ἄχρηστον
1561 1324 1676 1371 ἅπαν

224 1393 362 1451 ὥσπερ
398 1390 578 1437 ὅλυνθον
606 1395 790 1449 ἐξήνεγκε
822 1397 896 1437 καί
921 1396 1229 1449 α’πωχέτευσεν.

330 1464 441 1505 Ἀλλ’
469 1462 572 1504 οῦδὲ.
597 1461 722 1505 τοῦτό
749 1478 797 1504 σε
829 1463 1125 1518 παραδραμεῖν
1152 1457 1296 1514 ἄξιον·
1349 1462 1470 1517 λόγος
1498 1461 1578 1518 γάρ
1605 1477 1670 1512 τις

122 1539 155 1572 Ρ.
173 1530 313 1584 ι4έστί
341 1530 414 1570 καί
440 1527 485 1570 τὸ
515 1524 711 1583 ἤλεκτρον
743 1526 843 1570 ὀπὸν
872 1524 978 1569 εἶναι
995 1530 1138 1584 φυτῶν
1168 1529 1228 1576 εἰς
1255 1529 1379 1569 λίθου
1409 1526 1540 1584 φύσιν
1569 1529 1672 1583 oino-
1686 1547 1740 1576 20

224 1596 493 1649 πηγνύμενον.
562 1593 669 1636 ἀλλὰ
720 1595 793 1636 καί
830 1594 882 1636 τὰ
929 1595 1007 1647 μὲν
1038 1594 1120 1635 τῶν
1146 1593 1293 1649 φυτῶν
1320 1595 1501 1650 αἐιθαλῆ
1531 1596 1671 1650 γέγονε

317 1723 349 1766 4.
375 1716 415 1757 τὸ
442 1722 574 1756 deerat.
709 1734 739 1768 7.
766 1733 811 1756 an
838 1717 897 1757 διὸ
920 1720 1095 1770 θερμόνὶ)

223 1837 332 1871 tur-ili
370 1837 507 1870 ratione
536 1834 689 1881 quadam
709 1836 756 1870 ad
780 1837 916 1870 semina
941 1837 1005 1870 illa
1037 1837 1172 1871 acriora
1197 1838 1300 1882 quasi
1325 1837 1471 1879 defluit,
1497 1837 1670 1884 quodque

223 1885 403 1928 reliquum
420 1889 484 1929 est,
509 1882 826 1927 fragrantissimum
850 1895 890 1917 ac
911 1885 1159 1918 suavissimum
1183 1884 1348 1917 efficitur.
1373 1885 1480 1918 etiam
1499 1891 1579 1918 ruta
1602 1885 1668 1918 suh

222 1931 291 1963 ficu
318 1931 346 1963 si
373 1936 532 1972 seratur,
561 1931 678 1975 seipsa
704 1931 745 1964 fit
771 1932 903 1964 acrior:
928 1943 1010 1964 nam
1038 1931 1136 1977 quod
1159 1931 1273 1976 gravis
1299 1937 1353 1964 est
1377 1931 1498 1965 odoris
1523 1932 1561 1964 in
1586 1932 1668 1974 ficu,

221 1977 269 2010 ad
289 1978 400 2022 ipsam
435 1977 670 2019 transfertur,
698 1989 769 2022 qua
795 1979 872 2023 ipsa
900 1990 1006 2012 causa
1032 1979 1089 2011 fici
1115 1979 1281 2011 meliores
1307 1978 1525 2012 efficiuntur.
1548 1990 1669 2024 neque

222 2030 361 2058 tantum
386 2024 454 2057 hoc
478 2024 610 2058 accidit
633 2024 673 2059 in
699 2031 800 2066 ruta,
825 2025 888 2059 sed
915 2026 1023 2059 etiam
1038 2031 1156 2059 certae
1180 2035 1302 2058 carnes
1327 2024 1373 2058 ad
1401 2026 1506 2058 ficum
1531 2037 1670 2071 appen-

221 2082 281 2104 sae
305 2071 490 2104 molliores
530 2070 835 2116 delicatioresque
874 2072 1083 2107 redduntur.
1119 2083 1203 2106 nam
1227 2072 1313 2105 ficus
1341 2071 1466 2113 arbor,
1490 2074 1545 2106 uti
1573 2073 1670 2106 dixi-

220 2129 315 2158 mus,
353 2118 447 2150 inter
472 2129 595 2151 omnes
620 2118 707 2151 alias
736 2120 832 2152 succi
856 2120 1065 2164 plenissima
1090 2125 1152 2154 est.
1183 2119 1417 2164 quamohrem
1440 2119 1595 2154 halitum
1625 2131 1669 2153 ex

221 2175 261 2197 se
281 2163 447 2205 calidum,
476 2175 604 2205 acrem,
630 2165 777 2198 secandi
800 2167 1086 2213 penetrandique
1109 2167 1182 2201 vim
1203 2165 1399 2199 habentem
1424 2167 1577 2210 emittit;
1603 2168 1667 2213 qui

222 2210 371 2257 quidem
410 2211 529 2244 avium
566 2211 790 2255 quarundam
823 2225 946 2247 carnes
970 2215 1090 2247 mollit
1121 2224 1163 2247 ac
1188 2213 1356 2246 nonnihil
1377 2215 1511 2259 coquit.
1543 2214 1669 2248 eadem

223 2269 267 2291 ex
298 2269 405 2290 causa
430 2258 471 2291 fit
498 2258 597 2303 quod
622 2260 727 2292 etiam
754 2260 967 2295 ferocissimi
992 2262 1086 2295 tauri
1108 2260 1154 2294 ad
1182 2261 1287 2294 ficum
1310 2261 1449 2305 alligati
1474 2261 1670 2307 quiescunt

224 2311 261 2339 et
286 2305 383 2349 tangi
409 2316 446 2338 se
474 2306 662 2350 patiuntur
685 2307 855 2352 omnique
879 2320 1023 2354 prorsus
1048 2308 1234 2341 iracundia
1260 2308 1406 2341 remissa
1430 2314 1569 2342 tantum
1593 2320 1667 2342 non

222 2358 454 2385 marcescunt.
486 2353 596 2396 igitur
619 2353 716 2385 idem
741 2353 874 2388 halitus
903 2357 969 2390 iste
994 2356 1033 2389 in
1057 2366 1179 2389 carnes
1204 2354 1368 2388 incidens
1394 2367 1452 2389 eas
1480 2356 1583 2401 quasi
1609 2355 1666 2388 ‹li-

222 2399 313 2433 vidit
331 2410 371 2432 ac
397 2400 594 2432 teneriores
622 2401 718 2434 facit.
742 2401 868 2434 itidem
895 2409 978 2436 ante
1005 2403 1140 2436 fructus
1165 2402 1299 2435 arboris
1324 2402 1432 2436 huius
1458 2402 1581 2436 dulces
1607 2413 1669 2435 or-

224 2452 283 2479 tae
320 2447 406 2479 ficus
439 2446 671 2488 immaturae,
707 2457 793 2492 quas
818 2460 956 2492 grossos
991 2450 1157 2490 dicimus,
1182 2449 1347 2482 inutilem
1377 2450 1453 2482 eius
1479 2449 1665 2483 humorem

223 2493 410 2526 attrahunt
428 2518 436 2533 ‚
475 2493 602 2527 relicto
646 2505 751 2527 succo
795 2497 855 2540 qui
883 2498 1012 2530 melior
1039 2502 1103 2530 est.
1126 2502 1317 2541 propterea
1343 2497 1449 2529 sacris
1471 2497 1510 2530 in
1533 2495 1666 2529 litteris

225 2539 358 2572 dicitur
383 2540 506 2586 (Cant.
533 2551 552 2572 2
587 2541 649 2586 13)
689 2542 800 2582 „ficus
826 2555 963 2586 grossos
989 2555 1071 2577 suos
1094 2544 1246 2576 extrusit
1257 2544 1288 2583 ‚'’
1323 2543 1392 2575 hoc
1419 2548 1500 2584 est,
1527 2544 1666 2577 animus

222 2598 288 2631 per
315 2587 562 2631 purgationem
604 2588 658 2620 sui
695 2589 867 2634 quicquid
901 2597 956 2624 est
980 2590 1109 2624 inutile
1141 2595 1310 2635 tanquam
1330 2601 1488 2634 grossum
1517 2590 1667 2623 extrusit

225 2638 262 2667 et
290 2639 387 2666 extra
411 2645 448 2666 se
477 2634 606 2667 emisit.

316 2680 371 2713 Ne
396 2680 432 2712 id
457 2681 603 2725 quidem
637 2681 755 2714 omitti
789 2694 807 2714 a
840 2683 944 2717 nobis
970 2683 1090 2717 (lebet.
1126 2684 1229 2716 aiunt
1252 2684 1422 2717 electrum
1446 2683 1537 2717 nihil
1563 2683 1670 2716 aliud

225 2737 302 2759 esse
330 2737 436 2773 quam
461 2738 600 2762 succum
625 2727 789 2762 arborum
815 2727 852 2763 i'n
875 2730 1055 2776 lapideam
1081 2731 1183 2777 quasi
1207 2730 1386 2776 quandam
1409 2736 1570 2767 naturam
1596 2730 1665 2764 du.-
