1826 3120
611 159 898 200 ANNAMUM
937 155 1074 198 PARS
1116 157 1171 196 11.
1491 137 1599 193 235

143 258 266 304 τοῦιὲο
294 260 418 315 δηλοῖ·
446 256 468 300 o‘
498 257 706 314 μακάριος
734 258 877 312 Δαβὶὃ
913 257 1045 313 λέγων
1083 254 1191 312 ,,ἕγώ
1223 251 1349 311 εἶπα,
1377 258 1600 312 ἐξαγορεύ-

141 344 204 371 σω
230 329 322 369 κατ’
349 328 456 380 ἐμοῦ
482 326 558 382 τήν
588 328 769 380 α’νομίαν
789 340 872 380 μου
900 327 958 382 τῷ
985 327 1117 382 κυρίῳ
1145 324 1220 365 καί
1248 321 1301 366 σύ
1333 324 1503 381 α’φῆκας
1530 323 1605 379 τὴν

143 395 341 448 α’σέβειαν
383 394 459 447 τῆς
495 392 674 449 καρδίας
711 394 833 446 μου,”
898 390 958 447 μὴ
988 389 1068 446 γάρ
1099 389 1350 441 α’λλόπιστος
1377 386 1429 445 ἦν
1456 391 1478 433 ὃ
1510 394 1603 433 Λα-

141 461 238 515 βι’ὃ,·
276 459 336 514 μὴ
367 458 442 502 τὸν
471 457 573 502 θεὸν
616 457 859 513 ἐξωμόσατο
888 459 1078 509 πάντωςς
1113 456 1237 511 οὐχί,
1266 455 1375 502 ἄλλα
1408 456 1486 513 τήν
1514 459 1603 500 ἐπι·
1617 472 1657 504 v,
1673 483 1716 516 97

106 529 307 581 ὄθυμίαν
353 523 446 582 ἥτις
483 525 595 570 ἔτεκε
630 526 705 582 τήν
739 527 958 579 μοιχείαν,
1007 525 1208 578 ἀσέβειαν
1238 525 1391 574 ἐκεῖνος
1421 523 1603 567 ἐκάλεσε.
1618 534 1736 571 P.125

141 591 403 650 παγκόσμιον
447 595 493 636 δὲ
535 593 608 636 τὸν
657 590 954 645 κατακλυσμὸν
984 593 1141 634 ἐκεῖνον
1178 591 1401 646 ἐπήνεγκεν
1432 591 1454 633 ὖ
1483 591 1605 645 θεός,

148 656 168 673 (Ι

145 677 209 703 οτι
237 659 311 702 καί
345 658 493 709 πάντες
530 662 679 702 ἐκεῖνοι
726 655 975 713 καθάρσεως
1007 657 1202 714 ἔχρῃζον.
1277 659 1351 699 καί
1374 659 1498 699 τοῦτο
1529 675 1610 699 πα..

145 726 334 783 ρι’στησιν
361 724 387 782 ἦ
416 725 561 783 γραφὴ
591 726 771 779 λέγουσα
801 726 905 778 „nal
932 719 1018 765 εἶδε
1049 720 1196 779 κύριος
1225 721 1249 764 ὅ
1277 722 1380 772 θεὸς
1405 723 1479 778 τὴν
1506 727 1609 779 γῆν,

145 793 220 835 καί
247 787 299 848 ἦν
335 792 691 850 κατεφθαρμένη,
727 787 792 833 ὅτι
825 793 1080 848 κατέφθειρε
1128 792 1246 832 πᾶσα
1274 788 1380 847 σάρξ
1408 789 1482 845 τὴν
1511 789 1640 833 ὁδὸν.

86 877 135 904 10
148 859 279 916 αὐτῆς
306 859 379 902 ἑπί
399 861 472 916 τῆς
499 860 616 914 γῆς.”

255 924 455 984 Πρόσεχε
486 928 560 980 δέ,
588 926 786 981 ἀγαπητέ.
860 925 900 967 εἶ
930 923 1116 980 γὰρούκ
1146 923 1345 981 ἐφείσατο
1374 922 1463 966 τότε
1499 923 1612 973 τινὸς

148 989 171 1036 ὅ
195 991 323 1047 θεός,
363 992 472 1036 α’λλοὶ
505 993 662 1043 πάντας
706 986 839 1049 ἄρδην
867 993 1120 1044 κατέκλυσε,
1147 992 1282 1045 μηδὲν
1313 990 1612 1047 ὠφεληθέντας

146 1061 193 1103 ἐκ
220 1061 299 1103 τοῦ
336 1060 443 1118 λόγῳ
476 1056 587 1117 μόνῳ
629 1062 834 1113 σέβεσθαι
874 1057 947 1101 τὸν
987 1056 1118 1111 θεόν,
1157 1053 1334 1113 εὔδηλον
1363 1054 1525 1107 πάντως
1555 1055 1613 1107 ὥς

149 1126 251 1169 ου’δὲ
278 1126 398 1182 ἡμῶν
423 1130 471 1171 ὲν
496 1129 634 1184 ἐκείνῃ
664 1127 855 1183 φείσεται
882 1126 933 1183 τῇ
961 1125 1120 1183 ἡμέρᾳ,
1151 1126 1190 1166 εἰ
1221 1127 1293 1167 καί
1318 1123 1363 1166 τὸ
1394 1126 1478 1166 τῶν
1499 1127 1613 1178 Χρι-

89 1194 328 1238 ιόστιανῶν
356 1191 648 1250 ἑτιιφερόμεθα
693 1187 839 1246 ὄνομα.
900 1194 994 1247 ἐρεῖ
1026 1190 1105 1246 γάρ
1151 1191 1323 1247 ἀληθῶς
1353 1190 1375 1233 ὅ
1409 1192 1651 1246 δεσπότηςΒ

147 1259 313 1303 πάντων
352 1258 540 1315 Χριστὸς
583 1261 656 1302 καί
683 1257 812 1314 ἡμῖν,
857 1255 959 1312 ὅπερ
989 1255 1077 1301 εἶπε
1104 1264 1191 1308 τοῖς
1213 1259 1458 1310 Ἰουδαίοις,
1489 1257 1612 1312 ἡνίκα

148 1326 417 1381 καυχώμενοι
444 1325 584 1381 ἔλεγον
610 1327 763 1380 ,,ἦμεῖς
807 1326 853 1368 ἐκ
879 1327 954 1367 τοῦ
983 1323 1141 1381 πατρὸς
1169 1325 1289 1381 ἡμῶν
1316 1326 1391 1367 τοῦ
1418 1323 1612 1379 Ἀβραάμ

146 1395 313 1448 ἐσμεν.”
381 1392 575 1447 καθάπερ
620 1391 701 1449 γάρ
747 1394 923 1441 ἐκείνοις
965 1390 1103 1446 ἔλεγεν
1137 1393 1207 1446 „sc
1242 1393 1286 1433 ἐκ
1314 1393 1388 1433 τοῦ
1415 1389 1613 1444 Ἀβραάμ

147 1453 243 1514 ἦτε,
280 1458 331 1501 τοὶ
372 1458 475 1513 ἔργα
512 1456 565 1501 ἂν
612 1461 793 1501 ἐποιεῖτε
835 1460 912 1500 τοῦ
957 1455 1207 1514 Ἀβραάμ,”
1245 1455 1377 1506 οὕτως
1419 1457 1512 1511 ἐρεῖ
1541 1457 1615 1497 καί

86 1541 137 1567 20
151 1526 251 1581 ἡμῖν
289 1527 359 1579 „sl
387 1524 671 1582 Χριστιανοὺς
713 1521 892 1574 ἑαυτούς
928 1522 1089 1578 εἴχετε,
1129 1522 1183 1566 τὰ
1214 1523 1316 1578 ἔργα
1346 1519 1397 1565 ἂν
1429 1525 1611 1566 ἐποιεῖτε

148 1591 200 1635 τὰ
226 1598 312 1643 τοῖς
339 1594 611 1647 Χριστιανοῖς
643 1589 920 1648 ἁρμόζοντα.”
980 1589 1039 1646 μή
1073 1585 1150 1633 οὖν
1178 1590 1250 1632 ἐπὶ
1278 1589 1442 1639 τούτοις
1473 1589 1611 1644 ἀμφί-

150 1662 299 1713 βαλλε·
370 1657 441 1700 διὰ
484 1657 566 1714 γάρ
610 1662 687 1701 τοῦ
726 1659 988 1714 παγκοσμίου
1026 1658 1188 1701 ἐκείνου
1216 1658 1514 1711 κατακλυσμοῦ
1541 1657 1614 1698 καί

153 1871 223 1905 hoc
250 1881 294 1903 ex
317 1869 418 1903 beati
442 1869 509 1902 viri
526 1867 675 1902 Davidis
700 1868 769 1902 hac
793 1868 956 1902 oratione
971 1867 1115 1914 (psalm.
1141 1868 1180 1900 31
1218 1867 1278 1913 51)
1301 1866 1400 1908 „dixi
1421 1865 1519 1912 apud
1546 1877 1616 1906 me,

154 1917 427 1964 improbitatem
451 1928 567 1950 meam
607 1916 777 1950 adversus
808 1927 866 1949 me
891 1917 1009 1961 ipsum
1046 1915 1195 1948 domino
1229 1913 1391 1956 fatebor3
1417 1920 1454 1947 et
1481 1919 1520 1947 tu
1545 1914 1617 1946 mei

155 1965 269 2000 cordis
297 1965 519 2010 impietatem
538 1964 629 1997 mihi
658 1963 903 1997 condonasti&
930 1974 1063 2008 quaeso
1098 1968 1155 2003 te,
1183 1973 1271 1994 num
1299 1961 1407 1994 fidem
1435 1961 1617 2006 quandam

157 2019 363 2048 extraneam
387 2013 543 2046 Davides
578 2011 814 2045 sectabatur?
846 2022 933 2043 num
960 2010 1068 2043 deum
1101 2009 1355 2043 abiuraverat?
1383 2019 1618 2055 nequaquam

157 2067 265 2100 certe.
290 2059 461 2093 nimirum
484 2060 680 2104 impietatis
704 2059 883 2092 vocabulo
912 2057 1146 2102 cupiditatem
1170 2057 1294 2097 illam,
1321 2067 1413 2102 quae
1440 2056 1617 2089 adulteri-

156 2120 217 2141 um
247 2114 460 2153 pepererat,
486 2108 616 2140 innuit.
643 2113 680 2140 et
707 2106 910 2139 universale
938 2105 1114 2138 diluvium
1138 2104 1279 2137 invexit
1303 2110 1496 2149 propterea
1525 2103 1616 2136 deus

158 2155 259 2202 quod
285 2166 408 2188 omnes
444 2155 502 2188 illi
529 2154 693 2188 homines
728 2152 992 2199 repurgationis
1028 2157 1184 2198 egerent.
1220 2152 1439 2196 significatur
1462 2151 1530 2185 hoc
1558 2163 1616 2184 sa-

158 2204 227 2237 cris
251 2203 290 2236 in
315 2203 447 2236 litteris
478 2202 584 2247 (Gen.
610 2203 632 2236 6
664 2202 719 2249 12)
743 2213 808 2247 per
835 2201 926 2233 haec
963 2200 1075 2234 verba
1098 2198 1215 2242 „vidit
1239 2199 1327 2233 deus
1353 2199 1478 2232 orbem
1505 2205 1618 2232 terra-

159 2263 236 2284 rum
262 2261 338 2283 esse
364 2250 673 2295 corruptissimum
701 2254 738 2282 et
770 2249 930 2281 onmium
964 2247 1169 2281 mortalium
1203 2258 1317 2280 mores
1345 2246 1594 2292 depravatos.”

252 2298 343 2331 Heic
371 2298 528 2330 animum
554 2297 661 2339 mihi,
705 2296 837 2330 dilecte
866 2296 941 2336 fili,
967 2295 1156 2329 advertito.
1183 2305 1266 2327 nam
1290 2294 1320 2327 si
1349 2294 1437 2328 deus
1463 2294 1502 2327 id
1525 2300 1619 2328 tem-

159 2345 256 2390 poris
280 2346 418 2378 nemini
443 2346 627 2390 pepercit,
665 2344 728 2378 sed
758 2344 895 2378 diluvio
922 2342 1083 2377 funditus
1114 2354 1238 2376 omnes
1268 2340 1410 2384 obruit,
1436 2342 1530 2375 nihil
1555 2340 1619 2373 ad-

161 2393 257 2426 iutos
286 2403 330 2426 ex
354 2404 396 2426 eo
435 2393 535 2438 quod
574 2392 690 2426 verbis
718 2392 826 2425 deum
852 2390 1019 2434 religiose
1051 2395 1326 2431 venerarentur,
1352 2390 1510 2434 intelligi
1536 2399 1621 2433 per-

162 2440 284 2485 spicue
312 2445 434 2485 potest
458 2441 618 2473 futurum
642 2445 684 2473 ut
703 2451 749 2473 ne
777 2438 884 2472 nobis
901 2437 1048 2484 quidem
1074 2438 1113 2471 in
1141 2438 1208 2471 illo
1235 2437 1295 2470 die
1323 2443 1464 2482 parcat,
1491 2440 1622 2470 tamet-

163 2487 194 2520 si
217 2498 348 2520 nomen
367 2487 654 2521 Christianorum
682 2487 886 2520 habeamus.
916 2496 1036 2519 revera
1061 2486 1157 2519 enim
1175 2485 1335 2519 Christus
1361 2485 1426 2518 ille
1457 2484 1621 2517 dominus

165 2535 323 2568 omnium
348 2534 460 2567 verbo
487 2547 550 2568 nos
579 2535 644 2568 illo
671 2533 923 2580 compellabit‚
959 2545 1030 2578 quo
1054 2533 1205 2566 Iudaeos
1233 2532 1374 2565 adfatus
1399 2537 1452 2564 est
1478 2529 1568 2577 (Ioh.
1600 2531 1621 2563 8

165 2581 250 2627 33),
277 2593 357 2614 cum
384 2582 596 2616 iactabundi
622 2582 785 2615 dicerent
807 2592 898 2622 „nos
928 2591 972 2613 ex
997 2579 1196 2614 Abrahamo
1221 2586 1323 2626 patre
1351 2584 1476 2612 nostro
1500 2589 1621 2611 sumus

168 2629 272 2663 orti.''
301 2630 468 2663 nimirum
495 2636 536 2663 ut
558 2630 631 2663 illis
658 2629 846 2674 respondit
869 2628 924 2669 „si
937 2627 1128 2661 Abrahami
1153 2629 1230 2661 nati
1256 2627 1393 2667 essetis,
1419 2625 1622 2658 Abrahamo

171 2675 279 2720 digna
305 2677 512 2718 faceretis‚''
536 2678 586 2710 ita
611 2677 715 2710 nobis
753 2677 862 2710 etiam
889 2675 1048 2709 dicturus
1079 2681 1133 2709 est
1156 2676 1210 2716 „si
1233 2686 1298 2719 pro
1325 2674 1535 2706 Christianis
1559 2683 1623 2705 vos

171 2733 291 2766 gerere
314 2724 509 2765 volebatis,
545 2736 585 2757 ea
614 2729 795 2770 praestare
831 2722 1069 2756 conveniebat
1102 2733 1195 2768 quae
1232 2722 1453 2754 Christianos
1477 2721 1623 2754 omnino

172 2769 372 2804 decerent.''
396 2777 506 2817 atque
532 2771 599 2804 hac
624 2772 661 2805 in
688 2777 789 2817 parte
818 2771 960 2805 minime
990 2769 1056 2804 tibi
1079 2776 1134 2804 est
1159 2768 1424 2814 ambigendum.
1454 2780 1536 2803 nam
1562 2778 1625 2814 per
