1826 3120
264 154 378 220 464
713 164 998 205 mianEms
1038 161 1251 206 GLYCAE

127 270 168 305 V·
188 273 249 316 ¹93
264 276 310 316 δὲ
339 274 411 314 καί
442 267 578 315 οἴκους
618 264 719 307 κατά
752 281 798 318 γε
832 263 878 306 τό
907 266 1036 319 μῆκος
1065 264 1136 304 καὶ
1166 264 1310 317 σχῆμα
1341 263 1553 312 τοιούτους
1584 264 1695 313 οἴους

261 337 375 392 εἶχον
415 336 459 378 ἐν
483 331 633 388 Ῥώμῃ.
689 330 1026 386 ’ὑποστρέψαντες
1063 345 1135 371 ουν
1171 330 1318 370 ἐκεῖνοι
1357 330 1428 370 καί
1449 328 1508 370 τὸ
1551 329 1695 384 δρᾶμα

261 404 467 456 μαθόντες
494 401 730 452 ἐξέστησαν.
787 394 945 438 τούτων
974 396 1011 437 οἱ
1041 398 1118 448 μὲν
1147 395 1345 449 τέσσαρες
1379 391 1619 450 μάγιστροι,
1653 392 1694 444 οἱ

260 472 307 512 δὲ
336 465 436 510 ὀκτώ
465 466 689 518 πατρίκιοι.

370 534 427 574 Γ
405 546 550 574 ινωσκε
582 531 653 581 δέ,
689 530 898 583 α’γαπητὲ,
930 524 993 570 ὅτι
1018 528 1090 581 τῆς
1121 525 1279 575 πόλεως
1310 526 1570 604 ἔξισουμένης
1596 525 1695 569 καθ)
1703 533 1732 575 5

260 598 308 642 ὃν
335 597 512 649 ἐκτίζετο
540 590 687 673 καιρὸν
715 596 830 637 λίθοι
857 593 972 648 παρὰ
993 591 1196 644 λιθοξόων
1217 591 1486 673 ἐτμήθησαν,
1502 589 1579 640 οὓς
1592 604 1697 647 προ-

120 673 159 708 P.
178 675 246 707 am
259 667 455 720 τείχισμα
481 661 552 704 διά
581 660 658 716 τήν
685 664 755 716 τῆς
774 660 991 715 θαλάσσης
1011 659 1108 714 βίαν
1135 657 1291 712 ἔθεντο,
1322 656 1403 700 dm)
1432 659 1507 712 τῆς
1521 654 1697 711 Βαρβάς·

259 748 337 787 ρας
374 727 523 784 σχεδὸν
561 729 651 805 ἕως(
677 728 808 782 αὐτῆς
844 728 918 782 τῆς
957 725 1119 781 χρυσῆς
1157 723 1313 779 πόρτης
1340 721 1455 773 ἐντὸς
1482 721 1530 764 τὸ
1558 727 1698 776 τεῖχος

258 794 559 854 φυλάσσοντας.
629 790 782 846 ἇμοίως
819 794 866 834 δὲ
909 789 1180 845 μετεκόμισεν
1219 790 1404 832 ἐνταῦθα
1435 790 1507 831 καί
1541 786 1615 830 τὸν
1651 787 1696 830 ἐν

255 863 315 904 τιῖἱ
343 862 460 919 φόροι
490 863 605 903 κίονα
631 858 858 912 μονόλιθον
879 874 995 910 οντα,
1023 859 1096 899 καί
1115 856 1286 912 ἱδρυσεν
1313 855 1451 898 ἐπάνω
1469 850 1605 897 αυτοῦ
1623 852 1695 896 τὸν
1711 876 1762 904 10

257 926 477 982 ἀνδριάντα
511 927 665 968 ἐκεῖνον
694 941 740 966 ον
769 939 930 978 ηνεγκεν
959 923 1040 964 sind
1063 922 1372 971 <Ηλιουπόλιειος
1397 922 1470 976 τῆς
1491 920 1696 975 Φρυγίας.

256 992 278 1038 ὅ,
311 994 358 1034 δὲ
397 993 583 1039 τοιοῦτος
609 992 726 1039 λίθος
754 987 825 1043 ἔτη
857 988 953 1043 τρία
981 989 1272 1040 διεπλωΐζετο,
1299 986 1494 1028 ἐνιαυτὸν
1521 987 1567 1028 δὲ
1596 982 1694 1035 ὅλον

256 1054 522 1112 άνεβιβάζετο
547 1055 652 1098 ἔνθα
679 1054 753 1097 καί
777 1055 958 1099 ἵσταται.
1013 1052 1117 1107 μετὰ
1147 1055 1194 1096 δὲ
1221 1055 1352 1095 ταῦτα
1381 1051 1556 1108 ποιήσας
1583 1053 1696 1094 Καί-

256 1140 390 1178 σαρας
407 1123 663 1166 Κώνσταντα
685 1123 764 1174 μὲν
791 1122 979 1162 ἐνταῦθα
1009 1119 1204 1162 Λικίνιον
1232 1121 1279 1161 δὲ
1305 1118 1378 1162 τὸν
1404 1117 1594 1174 γαμβρὸν
1614 1116 1692 1160 αὖ-

255 1191 332 1232 tm?
370 1191 413 1230 ἐν
442 1189 721 1244 Νικομηὸείᾳ,
751 1184 851 1227 κατὰ
884 1187 1066 1238 Περσῶν
1098 1183 1386 1239 ἐστράτευσεν.
1443 1178 1562 1234 οὗτος
1589 1184 1637 1225 δὲ
1668 1181 1756 1229 615

257 1258 446 1303 Λικίνιος
489 1253 592 1295 κατὰ
622 1253 892 1306 Χριστιανῶν
933 1246 1083 1305 ἤρξατο
1113 1249 1294 1303 διωγμὸν
1323 1255 1463 1293 κινεΐν.
1520 1246 1610 1293 τότε
1637 1247 1690 1305 δὴ

218 1320 346 1363 Βτότε
375 1318 448 1361 καί
483 1318 556 1360 τὸν
592 1315 814 1370 Ἀμασείας
844 1318 1067 1358 ἐπίσκοπον
1091 1318 1279 1358 Βασιλέα
1306 1312 1417 1357 οὕτω
1441 1314 1695 1368 καλούμενον

256 1405 305 1429 αι
299 1391 404 1429 ems
461 1387 551 1427 τότε
585 1384 632 1440 δὴ
664 1383 752 1426 τότε
781 1400 850 1425 και
884 1398 1003 1438 οφεις
1030 1384 1075 1425 ἐν
1093 1384 1314 1438 Μελιτηνῇ
1341 1384 1530 1424 τοσοῦτον
1548 1382 1693 1424 ἐπολέ-

257 1470 395 1507 μησαν
425 1453 510 1494 κατ’
539 1449 727 1504 α’λλήλων
757 1465 860 1492 ωστε
896 1466 965 1491 και
994 1447 1071 1503 την
1096 1446 1241 1502 χώραν
1270 1449 1464 1500 ἐποζέσαι
1491 1449 1548 1504 τῷ
1577 1446 1692 1503 φόνῳ

259 1521 412 1560 αὐτῶν.
470 1517 558 1559 τότε
598 1533 666 1558 και
708 1515 732 1569 ἡ
775 1517 820 1557 ἐν
849 1517 1009 1571 Νικαία
1049 1513 1222 1562 συνοὸος
1260 1515 1446 1569 γέγονεν,
1498 1506 1596 1569 ἕνῇ
1620 1511 1755 1564 τόνος)

259 1581 424 1637 ἄμαχον
452 1581 653 1636 Εὗλόγιον
672 1580 847 1636 Ελληνα
874 1582 894 1622 ὃ
918 1583 1047 1635 μέγας
1076 1597 1144 1622 και
1174 1580 1257 1621 cina
1260 1583 1332 1629 οῦς
1358 1582 1418 1638 wi
1445 1580 1551 1639 λόγῳ
1578 1583 1691 1630 Σπο-

260 1652 387 1705 ρίδων
415 1649 681 1704 ἐχειρώσατο.
741 1648 765 1701 ἡ
795 1646 962 1701 τοιαύτη
992 1645 1165 1694 σύνοδος
1196 1644 1268 1687 καί
1294 1645 1341 1687 τὸ
1372 1644 1518 1700 πάσχα
1547 1647 1691 1702 διωρί-

260 1842 314 1875 illi
337 1841 466 1875 reversi
495 1841 656 1879 fuissent,
681 1849 721 1871 ac
749 1849 820 1870 rem
847 1839 897 1871 uti
917 1842 1012 1881 gesta
1036 1837 1162 1879 suerat,
1182 1838 1449 1882 cognovissent:
1473 1849 1551 1872 cum
1566 1843 1622 1872 stu
1650 1851 1691 1873 o-

260 1901 295 1922 re
322 1889 477 1934 quodam
502 1889 634 1920 factum
659 1886 880 1939 impera—toris
906 1884 1070 1918 admirati
1096 1890 1188 1918 sunt.
1239 1890 1340 1918 erant
1362 1891 1482 1919 autem
1507 1886 1600 1920 inter
1623 1849 1690 1920 Eos

261 1942 431 1982 quattuor
454 1935 508 1968 illi
537 1933 680 1978 quidem
707 1932 876 1976 magistri,
903 1938 983 1964 octo
1012 1941 1093 1964 vero
1118 1933 1334 1976 posteriores
1357 1933 1507 1977 patricii.

352 1984 395 2016 Et
419 1981 682 2019 animadverte,
712 1979 842 2012 dilecte
869 1958 940 2019 7ίὶΙὶ,
975 1978 1062 2011 urbe
1091 1978 1129 2011 id
1152 1979 1333 2023 temporis,
1358 1990 1428 2025 quo
1454 1978 1692 2022 condebatur,

261 2035 456 2074 exaequata
492 2034 528 2061 et
562 2005 808 2071 compl'anata,
851 2037 932 2058 saxa
962 2025 1138 2069 quaedam
1165 2036 1184 2057 a
1208 2026 1372 2070 lapicidis
1404 2032 1541 2060 exsecta
1564 2026 1693 2068 fuisse,

262 2089 302 2110 ac
336 2074 548 2108 munimenti
584 2074 662 2106 loco
696 2072 861 2106 adversus
896 2073 1000 2105 maris
1026 2072 1197 2117 impetum
1220 2085 1239 2105 a
1264 2073 1413 2106 Barbara
1437 2072 1693 2118 propemodum

262 2124 309 2156 ad
332 2124 482 2155 Auream
506 2132 618 2165 usque
643 2125 781 2164 portam
810 2119 1000 2159 collocata,
1030 2125 1069 2152 ut
1093 2130 1157 2164 per
1182 2130 1223 2151 ea
1249 2131 1367 2153 murus
1393 2120 1542 2153 interior
1566 2131 1692 2165 expers

263 2169 470 2203 detrimenti
506 2172 782 2200 conservaretur.
841 2171 1025 2210 praeterea
1059 2165 1196 2211 Cpolim
1231 2167 1338 2198 Roma
1369 2166 1568 2212 deportavit
1589 2166 1693 2200 colu-

262 2228 377 2251 mnam
402 2216 500 2248 illam
526 2225 570 2247 ex
594 2225 664 2246 uuo
690 2213 886 2246 contectam
910 2212 1052 2257 lapide,
1089 2223 1178 2257 quae
1213 2214 1252 2245 in
1283 2214 1375 2246 Foro
1411 2213 1546 2256 stabat3
1585 2213 1692 2259 eique

263 2270 416 2298 statuam
454 2262 553 2294 illam
581 2260 775 2305 imposuit,
803 2270 908 2304 quam
948 2259 1150 2304 Heliopoli,
1187 2258 1275 2292 urbe
1313 2259 1482 2305 Phrygiae
1515 2266 1691 2295 avexerat.

261 2311 346 2344 hinc
370 2309 496 2342 creatis
523 2307 748 2347 Caesaribus,
785 2318 936 2351 quorum
964 2306 1054 2339 alter
1085 2305 1256 2339 Constans
1294 2312 1416 2351 ageret
1439 2306 1564 2361 Cpoli,
1600 2307 1692 2341 alter

262 2357 420 2391 Licinius
445 2354 573 2389 sororis
600 2354 746 2386 maritus
771 2352 1011 2394 Nicodemiae,
1035 2352 1200 2386 adversus
1225 2353 1345 2387 Persas
1367 2354 1558 2386 exercitum
1576 2353 1690 2389 duxit.

262 2405 417 2438 Licinius
445 2408 562 2435 autem
586 2412 650 2445 per
675 2401 786 2444 ipsius
812 2400 1011 2432 absentiam
1035 2399 1319 2444 persecutionem
1334 2400 1500 2433 adversus
1517 2400 1691 2435 Christia-

261 2465 325 2485 nos
353 2460 493 2484 movere
520 2449 648 2491 coepit,
675 2453 711 2480 et
738 2447 934 2480 antistitem
960 2447 1119 2479 Amasiae
1146 2446 1318 2501 Basilein‚
1346 2446 1413 2480 hoc
1446 2446 1541 2480 enim
1565 2447 1600 2480 ei
1623 2460 1690 2482 no-

262 2510 343 2532 men
369 2502 455 2538 erat,
478 2495 667 2528 interfecit.
717 2494 842 2526 eodem
876 2499 1036 2538 tempore
1075 2498 1256 2537 serpentes
1285 2494 1322 2526 in
1352 2492 1523 2526 Melitena
1547 2495 1692 2540 provin·

264 2547 316 2577 cia
345 2551 417 2577 tam
441 2543 568 2576 acriter
596 2541 688 2573 inter
714 2551 748 2572 se
777 2540 1026 2584 depugnarunt
1058 2544 1098 2572 ut
1120 2545 1266 2584 propter
1293 2539 1461 2573 cadavera
1484 2547 1691 2575 necatorum

263 2592 389 2636 passim
426 2590 520 2634 regio
557 2588 718 2621 foeteret.
778 2593 936 2619 secutum
970 2592 1024 2619 est
1058 2597 1130 2619 non
1168 2588 1280 2619 multo
1315 2592 1394 2631 post
1430 2588 1618 2621 concilium
1643 2587 1691 2622 ad

265 2639 388 2670 urbem
412 2638 589 2675 Nicaeam,
613 2635 651 2667 in
679 2645 748 2677 quo
778 2633 1085 2678 inexpugnabilem
1109 2633 1264 2666 erecae
1289 2633 1468 2676 religionis
1486 2646 1689 2680 propugna-

264 2691 374 2717 torem
400 2684 585 2727 Eulogium
611 2692 754 2724 maguus
779 2681 841 2711 ille
867 2681 1056 2725 verbisque
1082 2680 1233 2724 simplex
1255 2691 1293 2711 ac
1319 2680 1416 2712 rudis
1437 2681 1586 2725 Spyrido
1603 2682 1690 2715 vicit

266 2737 302 2764 et
337 2742 432 2763 suain
469 2731 506 2763 in
538 2729 749 2762 sententiani
785 2726 965 2771 perduxit
1016 2726 1196 2760 decretum
1234 2726 1328 2759 inter
1369 2728 1438 2760 alia
1470 2734 1522 2761 est
1555 2730 1592 2763 in
1621 2728 1688 2761 hae
