1826 3120
257 140 273 173 1
288 121 361 175 36
688 138 973 179 MiCHAELls
1017 137 1230 181 omen:

247 239 303 287 ὥς
331 238 352 281 ὃ
383 240 594 287 θειότατος
633 235 765 293 ἔφησε
797 234 1020 292 Κύριλλος.
1088 236 1139 280 τὰ
1170 237 1288 293 πάθη
1315 239 1387 280 καί
1413 237 1494 295 γὰρ
1523 237 1688 292 ταῦτα,

244 295 371 360 ἤγουν
400 303 526 360 ἡδονὴ
555 302 627 344 καί
669 301 778 358 λύπη
805 305 877 344 καί
903 303 1070 356 ἀθυμία
1110 305 1453 358 προηγουμένως,
1486 304 1692 357 οὐμενοῦν,

246 373 299 429 τῇ
324 372 405 413 τῶν
433 367 668 425 ἀνθρώπων
698 369 825 425 φύσει
855 373 944 410 κατ’
982 369 1118 425 ἀρχὰς
1145 369 1483 424 συνεκτίσθησαν,
1513 370 1606 412 ἀλλ’
1632 369 1691 419 ὥς

201 442 206 447 “
248 437 271 478 ὃ
297 435 510 484 θειότατός
558 451 666 490 φησι
702 433 929 489 Μάξιμος,
965 432 1141 490 ὕστερον
1183 435 1414 491 ἑπεισὴχθη
1457 438 1588 479 ταῦτα
1616 434 1689 477 διὰ

207 503 323 557 ρτην
360 498 612 556 τελειότητος
649 499 878 555 ἔκπτωσιν,
920 503 978 560 τῷ
1006 502 1245 559 οἷλογωτέρῳ
1271 502 1391 556 μέρει
1418 504 1729 558 προσφυέντα5

242 571 314 623 τῆς
344 565 523 624 φύσεως.
589 565 748 616 τούτοις
774 571 855 620 μὲν
889 563 963 610 οὖν
992 565 1237 616 ἀκολούθως
1266 567 1339 609 καί
1365 566 1390 608 ὅ
1419 568 1550 622 μέγας
1579 568 1687 620 διέξ-

243 651 325 676 εισι
366 635 590 683 Βασίλειος
606 668 619 689 ,
667 634 797 688 λέγων
839 633 1014 687 ,,σκο’πει
1041 633 1101 682 τίς
1130 633 1154 689 ἧ
1187 630 1268 675 οἷπὸ
1291 631 1446 689 σαρκὸς
1472 631 1577 689 πρὸς
1603 644 1690 687 ψυ-

243 701 324 755 χὴν
371 701 602 742 ἐπανιοῦσα
639 698 915 753 συμπάθεια,
954 701 1043 749 πῶς
1090 700 1259 754 δέχεται
1299 701 1379 753 μὲν
1403 698 1478 755 τήν
1507 697 1618 755 ζωὴν
1645 700 1692 743 ἐκ

242 769 317 822 τῆς
345 767 488 820 ψυχῆς
515 764 560 808 τὸ
591 768 736 819 σῶμα,
766 768 936 821 δέχεται
962 768 1008 808 δὲ
1032 764 1264 821 ἀλγηδόνας
1292 764 1375 807 dud
1399 766 1692 826 τοῦσώματος

241 833 268 887 ἦ
298 830 460 886 ψυχή.”
515 833 587 891 καί
613 825 724 874 οὗτοι
753 834 832 884 μὲν
865 828 1027 880 οὕτως·
1086 830 1107 873 ὃ
1138 832 1184 873 δὲ
1208 831 1499 886 Ἀριστοτέλης
1525 826 1692 886 ἇνθρω-
1707 850 1756 892 ιρ

243 899 379 946 πίνοις
410 901 624 951 λογισμοῖς
653 897 914 953 ἐρειδόμενος
958 900 1003 940 έν
1030 899 1137 955 αύτῇ
1167 898 1477 952 διισχυρίζεται
1503 899 1556 954 τῇ
1585 912 1691 952 καρ-

243 966 314 1020 δίᾳ
341 963 415 1006 τόν
454 961 639 1018 ἡγεμόνα
679 966 781 1006 νοῦν
821 967 1036 1006 ποιεῖσθαι
1075 963 1150 1018 τὴν
1186 961 1366 1018 οἴκησιν,
1413 959 1470 1012 ὥς
1497 964 1694 1005 ἐντεῦθεν

241 1029 317 1086 τὴν
343 1028 639 1085 προαιρετικὴν
667 1030 800 1071 αὐτοῦ
838 1027 1014 1084 δύναμιν
1043 1031 1226 1079 εὔπετῶς
1256 1030 1326 1085 ἐφ’
1354 1025 1467 1071 ἅπαν
1492 1028 1537 1071 τὸ
1567 1029 1693 1082 σῶμα

243 1097 580 1150 διαμερίζεσθαι.
643 1098 780 1152 ἕτεροι
818 1097 857 1138 δ’
885 1092 943 1137 αὖ
981 1092 1120 1151 ὥσπερ
1150 1093 1373 1150 ἀκρόπολίν
1397 1110 1491 1137 τινα
1523 1093 1601 1149 τὴν
1627 1109 1695 1135 κε-

199 1160 385 1218 Βφαλην
430 1163 694 1216 δεδομῆσθαι
731 1160 848 1216 παρα
877 1163 951 1216 τῆς
982 1161 1152 1219 φύσεως
1180 1163 1394 1216 λέγουσιν,
1425 1161 1482 1210 ὥς
1511 1161 1557 1202 ἐν
1586 1158 1760 1217 αὖτῇχό

243 1225 319 1269 τὸν
351 1226 533 1281 ἡγεμόνα
573 1229 670 1268 voi-v
706 1227 1032 1281 ἐνδιαιτᾶσθαι,
1073 1226 1263 1282 καθάπερ
1294 1225 1386 1269 τινα
1415 1227 1593 1279 βασιλέα
1619 1227 1697 1268 τοῦ

243 1292 402 1342 παντὸς
438 1292 787 1347 ύπερκαθήμενον
826 1293 1033 1347 σώματος.
1092 1292 1129 1335 οἱ
1158 1295 1205 1335 δέ
1231 1309 1276 1348 γε
1303 1291 1451 1347 τὸτῆς
1477 1293 1696 1348 ἐκκλησίας

243 1356 545 1413 πρεσβεύοντες
591 1358 822 1414 ὄρθόδοξον
860 1359 1058 1416 φρόνημα
1090 1358 1166 1414 τήν
1194 1362 1285 1401 κατ’
1311 1357 1449 1401 εἰκόνα
1478 1359 1583 1400 θεοῦ
1609 1373 1697 1400 κτι-

245 1427 424 1466 σθεῖσαν
467 1422 618 1478 νοερὰν
657 1422 777 1479 ἡμῶν
822 1423 969 1480 ψυχὴν
1008 1424 1053 1467 ἔν
1081 1441 1166 1467 τινι
1203 1424 1316 1482 τόπῳ
1366 1425 1440 1466 τοῦ
1477 1422 1670 1476 σώματος
1683 1455 1696 1476 ,

248 1489 471 1542 α’σώματον
500 1486 659 1543 οὖσαν,
703 1493 881 1540 τοπικιὸς
920 1490 1173 1546 περιορίζειν
1203 1491 1278 1532 ούκ
1305 1488 1467 1532 ἴσασιν·
1523 1485 1599 1544 ὅλη
1625 1490 1762 1538 καίαο

248 1554 324 1609 γὰρ
368 1557 425 1596 δι’
461 1551 559 1596 ὅλου
603 1557 736 1609 διήκει
781 1558 856 1599 τοῦ
884 1555 1079 1609 σώματος
1091 1589 1103 1608 ,
1141 1553 1237 1598 ὅλον
1266 1554 1369 1598 αὐτὸ
1397 1557 1598 1609 ψυχοῦσα
1628 1555 1701 1598 καί

250 1618 344 1663 ὅλον
385 1616 461 1675 ὅλη
504 1621 871 1677 καταφωτίζουσα.
941 1624 1013 1664 καί
1034 1620 1222 1678 καθάπερ
1264 1621 1284 1665 ὃ
1313 1620 1414 1671 θεὸς
1441 1615 1490 1664 οὗ
1513 1622 1586 1664 καί
1611 1624 1699 1665 κατ’

250 1818 501 1859 perpeteretur
518 1839 527 1855 ,
555 1825 647 1859 quae
663 1815 816 1860 'utrique
839 1816 983 1860 propria
1009 1820 1102 1849 sunt.
1126 1814 1289 1861 adeoque
1313 1815 1460 1849 modum
1484 1815 1696 1850 inanitionIs

253 1861 391 1905 ubique
426 1862 599 1901 servavit,
635 1862 934 1907 quemadmodum
969 1863 1023 1895 vir
1057 1862 1298 1896 divinissimus
1328 1862 1482 1905 Cyrillus
1521 1863 1696 1908 loquitur.

251 1919 318 1940 nec
345 1914 465 1941 tamen
486 1908 709 1942 adfectiones
732 1909 822 1942 istae
850 1909 895 1942 ab
934 1910 1041 1943 initio
1069 1921 1146 1942 cum
1172 1910 1355 1943 hominum
1378 1915 1506 1942 natura
1530 1909 1697 1944 conditae

253 1959 353 1995 sunt,
396 1955 460 1988 sed
493 1956 691 2000 posterius,
728 1962 769 1990 ut
793 1956 968 1990 Maximus
1002 1957 1180 2001 loquitur,
1219 1957 1461 2000 irrepserunt,
1486 1967 1527 1988 ac
1550 1963 1699 2002 propter

253 2002 481 2034 amissionem
516 2002 750 2046 perfectionis
786 2003 840 2036 illi
877 2009 1027 2037 naturae
1062 2004 1153 2049 parti
1183 2002 1425 2036 adhaeserunt
1461 2014 1554 2048 quae
1591 2003 1699 2038 bruta

256 2054 310 2080 est
336 2059 377 2080 ac
406 2049 552 2081 rationis
591 2060 727 2093 expers.
764 2050 876 2084 tradit
903 2051 959 2084 his
984 2055 1220 2084 consentanea
1245 2050 1395 2082 Basilius
1421 2061 1590 2096 quoque,
1615 2062 1698 2084 eum

254 2095 306 2127 ait
342 2095 555 2135 „considera
588 2096 677 2128 mihi
717 2108 809 2142 quae
842 2103 968 2131 mutua
1004 2098 1051 2131 sit
1087 2096 1241 2130 adfectio
1269 2096 1313 2129 de
1340 2108 1446 2129 carne
1473 2097 1698 2131 ad'animam

253 2147 467 2185 penetrans,
509 2142 572 2186 qui
611 2154 738 2187 corpus
771 2145 815 2178 ab
850 2145 969 2178 anima
993 2145 1104 2178 vitam
1138 2144 1313 2188 accipiat,
1340 2150 1375 2177 et
1396 2144 1552 2178 vicissim
1579 2145 1696 2178 anima

255 2187 420 2220 dolorum
450 2188 606 2232 corporis
631 2191 806 2236 particeps
831 2192 926 2225 fiat-’³
952 2197 989 2225 et
1011 2191 1100 2225 haec
1128 2190 1274 2235 quidem
1293 2190 1337 2222 ab
1363 2190 1417 2224 his
1444 2190 1576 2225 tradita
1601 2197 1695 2225 sunt.

251 2234 462 2267 Aristoteles
500 2241 619 2268 autem
663 2238 860 2272 rationibus
886 2239 1050 2272 humanis
1073 2238 1216 2271 innixus
1242 2243 1419 2278 mentem,
1447 2249 1541 2283 quae
1566 2238 1604 2271 in
1628 2237 1696 2271 ho-

253 2281 350 2314 mine
390 2282 631 2326 principatum
667 2283 825 2327 obtinet,
862 2286 983 2319 sedem
1009 2287 1047 2319 in
1072 2284 1178 2318 corde
1203 2296 1302 2317 suam
1327 2284 1462 2318 habere
1487 2284 1696 2327 confirmat,

254 2327 350 2360 unde
375 2329 424 2361 vis
455 2328 528 2361 eius
553 2329 596 2362 ab
625 2330 801 2364 electione
826 2333 1051 2378 consilioque
1086 2330 1249 2376 pendens
1278 2332 1481 2365 universum
1506 2332 1544 2364 in
1569 2342 1695 2376 corpus

254 2375 360 2407 facile
398 2374 646 2411 distribuatur.
685 2378 746 2409 alii
774 2385 883 2423 caput
917 2381 1028 2413 instar
1052 2377 1236 2411 cuiusdam
1261 2380 1350 2411 arcis
1374 2389 1394 2410 a
1418 2384 1545 2412 natura
1571 2377 1698 2413 dicunt

255 2426 492 2462 exstructum,
523 2428 563 2455 ut
590 2424 753 2468 princeps
794 2426 831 2458 in
856 2426 1000 2460 homine
1034 2437 1134 2458 mens
1173 2426 1278 2469 degat
1302 2426 1340 2458 in
1366 2436 1408 2458 eo
1434 2425 1610 2470 quasique
1634 2436 1695 2459 rex

255 2468 374 2500 sedem
399 2480 505 2513 supra
538 2480 664 2514 corpus
698 2472 902 2506 universum
933 2474 1084 2519 positam
1122 2471 1263 2505 habeat.
1286 2483 1409 2504 verum
1434 2471 1498 2516 qui
1523 2472 1695 2506 ecclesiae

256 2516 468 2548 sententiam
501 2522 723 2560 sequuntur,
756 2519 909 2552 animam
941 2526 1097 2553 nostram
1125 2519 1390 2563 intelligentiae
1414 2518 1450 2551 vi
1476 2518 1694 2563 praeditam,

255 2572 348 2604 quae
380 2562 426 2594 ad
467 2563 655 2607 imaginem
690 2564 748 2596 dei
782 2567 926 2600 condita
951 2573 1005 2600 est
1035 2572 1070 2600 et
1094 2566 1252 2610 corporis
1280 2572 1334 2599 est
1362 2576 1509 2610 expers,
1535 2566 1573 2598 in
1597 2572 1694 2600 certo

254 2607 410 2652 quodam
444 2610 602 2654 corporis
636 2611 715 2643 loco
753 2612 1040 2647 circumscribere
1074 2613 1237 2645 localiter
1260 2613 1400 2646 nolunt.
1424 2623 1506 2645 nam
1530 2618 1608 2646 tota
1629 2623 1695 2658 per

255 2659 368 2686 totum
397 2667 524 2700 corpus
551 2668 627 2689 sese
653 2657 767 2697 didit,
807 2666 843 2692 et
864 2662 977 2705 ipsum
1004 2660 1157 2694 animat.
1181 2665 1370 2703 totumque
1397 2659 1473 2692 tota
1497 2660 1694 2694 collustrat.

258 2706 293 2733 et
320 2703 618 2745 quemadmodum
659 2704 769 2746 deus,
811 2708 912 2742 cuius
947 2707 993 2742 ad
1017 2708 1206 2753 imaginem
1239 2705 1383 2740 condita
1412 2712 1486 2746 est,
1515 2717 1587 2741 nou
1612 2715 1692 2753 pars
