1826 3120
284 193 358 261 34
723 207 1010 250 MicHAEms
1052 203 1272 246 GLYCAE

281 308 388 355 ἄλλα
417 312 540 355 πάλιν
586 307 714 364 ἄλλην
754 309 905 363 χρείαν
933 308 1167 362 παρέχουσι
1195 307 1246 361 τῇ
1272 302 1457 348 κελεύσει
1484 308 1558 348 τοῦ
1586 323 1725 362 παρα-

278 377 474 433 γαγόντος
504 375 627 428 αὐτά,
660 371 738 416 κᾶν
765 375 885 429 ἡμεῖς
913 372 1136 429 α’χάριστοι
1157 372 1256 427 περὶ
1282 370 1354 413 τὸν
1381 367 1598 429 εὐεργέτην
1622 389 1724 430 φαι-

278 443 466 497 νώμεθα.

388 510 482 551 Καί
510 503 622 556 ὅπως
647 507 750 560 μὲν,
780 505 990 562 οἷγαπητέ,
1021 506 1092 546 καί
1118 501 1220 562 ποίῳ
1251 501 1389 562 τρόπῳ
1416 503 1724 560 &condatino-

276 579 352 617 θεν
380 576 633 626 α’νέρχονται
672 570 835 626 ὕδατα,
879 571 1041 627 εἴρηται
1069 566 1252 624 ἄνωθεν,
1286 566 1512 625 α’ναγκαΐον
1539 571 1760 626 δὲ’συμ-5
1808 575 1820 588 ”

277 641 572 694 παρειλῆφθαι
602 641 660 696 τῷ
697 637 803 696 λόγῳ
834 635 934 692 ὅπερ
964 634 1197 692 Πατρίκιός
1233 653 1296 686 τις
1326 638 1547 687 ἐπίσκοπος
1574 637 1724 694 Homi-

276 722 350 759 σης
380 704 555 759 εὕρηται
585 707 713 758 λέγων
741 696 840 759 περὶ
868 706 951 745 τῶν
978 705 1151 757 θερμῶν
1182 702 1367 744 ὑδάτων
1424 705 1509 759 πῦρ
1541 701 1622 759 γὰρ
1653 703 1728 747 καὶ

164 777 203 809 V.
226 776 260 818 ιζ.
278 769 389 825 ὕδωρ
421 772 465 811 ἐν
495 770 552 827 τῷ
586 770 756 827 οὐρανῷ
784 767 889 812 εἶναι
930 771 1065 823 λέγει,
1101 766 1304 817 ὡσαύτως
1332 770 1404 811 καί
1431 768 1624 813 ὑποκάτω
1651 771 1725 826 τῆς

230 840 348 892 Βγῆς
387 839 471 890 πῦρ
509 838 583 878 καί
621 833 758 890 ὕδωρ,
806 837 885 892 εἶφ’
913 829 972 877 ὧν
1000 832 1140 888 ὥσπερ
1186 837 1368 890 σι’φωνες
1408 836 1723 888 α’ναπέμπονται

272 902 378 957 πρὸς
417 903 626 957 ἡμετέραν
670 900 784 957 ζωὴν
823 901 869 943 αἱ
909 900 1053 957 πηγαί.
1112 901 1135 942 ὅ
1161 902 1304 954 μέντοι
1332 900 1611 956 Δαμασκηνὸς
1634 900 1788 948 'Im-10

274 967 399 1024 άννης
428 971 526 1023 περὶ
553 970 627 1010 τοῦ
660 969 858 1010 Ὠκεανοῦ
884 969 1012 1024 φησίν
1052 963 1115 1010 ὅτι
1144 966 1219 1022 τὴν
1261 969 1339 1022 γῆν
1365 964 1534 1010 ἅπασαν
1562 964 1631 1012 οἷά
1658 984 1723 1018 τις

272 1039 423 1076 κυκλοῖ
460 1032 670 1086 ποταμός·
736 1035 836 1088 περί
866 1029 915 1075 οὗ
944 1035 1153 1088 εἰρηκέναι
1186 1049 1257 1086 μοι
1288 1035 1406 1075 δοκεῖ
1427 1031 1627 1090 ἧ’γραφῆ
1654 1030 1723 1076 ὅτι

272 1098 461 1153 ποταμὸς
490 1098 760 1154 ἐκπορεύεται
794 1101 838 1141 ἐκ
869 1101 946 1141 τοῦ
982 1099 1258 1154 Παραδείσου
1276 1131 1287 1152 ,
1326 1097 1499 1153 πότιμον
1526 1101 1600 1141 καί
1620 1102 1722 1153 γλυ-

273 1165 323 1208 κὺ
366 1163 481 1221 ὕδωρ
522 1165 643 1219 ἔχων.
714 1161 838 1215 οὗτος
883 1167 943 1213 εἰς
988 1168 1196 1219 τέσσαρας
1230 1164 1389 1220 ἀρχάς,
1420 1166 1633 1208 τουτέστιν
1661 1166 1723 1215 εἰς

273 1234 481 1286 τέσσαρας
509 1232 735 1284 ποταμούς,
766 1233 1006 1286 διαιρεῖται.
1064 1232 1104 1272 εἰ
1133 1232 1177 1272 δὲ
1209 1233 1283 1272 καί
1306 1229 1379 1285 τήν
1408 1232 1550 1273 αἰτίαν
1576 1232 1719 1286 ἑπιζη-
1738 1234 1787 1278 15

273 1303 358 1347 τεῖς
387 1300 440 1339 δι’
469 1297 520 1352 ἢν
553 1296 605 1339 τὰ
632 1296 938 1353 προσγενόμενα
969 1294 1069 1351 ἡμῖν
1099 1293 1332 1351 ὅμβριμαῖα
1353 1291 1490 1338 ’ὕδατα
1517 1294 1622 1338 κατὰ
1651 1310 1721 1338 το-

272 1365 422 1405 σοῦτον
450 1365 648 1419 σήπεται,
691 1365 762 1405 καί
788 1364 922 1405 ταῦτα
962 1365 1039 1404 τοῦ
1067 1360 1185 1416 ἦλιόυ
1222 1363 1469 1417 ὃιηθοῦντος
1497 1360 1544 1403 τὸ
1573 1358 1720 1404 murd-
1763 1363 1765 1366 ’

271 1445 394 1471 τατον
421 1432 494 1471 καί
518 1430 748 1484 α’νάγοντος,
779 1427 868 1471 ἰδού
901 1427 973 1470 καί
998 1426 1154 1482 ταύτην
1181 1444 1246 1469 σοι
1273 1430 1563 1481 προστίθεμεν.
1595 1431 1722 1469 πολυ·

164 1511 196 1543 p<
221 1494 498 1550 ,3μιγεστοῖτη
545 1498 627 1536 τῶν
670 1495 840 1536 ὑδάτων
881 1495 1040 1536 τούτων
1069 1492 1094 1547 ἦ
1125 1493 1254 1549 φύσις
1281 1494 1420 1535 ἐστίν·
1480 1494 1526 1535 ἐκ
1555 1492 1720 1535 πάντων

268 1559 347 1615 γὰρ
378 1562 461 1602 τῶν
490 1560 627 1615 ὑγρῶν
657 1560 802 1614 ἀνοίγει.
826 1558 846 1600 ὃ
876 1556 1003 1614 ἥλιος.
1034 1557 1213 1613 ἦτοίνυν
1241 1558 1462 1611 ἀνωμαλία
1491 1559 1718 1613 εὐκίνητος,
1732 1579 1783 1607 20
1814 1553 1819 1562 ’

370 1673 395 1693 ι.
423 1660 548 1708 ἄλλην]
579 1660 702 1694 ἄλλων
728 1661 764 1694 P.
906 1661 938 1692 6.
966 1659 1148 1705 Προύσης
1173 1679 1215 1685 -
1244 1657 1406 1706 ὑδάτων]
1431 1657 1613 1706 Προύσης
1638 1652 1714 1692 dmi

361 1708 477 1788 Ιὲῗγὲυ
512 1707 581 1742 τοῦ
622 1708 738 1754 ἁγίου
776 1710 944 1742 Hic-stov
976 1710 1063 1752 περὶ
1102 1709 1177 1742 wir
1207 1709 1362 1754 θερμῶν
1398 1705 1548 1742 ὔδᾶιων
1585 1704 1720 1746 διέξει.

273 1861 344 1895 que
370 1850 414 1883 de
438 1850 605 1883 mandato
631 1851 739 1895 ipsius
768 1862 887 1883 earum
913 1850 1088 1891 auctoris,
1114 1854 1196 1883 utut
1220 1860 1299 1894 erga
1323 1859 1403 1882 eum
1429 1849 1563 1894 optime
1588 1848 1632 1882 de
1651 1861 1717 1884 no-

271 1897 326 1931 bis
355 1904 550 1930 merentem
575 1898 700 1941 ingrati
729 1909 793 1930 nos
819 1899 936 1930 simus.

366 1945 410 1977 Et
428 1956 499 1989 quo
527 1944 670 1989 quidem
693 1950 797 1988 pacto
824 1956 937 1990 aquae
961 1944 1096 1977 calidae
1125 1943 1170 1976 de
1209 1943 1296 1975 locis
1328 1941 1566 1975 subterraneis
1597 1948 1716 1976 scatu-

273 1992 383 2031 riant,
412 1993 571 2035 superius
602 1997 655 2024 est
678 1992 883 2024 indicatum.
912 1991 1021 2024 fuerit
1047 1997 1164 2024 autem
1189 1999 1317 2034 operae
1345 1989 1500 2033 pretium
1522 1989 1602 2022 ‘hoc
1633 1989 1715 2023 loco

271 2039 482 2071 narrationis
519 2044 662 2071 nostrae
694 2039 801 2071 verba
843 2038 1017 2083 quaedam
1049 2039 1178 2078 inseri,
1213 2047 1305 2081 quae
1336 2036 1503 2069 Patricius
1533 2036 1714 2070 prusensis

272 2085 419 2117 antistes
451 2086 509 2129 (ex
535 2086 695 2117 oratione
720 2087 831 2118 sancti
844 2087 908 2118 viri
924 2086 1037 2119 Pionii
1061 2083 1212 2129 sumpta)
1237 2083 1281 2115 de
1307 2083 1431 2115 calidis
1461 2083 1563 2128 aquis
1591 2093 1717 2116 recen·-

274 2136 338 2163 set.
367 2132 418 2163 ait
453 2131 482 2163 is
505 2132 622 2175 ignem
661 2137 698 2164 et
734 2144 860 2177 aquam
890 2134 927 2165 in
952 2133 1052 2165 coelo
1076 2142 1162 2165 esse.
1203 2130 1434 2163 consimiliter
1469 2135 1507 2163 et
1531 2129 1597 2163 sub
1622 2126 1732 2164 terra³

272 2183 346 2209 tam
371 2178 487 2221 ignem
512 2189 618 2222 quam
644 2190 771 2222 aquam
795 2179 949 2212 abditam
974 2190 1073 2220 esse,
1097 2178 1142 2211 ‹le
1167 2178 1297 2222 quibus
1324 2177 1441 2210 fontes
1466 2178 1568 2222 quasi
1590 2176 1717 2222 sipho-

274 2235 337 2256 nes
363 2224 508 2268 quidam
537 2225 583 2257 ad
608 2237 710 2257 usum
734 2227 827 2259 vitae
847 2233 988 2260 nostrae
1013 2225 1214 2259 scaturiant.
1262 2223 1437 2257 Iohannes
1472 2235 1556 2257 vero
1584 2224 1716 2257 Dama-

275 2282 399 2303 scenus
415 2271 594 2303 Oceanum
618 2273 736 2316 inquit
762 2272 916 2306 fluminis
934 2272 1115 2306 cuiusdam
1136 2273 1248 2304 instar
1273 2276 1400 2303 terram
1424 2271 1623 2304 universam
1647 2271 1716 2304 cir-

275 2317 447 2359 cundare3
474 2318 518 2349 de
545 2330 616 2363 quo
640 2318 726 2350 mihi
753 2321 857 2352 etiam
884 2321 1022 2354 litterae
1047 2330 1162 2352 sacrae
1176 2318 1276 2362 loqui
1301 2318 1468 2351 videntur
1486 2317 1626 2364 (Gen.2
1647 2317 1714 2364 ιο),

276 2376 356 2397 cuin
386 2376 523 2396 amnem
550 2365 594 2397 tle
620 2366 784 2409 paradiso
812 2368 906 2399 exire
939 2367 1107 2408 tradunt⁷
1137 2366 1199 2411 qui
1224 2376 1351 2409 aquam
1377 2365 1518 2398 dulcem
1545 2376 1585 2398 ac
1610 2369 1715 2410 pota-

275 2411 386 2444 bilem
413 2411 554 2451 habeat,
582 2423 735 2456 eumque
764 2413 893 2446 deinde
913 2420 1081 2459 quattuor
1103 2414 1140 2445 in
1164 2412 1350 2457 principia,
1375 2411 1443 2445 hoc
1466 2417 1519 2445 est
1543 2416 1712 2457 quattuor

275 2458 400 2491 fluvios
421 2458 544 2491 dividi.
561 2459 690 2503 quodsi
715 2460 821 2492 etiam
841 2462 930 2493 scire
954 2461 1054 2506 cupis
1069 2471 1173 2505 quam
1191 2459 1236 2492 ob
1257 2470 1395 2491 causam
1422 2469 1537 2504 aquae
1558 2458 1714 2503 pluviae,

274 2511 510 2550 posteaquam
537 2505 582 2537 ad
607 2517 670 2538 nos
698 2506 863 2551 delapsae
891 2514 990 2549 sunt,
1019 2513 1204 2551 tantopere
1231 2511 1502 2550 corrumpantur
1525 2516 1565 2538 ac
1587 2510 1715 2550 putre-

274 2558 394 2592 scant,
422 2553 496 2584 sole
523 2552 619 2596 quod
646 2553 683 2584 in
711 2564 749 2585 ea
776 2554 1045 2587 subtilissimum
1068 2559 1121 2586 est
1145 2553 1350 2597 percolante
1376 2564 1415 2585 ac
1442 2563 1579 2585 sursum
1603 2557 1712 2584 attra-

275 2597 404 2639 hente,
430 2599 598 2631 lubenter
624 2610 700 2631 eam
726 2611 868 2645 quoque
905 2601 971 2634 tibi
1006 2600 1243 2634 subiiciemus.
1279 2605 1332 2633 est
1356 2598 1479 2632 harum
1501 2604 1628 2632 natura
1654 2599 1712 2631 in-

274 2650 329 2678 ter
353 2657 462 2690 aquas
488 2651 643 2679 caeteras
672 2647 821 2679 maxime
852 2649 966 2681 mista.
995 2648 1127 2693 quippe
1155 2647 1208 2679 sol
1235 2658 1277 2679 ex
1301 2646 1485 2690 quibusvis
1510 2645 1615 2678 rebus
1642 2645 1712 2678 hu-

275 2691 380 2724 midis
408 2693 545 2736 aliquid
575 2704 711 2725 sursum
739 2694 894 2728 attrahit.
921 2695 1010 2728 haec
1025 2695 1133 2739 igitur
1160 2694 1396 2738 inaequalitas
1422 2693 1563 2726 mobilis
1588 2691 1712 2725 admo-

277 2738 360 2771 dum
386 2744 439 2771 est
464 2745 499 2772 et
527 2738 572 2771 ad
596 2741 857 2784 corruptionem
897 2742 1060 2775 celeriter
1085 2746 1228 2786 spectat.
1256 2745 1439 2784 praeterea
1463 2739 1711 2773 subvectorum

277 2796 296 2817 a
321 2785 396 2818 sole
421 2786 459 2819 in
495 2790 575 2820 aera
609 2785 794 2821 humorum
821 2800 901 2834 pars
933 2788 1132 2834 gravissima
1156 2788 1439 2833 crassissimaque
1464 2798 1580 2820 rursus
1607 2785 1711 2820 dedr-
