1826 3120
272 159 347 214 66
718 167 1004 210 chnAssms
1043 166 1258 209 GLYCAE

160 289 255 332 Ἄπη-
269 277 497 332 μονονουχί
539 273 691 326 βοῶσιν
734 266 799 310 ὅτι
846 270 906 317 εἰς
943 270 1144 323 διαμονὴν
1165 268 1243 309 τοῦ
1269 268 1413 322 γένους
1435 267 1511 324 τὴν
1539 268 1704 322 μακρὰν

269 341 424 396 ταύτην
447 338 683 392 ἀποδημίαν
704 332 972 387 στελλόμεθα.
1004 335 1079 375 οὔκ
1105 332 1273 387 ἔχουσιν
1296 331 1401 375 ἴδιον
1420 331 1550 388 λόγον,
1580 331 1704 387 ἔχου-

269 424 312 449 σι
359 409 405 447 δὲ
445 403 516 446 τὸν
547 404 620 455 τῆς
666 398 830 456 φύσεως
866 397 990 452 νόμον
1030 401 1214 455 ἰσχυρῶς
1257 399 1524 455 ἐνιδρυμένον
1553 401 1626 440 καί
1661 395 1706 440 τὸ

225 472 471 526 Βπρακτέον
512 466 824 509 ὑποδεικνύντα.
903 466 1172 520 βαδίσωμεν,
1201 464 1348 522 φασίν,
1377 466 1448 507 ἐπὶ
1471 464 1516 508 τὸ
1540 464 1707 522 βόρειον

268 540 469 590 πέλαγος·
544 532 792 587 γλυκύτερον
829 532 911 587 γὰρ
941 534 1013 587 τῆς
1051 533 1197 586 λοιπῆς
1235 530 1453 586 θαλάσσης
1498 531 1627 574 ἐκεῖνο
1658 529 1744 579 τὰς

266 598 405 655 ὕδωρ,
439 600 548 641 διότι
576 600 641 639 ἐπ’
670 597 805 652 ὀλίγον
831 598 938 654 αὐτῇ
967 595 1305 652 προσδιατρίβων
1333 594 1487 653 ὃῆλιος
1515 596 1592 638 οὔκ
1616 594 1707 647 ἐξά·

266 683 329 720 γει
358 667 488 718 αὐτῆς
531 661 626 706 ὅλον
670 663 739 705 διὰ
767 666 839 718 τῆς
864 663 1028 712 ἀκτῖνος
1055 662 1101 705 τὸ
1137 663 1323 715 πότιμον.
1375 664 1519 718 χαίρει
1545 664 1594 704 δὲ
1621 667 1708 711 τοῖς

265 733 434 785 γλυκέσι
462 730 534 772 καί
559 729 608 772 τοὶ
639 729 862 774 θαλάττια.
920 726 1018 771 ὅθεν
1047 729 1119 770 καί
1145 728 1215 770 ἐπὶ
1241 727 1341 778 τούς
1368 727 1581 783 ποταμούς
1608 730 1706 770 α’να-

266 797 439 852 νὴχεται
466 795 662 844 πολλάκις
707 797 780 837 καί
805 795 947 850 πόρρω
994 795 1210 850 θαλάσσης
1238 797 1429 851 φέρεται.
1487 796 1533 837 ἐκ
1557 792 1706 836 τούτου

265 861 562 918 προτιμότερος
609 862 745 910 αὐτοῖς
786 861 810 902 ὅ
840 860 1002 910 Πόντος
1030 863 1111 902 τῶν
1138 864 1294 902 λοιπῶν
1323 860 1413 903 ἐστὶ
1437 858 1622 916 κόλπων,
1651 861 1708 910 ὥς
1723 879 1773 907 ³10

266 927 496 983 ἐπιτήδειος
522 930 805 983 ἐναποκυῆσαι
827 930 897 969 καί
924 929 1131 983 ἐκθρέψαι
1159 925 1209 969 τὰ
1227 925 1384 982 ἔκγονα.

375 993 469 1035 Καί
493 995 610 1034 τοῦτο
641 995 686 1033 δὲ
714 993 817 1046 πρὸς
844 999 928 1042 τοῖς
957 989 1099 1041 ἄλλοις
1127 991 1148 1034 ὃ
1177 996 1307 1046 μέγας
1333 992 1441 1049 φησί
1465 996 1708 1042 Βασίλειος.

266 1055 426 1114 ἤκουσα
456 1060 534 1113 ἐγώ
565 1075 673 1107 τινος
701 1062 783 1101 τῶν
825 1063 1043 1113 παραλίων
1074 1056 1136 1100 ὅτι
1167 1059 1187 1100 ὁ
1211 1057 1442 1108 θαλάσσιος
1468 1060 1628 1113 ἐχῖνος,
1658 1057 1706 1100 τὸ

158 1137 191 1168 Ρ,
211 1137 252 1170 35
264 1124 416 1179 μικρὸν
443 1127 657 1174 παντελῶς
687 1126 759 1166 καί
788 1124 1154 1181 εὐκαταφρόνητον
1183 1127 1303 1178 ζῶον,
1337 1123 1585 1174 διδάσκαλος
1612 1128 1711 1166 πολ-

264 1191 381 1239 λάκις
406 1191 589 1246 γαλήνης
634 1192 707 1232 καί
733 1189 942 1240 κλύδωνος
984 1197 1069 1239 τοῖς
1097 1190 1269 1232 πλέουσι
1299 1193 1479 1245 γίνεται·
1539 1186 1586 1239 ὃς
1614 1186 1711 1232 ὅταν
1730 1194 1774 1234 15

264 1259 412 1313 προΐδῃ
456 1256 647 1312 ταραχὴν
675 1258 718 1305 ἐξ
746 1258 934 1310 α’νέμων,
975 1254 1144 1311 ψηφῖδα
1176 1272 1269 1297 τινα
1298 1254 1496 1298 ὑπελθών
1519 1256 1711 1310 γενναίαν

263 1324 325 1362 ἐπ’
357 1323 488 1376 αὐτῆς
518 1320 655 1377 ὥσπερ
688 1324 750 1364 ἐπ’
790 1321 976 1377 ἀγκύρας
1002 1324 1183 1376 βεβαίως
1207 1321 1402 1375 σαλεύει,
1434 1318 1712 1375 κατεχόμενος

261 1389 315 1443 τῷ
342 1386 466 1440 βάρει
510 1387 615 1441 πρὸς
656 1386 702 1428 τὸ
748 1387 806 1441 μή
844 1387 1002 1444 ῥᾳδίως
1041 1394 1125 1435 τοῖς
1175 1388 1360 1440 κύμασιν
1408 1386 1712 1442 οἷποσύρεσθαι,

262 1455 384 1494 τοῦτο
422 1449 497 1494 οὖν
535 1449 632 1495 ὅταν
672 1452 819 1495 ἴδωσιν
867 1454 904 1494 οἱ
953 1452 1263 1506 ναυτιλλόμενοι
1290 1454 1336 1494 τὸ
1371 1459 1561 1508 σημεῖον,
1593 1451 1709 1495 ἴσασι

264 1518 339 1571 την
371 1521 717 1573 προσδοκωμένην
744 1518 889 1571 βιαίαν
917 1521 1075 1573 κίνησιν
1102 1521 1185 1560 τῶν
1216 1520 1394 1570 α’νέμων.
1722 1536 1776 1562 20

370 1583 496 1625 Ἀλλὰ
545 1584 617 1625 καί
657 1585 681 1638 ἡ
712 1587 856 1632 τευθίς
887 1588 1117 1639 φαινομένη
1147 1589 1318 1638 σημεῖον
1344 1582 1552 1638 χειμῶνός
1579 1586 1707 1627 ἐστιν.

264 1649 289 1704 ἦ
318 1648 396 1704 γάρ
441 1651 586 1698 τευθίς
629 1646 826 1703 ἰχθύδιύν
869 1651 958 1691 ἐστι
984 1653 1093 1691 λεῖον
1129 1647 1205 1704 τήν
1233 1647 1480 1705 ἐπιφάνειαν
1506 1651 1581 1705 τῆς
1606 1665 1709 1704 σαρ-

342 1777 392 1798 io.
418 1764 676 1812 ποτιμώτερος
699 1765 738 1804 Ε.

267 1895 431 1928 magnum
452 1883 519 1915 hoc
543 1884 612 1916 iter
637 1894 674 1915 se
698 1882 938 1928 perpetuandi
958 1883 1095 1927 generis
1112 1883 1167 1916 sui
1186 1893 1293 1916 causa
1317 1882 1505 1927 suscipere.
1529 1894 1549 1916 a
1573 1885 1711 1917 ratione

269 1931 413 1975 quidem
455 1930 721 1970 destituuntur,
757 1929 820 1962 sed
849 1929 985 1963 habent
1009 1930 1121 1974 legem
1150 1929 1369 1970 naturalem,
1398 1930 1546 1963 firmiter
1568 1931 1710 1963 insitam

269 1978 477 2022 agendaque
505 1981 853 2009 commonstrantem.
889 1976 1068 2009 abibimus
1086 2002 1095 2018 ,
1118 1977 1235 2017 aiunt,
1260 1974 1305 2008 ad
1329 1986 1425 2008 mare
1450 1975 1542 2009 illud
1568 1978 1711 2022 aquilo-

269 2035 378 2064 nare,
421 2024 519 2055 cuius
548 2034 640 2067 aqua
675 2023 815 2067 reliquo
854 2024 941 2056 mari
971 2023 1109 2056 dulcior
1141 2028 1202 2055 est.
1231 2023 1365 2067 quippe
1391 2023 1445 2055 sol
1474 2024 1638 2067 exiguum
1665 2023 1711 2056 ad

272 2076 411 2114 tempus
438 2070 475 2101 in
511 2080 552 2101 eo
577 2080 793 2102 commorans
834 2081 973 2103 omnem
1003 2081 1128 2115 aquam
1151 2069 1349 2114 potabilem
1373 2081 1447 2102 non
1473 2069 1645 2104 exhaurit.
1675 2076 1712 2105 et

273 2117 498 2149 delectantur
538 2116 644 2148 etiam
675 2117 810 2148 marina
843 2117 1033 2158 dulcibus,
1076 2127 1146 2161 quo
1172 2115 1212 2148 fit
1237 2120 1276 2148 ut
1299 2127 1556 2160 saepenumero
1585 2117 1710 2150 fluvios

273 2162 430 2195 natando
462 2162 704 2194 conscendant
740 2162 919 2208 longoque
953 2176 972 2196 a
998 2163 1086 2196 mari
1122 2162 1236 2206 spatio
1271 2162 1524 2207 provehantur.
1555 2163 1711 2209 ideoque

273 2210 407 2242 Pontus
440 2209 526 2252 ipsis
563 2215 616 2241 est
641 2209 772 2252 gratior
807 2211 910 2254 quasi
933 2210 1079 2256 quidam
1103 2210 1200 2242 sinus
1228 2208 1273 2241 ad
1294 2209 1527 2254 proferendos
1552 2209 1710 2243 educan-

275 2256 412 2300 dosque
436 2255 528 2287 fetus
552 2256 712 2299 inprimis
740 2255 902 2289 idoneus.

367 2302 441 2334 Hoc
467 2303 573 2334 etiam
598 2303 692 2334 inter
717 2302 786 2334 alia
814 2315 958 2347 magnus
987 2302 1051 2335 ille
1076 2300 1225 2333 Basilius
1247 2302 1368 2337 tradit.
1393 2314 1438 2336 ex
1463 2303 1628 2349 quodam,
1653 2304 1709 2336 in·-

276 2349 374 2394 quit,
409 2348 553 2380 homine
584 2349 759 2380 maritimo
798 2351 947 2394 cognovi
982 2348 1142 2382 echinum
1169 2349 1383 2391 aquatilem,
1408 2351 1640 2395 perexiguum
1669 2361 1709 2382 ac

275 2396 411 2428 nullius
445 2396 588 2427 omnino
622 2397 796 2428 momenti
836 2396 987 2438 animal,
1029 2405 1282 2439 saepenumero
1312 2398 1518 2440 navigantes
1543 2396 1588 2429 de
1611 2402 1709 2429 tran-

276 2443 457 2488 quillitate
484 2442 541 2474 vel
566 2447 778 2485 tempestate
795 2450 957 2476 secutura
981 2452 1135 2475 monere.
1163 2453 1243 2473 nam
1266 2455 1345 2476 cum
1363 2444 1555 2488 procellam
1579 2454 1596 2475 a
1624 2453 1710 2475 ven-
1747 2449 1751 2451 “

278 2495 313 2521 to
350 2489 532 2520 imminere
567 2489 757 2533 prospicit,
794 2489 957 2534 lapillum
986 2487 1083 2522 subit
1121 2493 1157 2520 et
1182 2500 1258 2520 cum
1300 2501 1342 2522 eo
1375 2496 1544 2535 tanquam
1581 2500 1708 2522 ancora

278 2535 431 2579 quadam
466 2535 563 2567 firma
596 2535 763 2575 fluctuat,
790 2537 960 2570 subnixus
990 2537 1064 2568 eius
1082 2534 1264 2579 pondere,
1291 2548 1336 2569 ne
1365 2537 1469 2570 facile
1494 2548 1514 2569 a
1538 2535 1706 2569 fluctibus

278 2581 487 2625 abripiatur.
513 2581 579 2614 hoc
603 2582 702 2623 signo
730 2590 919 2628 conspecto
934 2587 1064 2616 nautae
1089 2582 1349 2626 expectandum
1373 2585 1491 2616 sciunt
1514 2582 1707 2617 vehemen-

278 2633 349 2660 tem
374 2634 560 2660 ventorum
585 2628 769 2672 impetum.

370 2674 496 2707 Itidem
524 2675 553 2708 si
588 2674 698 2718 loligo
732 2675 804 2708 sive
828 2675 963 2709 teutliis
988 2678 1176 2719 appareat,
1206 2675 1426 2720 tempestatis
1451 2681 1505 2708 est
1525 2675 1708 2708 indicium.

281 2721 412 2754 etenim
435 2722 540 2766 piscis
574 2726 627 2754 est
653 2721 799 2765 exiguus
832 2721 968 2755 habens
995 2721 1127 2755 laevem
1154 2722 1266 2754 carnis
1296 2722 1536 2767 superficiem,
1563 2730 1631 2767 qua
1659 2720 1704 2753 de
