1826 3120
248 139 328 211 94
709 137 998 191 Mlcu'AEms
1041 150 1259 191 GLYCAE

253 268 457 312 ἐνιαυτῶν
485 265 505 307 ὃ
533 261 715 308 τοιοῦτος
735 257 1015 314 καταλλάκτης
1041 258 1200 316 σιδήρῳ
1231 258 1404 314 ἕπληξεν
1431 262 1561 304 αὐτον
1589 261 1699 304 ἄπα·-

252 333 424 387 γόμενον
453 332 525 372 καί
551 328 642 369 τότε
676 327 735 374 εἰς
759 325 1038 380 ἱπποδρομίαν
1070 324 1141 367 διά
1170 327 1249 366 τοῦ
1268 327 1590 369 αὐτοῦ’-τόπου..
1629 331 1702 370 καὶ

253 398 307 440 τά
347 401 424 451 μὲν
468 397 544 438 τοῦ
574 395 796 449 ἐλέφαντος
837 394 1010 434 τοιαῦτα
1031 409 1040 419 ·
1111 389 1155 433 αἱ
1185 393 1230 434 δὲ
1258 390 1488 446 παρδάλεις
1518 398 1702 451 φυσικήν

254 481 349 506 τινα
381 462 526 517 ἔχουσι
557 458 660 514 πρὸς
685 457 758 501 τὸν
786 454 1010 512 ἄνθρωπον
1040 457 1175 513 ὀργήν,
1204 460 1279 500 καί
1303 458 1516 514 πεφύκασι
1542 464 1703 515 μᾶλλον

254 536 341 579 τοῖς
383 528 618 584 ὀφθαλμοῖς
662 527 744 567 τῶν
793 524 1028 579 ἀνθρώπων
1057 522 1335 581 ἐφάλλεσθαι.
1407 527 1514 568 α’λλὰ
1556 530 1629 571 καί
1657 529 1755 570 ἐνὸ-

252 595 388 652 χάρτῃ
421 595 586 635 ἰδοῦσαι
614 591 859 634 τυπωθέντα
889 587 1127 645 ἄνθρωπον,
1163 588 1220 640 αῗς
1248 591 1331 633 πού
1365 608 1495 649 φησιν
1523 592 1545 634 ὃ
1573 595 1705 648 μέγας

251 662 504 712 Βασίλειος,
534 658 607 701 τὸν
630 656 796 713 χάρτην
824 659 1155 713 σπαράττουσιν.

214 734 241 767 C
356 723 524 774 Ἱκανῶς
565 725 612 766 δὲ
648 722 911 776 θαυμάσειεν
955 719 1006 765 ἄν
1033 740 1095 773 τις
1139 726 1211 765 καί
1250 723 1297 766 τά
1340 725 1418 767 τοῦ
1444 726 1628 778 λέοντος,
1656 724 1705 767 τὰ

252 790 506 846 μοναστικὸν
535 793 667 832 αὐτοῦ
693 792 765 844 τῆς
794 790 925 844 ζωῆς,
952 789 999 831 τὸ
1031 788 1311 845 ἀκοινώνητον
1338 789 1439 845 πρὸς
1466 789 1512 832 τὸ
1544 789 1706 848 ὁμόφυ-

253 863 338 903 λον.
398 855 485 901 οἷον
513 856 594 912 γάρ
626 872 688 905 τις
717 854 918 911 τύραννος
961 858 1044 898 ταῖν
1072 854 1235 910 ἀλόγων
1264 854 1333 898 διὰ
1360 855 1435 912 τήν
1464 858 1510 898 ἐκ
1538 857 1706 914 φύσεως
1725 873 1773 900 ro

252 923 493 980 ὑπεροψίαν
521 922 599 977 τήν
629 921 734 976 πρὸς
761 920 857 971 τούς
885 921 1065 971 πολλοὺς
1091 920 1311 975 ὃμοτιμιάν
1340 924 1391 964 ου’
1418 923 1708 978 καταδέχεται,

252 987 358 1034 ὥστε
386 991 485 1032 οὐδὲ
511 987 713 1043 χθεσινῆν
742 987 902 1044 τροφήν
931 990 1165 1043 προσίεται.
1219 983 1254 1045 ᾧ
1280 988 1354 1030 καί
1379 992 1607 1044 τηλικαῦτα
1637 985 1710 1044 ὅρ-

249 1074 360 1113 γανα
390 1054 415 1111 ἦ
447 1054 579 1112 φύσις
609 1057 805 1110 ἐνέθηκεν
838 1052 947 1096 ὥστε
977 1054 1110 1096 πολλοὶ
1140 1056 1222 1097 τῶν
1255 1055 1374 1107 ζώων
1399 1053 1711 1111 ὑπερβάλλοντα

254 1125 309 1180 τῇ
353 1122 554 1176 ταχύτητι
598 1120 711 1178 μόνῳ
750 1119 947 1170 πολλάκις
982 1118 1198 1162 ἁλίσκεται
1241 1123 1299 1177 τῷ
1325 1121 1585 1176 βρυχήματι.
1641 1120 1714 1163 καί

251 1190 374 1230 τοῦτο
391 1187 535 1241 Δαβὶδ
564 1187 585 1227 ὁ
606 1187 824 1242 προφήτης
842 1185 1124 1241 ὖπεμφαίνειν
1153 1188 1281 1240 λέγων
1302 1186 1352 1239 ,,ὃ
1380 1189 1486 1228 λέων
1517 1186 1708 1242 ἐνεδρεύ-
1729 1190 1775 1234 15

253 1269 292 1295 ει
320 1256 364 1296 ἐν
393 1252 664 1311 ἆποκρύφῳΡ
721 1250 873 1308 αἴφνης
918 1250 999 1305 γάρ
1040 1250 1278 1306 ἐκπηδήσας
1315 1254 1476 1294 ἐκεῖθεν
1503 1253 1578 1294 καί
1601 1255 1711 1306 μέγα

212 1320 416 1375 Ββοήσας
443 1319 495 1362 τά
526 1316 818 1373 παροδεύοντα
847 1320 927 1359 τῶν
959 1315 1078 1369 ζώων
1102 1320 1307 1360 ἵστασθαι
1336 1324 1456 1372 nocet,
1485 1320 1560 1360 καί
1582 1314 1714 1367 οὕτως

255 1385 392 1428 ἐσθίει
421 1383 757 1439 καταλαμβάνων
795 1385 921 1426 αὕτά.
990 1387 1126 1433 καλῶς
1167 1378 1240 1425 οὖν
1282 1384 1305 1425 ὅ
1346 1384 1566 1441 προφήτης
1597 1382 1711 1439 ἔλεγε
1766 1406 1769 1408 μ

255 1453 462 1506 »σκύμνοι
491 1450 749 1506 ω’ρυόμενοι”
779 1451 853 1492 καί
881 1450 931 1492 τὰ
961 1449 1102 1492 λοιπά.

371 1519 435 1561 Οὔ
476 1519 678 1559 τοσοῦτον
707 1519 753 1558 δὲ
789 1517 910 1571 ἡμεῖς
938 1514 977 1558 οἱ
1010 1514 1112 1573 λόγῳ
1141 1517 1428 1571 τετιμημένοι,
1467 1511 1566 1558 ὅσον
1595 1516 1705 1559 αὐτά
1721 1536 1775 1563 20

258 1585 393 1640 δήπου
422 1582 475 1626 τά
507 1579 637 1637 ἄλογα
667 1584 754 1635 ζῶα
783 1581 859 1637 τήν
888 1582 1045 1624 οἰκείαν
1078 1581 1216 1624 οἴδασι
1243 1582 1481 1638 σωτηρίαν,
1508 1585 1578 1624 καὶ
1608 1580 1709 1626 ὅθεν

260 1783 500 1816 deduceretur
535 1783 701 1828 elephas,
727 1781 905 1827 quendam
942 1783 1143 1827 magistrum
1171 1783 1327 1815 ferarum
1354 1788 1390 1817 et
1416 1784 1648 1817 cicuratorem
1672 1785 1710 1818 in

258 1831 412 1863 miliario
439 1830 625 1863 sedentem
650 1830 851 1870 interfecit,
887 1830 1089 1862 immaniter
1113 1829 1280 1863 adversus
1307 1830 1408 1862 illum
1434 1842 1514 1862 eum
1540 1830 1709 1864 dentibus

260 1878 335 1911 suis
369 1878 517 1910 irruens.
551 1878 626 1909 eius
665 1877 717 1909 rei
751 1888 855 1909 causa
890 1882 989 1917 erat,
1024 1878 1122 1922 quod
1158 1877 1188 1909 is
1215 1882 1299 1909 ante
1322 1883 1419 1910 totos
1443 1877 1566 1910 'decem
1597 1888 1710 1912 annos

262 1924 495 1969 elephantum
529 1924 623 1957 ferro
649 1929 898 1968 percusserat,
936 1935 1016 1956 eum
1057 1923 1094 1956 id
1127 1924 1298 1968 temporis
1326 1934 1392 1968 per
1415 1923 1570 1957 eundem
1592 1925 1712 1959 locum

261 1971 310 2004 ad
340 1970 614 2016 hippodromum
640 1971 887 2004 deduceretur.
913 1970 1078 2015 pardales
1113 1970 1309 2003 naturalem
1337 1971 1517 2015 quandam
1543 1971 1711 2006 adversus

263 2019 426 2050 homines
453 2019 540 2050 iram
567 2018 701 2058 fovent,
726 2030 766 2050 ac
789 2019 1003 2063 plerumque
1030 2023 1290 2051 consueverunt
1316 2017 1354 2050 in
1380 2018 1502 2051 oculos
1527 2017 1712 2053 hominum

264 2066 414 2097 insilire.
439 2065 526 2109 quin
554 2065 669 2109 pictos
695 2066 801 2097 etiam
829 2066 866 2097 in
892 2065 1022 2098 chartis
1047 2065 1213 2097 lacerant.

357 2112 485 2143 Leonis
517 2122 663 2155 quoque
696 2123 810 2145 mores
845 2118 881 2145 et
916 2112 1076 2146 indolem
1106 2122 1177 2144 non
1203 2110 1265 2143 abs
1298 2122 1335 2144 re
1374 2113 1455 2157 quis
1494 2111 1709 2155 admiretur,

263 2158 432 2191 nimirum
468 2158 577 2190 vitam
611 2158 688 2190 eius
714 2160 908 2193 solitariam
946 2165 982 2192 et
1017 2158 1267 2191 abhorrentem
1303 2170 1323 2190 a
1365 2159 1420 2192 sui
1457 2161 1595 2204 generis
1631 2160 1710 2194 ani..

263 2205 413 2238 mulium
438 2205 611 2238 societate
638 2211 813 2238 naturam.
851 2218 932 2239 nam
961 2218 1039 2239 cum
1071 2206 1118 2238 sit
1142 2205 1245 2250 quasi
1271 2205 1416 2249 quidem
1439 2206 1627 2240 brutorum
1652 2213 1710 2251 ty-

264 2262 396 2284 rannus
425 2257 460 2284 et
497 2263 579 2292 rex,
615 2253 693 2295 pari
730 2264 803 2285 esse
840 2265 918 2286 cum
958 2253 1105 2287 caeteris
1141 2251 1277 2284 honore
1306 2252 1557 2298 dignitateque
1606 2265 1709 2287 recu-

265 2304 319 2332 sat
351 2304 498 2343 propter
522 2298 701 2342 quandam
729 2300 879 2334 inditam
918 2302 988 2346 ipsi
1025 2312 1044 2333 a
1072 2304 1198 2332 natura
1232 2300 1446 2344 superbiam.
1473 2301 1709 2334 consimiliter

265 2345 385 2378 cibum
416 2345 622 2378 hesternum
663 2357 737 2378 non
775 2349 892 2381 sumit.
932 2347 1048 2380 eidem
1072 2347 1310 2379 instrumenta
1335 2349 1430 2380 vocis
1459 2354 1559 2382 tanta
1581 2354 1708 2391 natura

267 2392 386 2433 dedit,
413 2398 453 2425 ut
478 2403 557 2424 cum
581 2392 749 2425 animalia
774 2394 948 2440 pleraque
970 2394 1159 2428 velocitate
1185 2399 1345 2437 superet,
1373 2395 1451 2427 solo
1475 2406 1710 2440 saepenume-

267 2450 307 2472 ro
337 2444 451 2472 semet
475 2440 590 2482 rugitu
622 2451 684 2472 suo
711 2441 851 2483 prodat.
880 2442 1039 2475 indicare
1063 2439 1132 2472 hoc
1156 2441 1271 2484 ipsum
1298 2447 1395 2474 vates
1423 2439 1530 2474 etiam
1557 2441 1710 2475 Davides

266 2486 385 2519 voluit
408 2486 547 2531 (Psalm.
581 2497 618 2518 10
646 2488 682 2532 9)
710 2487 806 2519 hisce
831 2490 948 2522 verbis
989 2494 1179 2532 „tanquam
1207 2487 1263 2520 leo
1291 2488 1423 2521 abditis
1450 2489 1487 2520 in
1511 2488 1600 2522 loeis
1623 2489 1712 2522 insi·
1753 2519 1756 2525 Ι

268 2532 421 2565 diatur.'’
447 2544 527 2565 nam
553 2543 596 2565 ex
621 2533 664 2565 iis
691 2540 836 2578 repente
874 2536 1088 2580 prosiliens,
1113 2545 1238 2577 magno
1262 2536 1415 2568 clamore
1442 2535 1603 2578 sublato,
1633 2536 1714 2568 ani·-

266 2580 376 2612 malia
415 2580 684 2624 praetereuntia
717 2581 813 2614 sistit
853 2589 888 2616 et
911 2583 980 2616 hoc
1003 2581 1110 2616 modo
1144 2587 1246 2625 capta
1272 2582 1428 2615 devorat.
1457 2582 1581 2627 itaque
1605 2593 1712 2628 prae-

266 2627 362 2659 clare
385 2633 482 2659 vates
511 2627 562 2660 ait
585 2626 726 2673 (psalm.
756 2629 816 2661 103
845 2631 902 2675 21)
928 2629 1063 2672 „catuli
1087 2628 1226 2661 leonini
1252 2630 1451 2673 rugientes,
1477 2634 1518 2662 ut
1540 2629 1712 2674 praedam

269 2673 436 2719 saciqmtf’

361 2720 488 2765 Neque
512 2732 597 2756 vero
621 2731 686 2754 nos
711 2720 893 2765 homines,
918 2719 1293 2769 quanquam'rationis
1317 2721 1495 2756 beneficio
1516 2723 1625 2757 simus
1653 2734 1712 2756 or-
