1826 3120
251 110 322 165 88
691 125 975 166 micuAffls
1020 121 1231 163 GLYCAE

362 228 425 270 Οὐ
460 226 542 281 χρή
587 227 824 276 θαυμαζειν
861 220 946 277 εἴγε
976 226 1067 271 ταῖς
1086 223 1158 275 τῆς
1185 218 1356 274 σελήνης
1385 219 1689 272 αὔξομειώσεσι

248 293 550 348 μεταβάλλεται
582 291 604 330 ὅ
632 290 739 344 ἀήρ,
771 285 875 330 ὅπου
904 304 950 343 γε
994 286 1066 328 καί
1095 287 1139 328 ἐν
1169 283 1290 336 ζώοις
1317 286 1425 327 τισίν
1450 282 1538 328 ἔστι
1567 285 1689 327 τοῦτο

250 362 366 402 ἰδεῖν.
425 356 534 414 φασί
561 356 641 411 γάρ
668 354 745 409 τήν
765 350 850 408 ἶβιν
883 354 1083 409 μηδαμοῦ
1110 348 1215 408 δρᾶν
1243 347 1311 392 ὅτε
1340 351 1536 406 α’σέληνος
1566 348 1587 392 ὃ
1617 349 1692 391 οὖ-

250 425 399 479 ρανός,
428 422 551 476 μύειν
586 423 632 463 δὲ
658 420 732 462 καί
761 417 906 463 ἄσιτον
948 422 1098 472 μένειν.
1157 414 1177 458 ὅ
1212 418 1259 459 δὲ
1287 417 1460 470 κέρκωψ
1488 418 1693 472 προδήλο-

247 492 370 544 τὲρας
398 487 486 543 ἔχει
513 486 587 536 τὰς
631 488 867 540 ἐνεργείας·
942 483 1010 526 ὅτε
1039 484 1120 538 γάρ
1152 477 1270 534 αι’)’ξει
1301 481 1327 537 ἦ
1356 481 1530 537 σελήνη,
1557 481 1579 524 ὁ
1609 483 1731 529 τῶνό

250 555 482 612 ὀφθαλμῶν
501 551 649 602 κύκλος
678 552 811 610 τούτῳ
838 547 1081 607 εὐρύνεται,
1111 546 1178 591 ὅτε
1207 551 1254 591 δὲ
1281 549 1488 602 μειοῦται,
1517 549 1694 592 συστέλ-

211 626 378 663 Βλεται.
436 616 544 661 ἄλλα
573 620 646 660 καί
671 619 697 673 ἦ
729 619 836 673 γαλῆ
865 615 1211 673 λειψοφωτούσης
1238 617 1310 670 τῆς
1331 611 1511 670 ’σελήνης
1538 611 1696 670 ἥπατος

249 686 452 728 λείπεται·
520 684 837 742 αὕξιφωτούσης
878 684 924 725 δὲ
952 681 1078 724 πάλιν
1117 683 1248 737 αὐτῆς
1274 679 1320 723 τὸ
1348 681 1538 723 τοιοῦτον
1565 680 1698 735 αὐτῆς

249 749 582 806 προσεπαύξεται
619 749 781 806 μόριον.
852 750 965 805 φασί
993 750 1039 791 δὲ
1062 750 1133 790 καί
1160 748 1204 789 ἐν
1230 748 1402 804 ποταμῷ
1427 747 1483 804 τῷ
1504 745 1696 803 Ὑδάσπῃ

137 823 176 855 V.
192 824 236 857 36
246 818 472 872 γεννᾶσθαι
485 817 605 858 λίθον
632 817 778 870 λίχνην
796 815 1063 868 καλούμενον,
1095 811 1140 863 ὃς
1157 811 1329 868 σελήνης
1347 813 1577 868 αὐξομένης
1591 806 1694 866 ἦχον
1713 821 1759 850 ¹0

246 884 454 939 μελῳδίας
491 883 698 924 α’ποτελεΐ.
758 880 831 922 καί
857 882 901 922 έν
940 882 1115 937 ποταμῷ
1152 881 1198 921 δὲ
1225 879 1414 935 Κελτικῷ
1448 879 1697 920 διαιτᾶσθαι

247 947 380 1002 ἰχθὺν
411 950 597 990 κλωπίαν
628 949 842 1002 ἑγχωρίως
875 944 1151 999 καλούμενον,
1181 942 1228 994 ὃς
1258 945 1487 998 αὔξομένης
1513 946 1586 1000 τῆς
1627 959 1700 986 σε·

249 1012 372 1069 λήνης
411 1015 670 1055 λευκαίνεται
712 1015 965 1067 μειουμένης
1006 1013 1051 1054 δὲ
1079 1013 1333 1066 μελαίνεται.
1391 1012 1524 1053 ταῦτα
1565 1011 1614 1053 δὲ
1645 1012 1699 1067 τῇ

249 1078 464 1135 ἐξαημέρῳ
494 1078 624 1129 αὐτοῦ
648 1080 1005 1135 συμπεριείληφεν
1036 1078 1058 1119 ὅ
1087 1081 1217 1132 μέγας
1245 1077 1534 1126 Ἀναστάσιος.

355 1142 490 1188 Ἀλλὰ
516 1144 590 1187 καί
617 1145 686 1187 διὰ
714 1145 809 1194 τοὺς
851 1144 1134 1193 ἀπιστοῦντας
1162 1139 1189 1198 ἢ
1217 1145 1375 1196 μᾶλλον
1403 1145 1534 1186 εἰπεῖν
1561 1143 1764 1197 &mys-'15

219 1214 414 1261 (Ξλῶντας
441 1213 493 1268 τῇ
521 1211 771 1263 ἀναστάσει,
806 1210 920 1252 καθά
951 1226 1081 1267 φησιν
1120 1207 1142 1251 ὅ
1166 1212 1297 1264 μέγας
1326 1207 1587 1264 Ἐπιφάνιος,
1617 1225 1700 1250 πα-

254 1276 414 1333 ράδοξά
441 1294 532 1319 τινα
560 1275 911 1334 προῳκονόμησαν
940 1277 1148 1330 γίνεσθαι.
1179 1274 1370 1332 ἧφιὶσκα
1397 1272 1571 1329 θνήσκει
1598 1274 1702 1330 ἦμέ-

255 1359 334 1397 ρας
372 1342 710 1399 τεσσαράκοντα,
747 1342 818 1384 καί
848 1340 971 1384 πάλιν
1001 1343 1234 1384 α’νίσταται.
1300 1340 1322 1383 ὃ
1371 1339 1503 1395 μύωψ
1530 1339 1702 1394 θνήσκει

254 1410 389 1463 μῆνας
419 1410 484 1462 ἕξ,
525 1407 598 1450 καί
637 1408 765 1451 πάλιν
794 1410 1020 1450 ἀνίσταται.
1077 1407 1099 1448 ὅ
1128 1411 1265 1464 φοῖνιξ
1294 1404 1316 1448 ὅ
1342 1405 1561 1462 Ἀραβικὸς
1590 1401 1704 1462 ὅρνις

256 1477 420 1529 λέγεται
448 1471 556 1517 εἶναι
584 1473 831 1529 μονογενής,
863 1468 1017 1528 ἄζυγος
1038 1474 1082 1516 ἐν
1108 1477 1162 1530 τῇ
1190 1475 1464 1530 δημιουργίᾳ,
1496 1471 1601 1516 κατὰ
1631 1470 1701 1528 ἔτη
1714 1493 1766 1520 20

259 1538 512 1583 πεντακόσια
555 1543 680 1582 τοῦτο
720 1538 876 1594 πάσχει
913 1537 938 1581 ὃ
966 1542 1037 1582 καί
1067 1537 1253 1596 φαιδρὰν
1285 1541 1461 1595 προϊστᾶ
1487 1537 1566 1596 τήν
1598 1538 1704 1582 dud-

358 1662 412 1694 ¹9·
445 1650 550 1699 ὄρνις
576 1649 616 1689 ὃς
643 1651 700 1686 L?

355 1771 484 1804 Mirum
507 1771 621 1805 videri
644 1783 717 1805 non
741 1771 853 1806 debet
875 1783 944 1806 una
980 1783 1059 1805 cum
1079 1772 1307 1806 incrementis
1332 1784 1371 1805 ac
1397 1772 1706 1807 deminutionibus

265 1820 373 1852 lunae
406 1822 488 1852 aera
519 1829 665 1863 quoque
697 1820 848 1859 mutari,
889 1819 1034 1864 quando
1072 1819 1256 1853 nonnullis
1291 1820 1330 1852 in
1366 1819 1582 1853 animalibus
1609 1819 1707 1854 idem

266 1865 457 1899 usuvenire
480 1865 654 1898 videmus.
690 1877 772 1898 nam
802 1865 952 1900 tradunt
984 1866 1071 1899 ibim
1108 1867 1209 1899 coelo
1235 1867 1320 1899 luna
1346 1872 1490 1899 carente
1511 1866 1607 1900 nihil
1630 1878 1708 1900 cer-

265 1924 351 1945 nere
394 1911 458 1945 sed
498 1913 621 1945 oculos
649 1911 783 1945 habere
807 1913 969 1954 clausos,
998 1925 1066 1946 nec
1099 1913 1188 1946 cibis
1223 1914 1306 1946 ullis
1344 1913 1407 1946 uti.
1433 1918 1470 1946 et
1497 1913 1646 1958 quidem
1668 1915 1707 1948 in

267 1960 381 2000 simio,
408 1970 514 2003 quem
542 1970 726 2004 cercopem
750 1966 897 2002 vocant,
923 1961 1126 1994 effectiones
1149 1960 1215 1992 hac
1242 1960 1279 1992 in
1304 1966 1405 2005 parte
1422 1965 1506 1994 sunt
1531 1961 1709 1995 illustrio-

268 2018 346 2039 res:
372 2017 454 2038 nam
492 2017 572 2038 cum
599 2007 757 2050 augescit
786 2008 891 2049 luna,
917 2008 1100 2041 oculorum
1135 2007 1230 2040 orbis
1257 2007 1290 2039 ei
1317 2006 1510 2048 dilatatur,
1536 2019 1615 2040 cum
1643 2007 1709 2042 de-

269 2053 469 2092 minuitur‚
506 2058 543 2085 et
586 2053 662 2097 ipse
698 2054 933 2088 contrahitur.
965 2054 1349 2100 quinetiam*1nustela
1383 2053 1572 2088 deficiente
1599 2055 1710 2089 lunae

269 2099 406 2132 lumine
431 2099 531 2131 iecur
554 2099 715 2133 imminui
740 2102 867 2143 sentit3
907 2101 1102 2147 eademque
1128 2112 1264 2134 rursum
1290 2107 1490 2143 crescente,
1513 2101 1710 2136 membrum

270 2145 368 2177 idem
408 2145 562 2178 vicissim
601 2153 760 2191 augetur.
794 2148 988 2193 perhibent
1022 2149 1128 2182 etiam
1152 2147 1189 2180 in
1213 2147 1380 2192 Hydaspe
1417 2148 1527 2182 fluvio
1552 2149 1710 2194 lapidem

270 2191 449 2236 quendam
475 2193 571 2224 nasci
596 2204 701 2238 quem
730 2195 889 2229 Lichnen
910 2201 1053 2229 vocant:
1080 2195 1109 2227 is
1138 2200 1351 2239 augescente
1368 2195 1454 2228 luna
1474 2207 1601 2229 sonum
1627 2195 1711 2229 dul-

268 2239 320 2271 cis
355 2244 477 2271 cantus
504 2238 613 2272 edere
641 2241 762 2274 fertur.
801 2243 840 2275 in
866 2242 1015 2275 flumine
1053 2240 1207 2287 quodam
1232 2241 1368 2275 Celtico
1394 2242 1528 2287 piscem
1556 2243 1711 2276 existere

268 2284 436 2326 tradunt,
471 2286 534 2330 qui
563 2286 607 2318 ab
633 2287 760 2322 incolis
785 2289 926 2334 Clopias
953 2289 1174 2334 appelletur:
1205 2288 1235 2321 is
1270 2289 1356 2321 luna
1388 2294 1571 2322 crescente
1608 2289 1710 2323 albe-

270 2332 360 2372 scit,
386 2331 572 2365 deminuta
606 2334 765 2377 nigricat.
791 2342 901 2382 atque
939 2335 1026 2369 haec
1053 2334 1195 2380 quidem
1235 2336 1341 2368 etiam
1367 2336 1462 2369 libro
1487 2347 1551 2370 suo
1579 2336 1624 2370 de
1649 2347 1711 2370 sex

269 2379 466 2422 primorum
505 2378 550 2411 ab
594 2386 674 2413 ortu
708 2383 835 2416 mundi
868 2383 1006 2416 dierum
1038 2382 1190 2428 opificiis
1222 2393 1370 2427 magnus
1401 2383 1606 2416 Anastasius
1646 2383 1711 2417 ille

272 2425 476 2470 complexus
507 2431 571 2459 est.

367 2471 555 2506 Caeterum
589 2479 733 2517 praeter
768 2476 851 2509 illos
878 2487 1022 2522 quoque
1049 2476 1110 2521 qui
1135 2476 1430 2508 resurrectionem
1454 2476 1611 2509 futuram
1636 2487 1711 2510 nou

272 2518 425 2552 credunt
456 2519 514 2552 vel
544 2521 664 2564 potius
699 2533 775 2554 eam
798 2523 968 2566 irrident,
1000 2527 1040 2556 ut
1062 2523 1210 2555 eximius
1244 2522 1309 2554 ille
1340 2528 1464 2555 noster
1489 2522 1711 2568 Epiphanius

273 2566 342 2603 ait,
367 2565 594 2599 admirabilia
619 2569 794 2611 quaedam
819 2576 855 2604 et
891 2580 982 2604 nova
1009 2570 1094 2603 deus
1122 2569 1175 2602 uti
1205 2569 1333 2602 fierent
1361 2570 1511 2602 consilio
1539 2567 1712 2615 singulari

273 2612 440 2645 instituit.
466 2612 638 2657 phascusa
661 2614 736 2648 dies
766 2616 825 2648 XL
859 2622 999 2651 mortua
1032 2616 1217 2649 reviviscit.
1243 2627 1365 2661 myops
1391 2616 1463 2649 sive
1489 2617 1640 2650 tabanus
1662 2616 1711 2650 Vl

272 2663 367 2690 totos
400 2670 539 2693 menses
575 2666 732 2694 mortuus
769 2663 879 2696 vitam
925 2668 1118 2708 recuperat.
1154 2662 1311 2708 phoenix
1344 2663 1417 2696 avis
1449 2669 1502 2696 est
1536 2663 1710 2704 Arabica,

274 2715 365 2747 quae
391 2711 427 2739 ot
451 2708 603 2751 unigena
644 2714 679 2741 et
704 2711 875 2754 comparis
904 2723 1028 2755 expers
1058 2711 1170 2744 fertur
1193 2710 1231 2743 in
1257 2710 1437 2744 creatione
1458 2721 1574 2744 rerum
1600 2711 1710 2745 exsti-
