1826 3120
594 117 878 161 ANNALmM
916 118 1054 162 PARS
1070 123 1145 162 w.
1461 101 1572 159 555

123 214 313 279 'noiomo
334 215 358 257 ὃ
388 216 546 272 ἐχθρὸς
578 220 622 262 ἐν
646 223 703 278 τῷ
734 220 836 278 ἁγίῳ
865 235 942 264 σου
979 223 1053 264 καὶ
1075 221 1407 278 ἕνεκαῡχήσαντο
1435 222 1476 265 οῖ
1503 237 1576 276 μι-

117 282 298 331 σοῦντές
324 297 371 325 σε
401 285 446 325 ὲν
468 285 582 343 μέσῳ
621 288 698 340 τῆς
729 282 875 342 ἑορτῆς
900 301 994 330 σου.
1063 289 1133 329 δεῖ
1157 283 1231 330 οὖν
1267 304 1341 342 σε,
1369 290 1577 342 δέσποτα,

129 348 197 390 ἐπ’
223 343 332 390 ἄλλα
369 347 394 389 ι’
424 347 494 405 ἔτη
534 357 702 406 κρατεῖν
733 355 807 408 τῆς
831 355 1088 407 βασιλείας.”
1154 351 1181 395 ὃ
1203 353 1254 410 δή
1285 354 1360 398 καί
1383 357 1708 410 stromat-Pam·

130 415 318 458 ἀπέθανε
357 413 437 472 γὰρ
481 415 588 470 μετὰ
630 419 730 460 δέκα
774 419 980 474 χρόνους,
1022 427 1110 463 κατ’
1145 420 1281 476 αὐτήν
1315 420 1390 477 τήν
1415 421 1578 478 ἡμέραν

84 480 229 523 sana-‘³’
260 479 312 537 ἢν
338 483 412 525 καί
447 483 620 538 ἐπλήγη.
687 485 714 540 ἢ
741 487 888 538 μέντοι
919 489 995 528 τοῦ
1028 489 1212 538 Λέοντος
1234 487 1337 544 γὐνὴ
1370 486 1575 545 Θεοφανώ

125 545 185 603 μή
217 548 539 604 ζηλοτυπήσασα
567 547 634 593 ὅτι
663 557 840 605 γυναῖκα
870 549 1019 609 ἑτέραν
1046 553 1070 595 ὅ
1087 557 1214 597 Λέων
1240 551 1411 609 ἠγάγετο
1418 587 1431 608 ,
1464 558 1578 597 θαυ-

125 612 367 668 ματουργὸς
396 612 924 669 ὕστερονοῖναδεύινυται.
993 617 1168 675 ἠγάγετο
1200 621 1247 663 δὲ
1271 619 1348 675 τήν
1375 619 1578 676 τετάρτην

120 685 303 734 γυναῖκα
332 680 459 737 Ζωῆν
496 681 573 737 τήν
601 684 949 740 Καρβωνοψίαν,
990 683 1082 741 ἥτις
1108 689 1209 741 ἐβίω
1240 686 1393 741 χρόνον
1420 686 1577 741 συχνὸν

121 748 219 800 ’μετ’
245 746 382 789 αΰτοῦ
420 747 618 805 ἅστεφής.
685 750 768 792 ἀπὸ
814 753 917 805 γοῦν
947 750 1101 808 ταύτης
1142 754 1297 809 ἐτέχθη
1323 755 1384 812 ’τῷ
1409 757 1580 807 βασιλεῖ

58 813 295 855 ‚nonanoeane
324 808 470 869 ἄρρεν.
543 810 672 871 οὗπερ
724 819 768 860 ἐν
793 820 844 876 τῇ
871 817 1060 874 γεννήσει
1088 819 1273 875 κομήτης
1303 819 1438 877 ἐφάνη
1459 853 1471 874 ,
1501 819 1578 870 τὰς

120 878 297 930 ἀκτῖνας
339 881 411 922 (ἔπ’
438 883 646 936 α’νατολῆς
675 882 820 939 α’φιείς
852 887 926 926 καί
950 884 1126 938 λάμπων
1165 882 1291 940 ἄχρις
1321 887 1490 942 ἡμερῶν
1515 886 1573 940 μ’.

121 947 353 1000 τηνικαῦτα
380 948 426 990 δὲ
458 947 533 990 καὶ
572 950 700 992 Λέων
738 951 971 1005 εὐλογεῖται
999 950 1110 1005 μετὰ
1139 955 1264 1007 Ζωῆς
1294 952 1409 1009 παρὰ
1440 955 1614 1007 ΘωμᾶΒ

119 1013 200 1054 τοῦ
226 1015 512 1068 πρεσβιτέρου
541 1012 680 1069 τινός,
729 1013 776 1066 ὃς
804 1015 854 1072 δή
885 1017 959 1060 καὶ
998 1020 1247 1073 καθαιρέσει
1275 1017 1494 1062 ὑπέπεσεν.
1551 1019 1575 1061 ὅ
1628 1029 1636 1037 “

122 1079 173 1121 δὲ
198 1081 419 1134 πατρίκιος
447 1083 654 1135 Σαμωνᾶς
679 1084 923 1139 προεβλήθη
949 1085 1347 1141 παρακοιμαίμενος,
1377 1086 1577 1141 συνεργὸς

56 1144 111 1185 15
126 1139 189 1187 ὢν
215 1147 406 1196 Λέοντος
445 1149 506 1197 εἰς
535 1150 677 1191 πᾶσαν
708 1152 868 1192 κακίαν,
936 1153 1009 1193 καί
1035 1148 1164 1194 αὐτὸν
1193 1154 1238 1194 δὲ
1265 1152 1337 1195 τὸν
1364 1152 1575 1209 πατριάρ-

119 1226 203 1267 χην
229 1213 443 1266 οἰκονομεῖ
467 1214 750 1269 ἐξορισθῆναι,
780 1213 853 1258 ὅτε
880 1218 953 1270 τῆς
982 1219 1450 1272 ἑκκλησιάς,ὲπιβαι’νειν
1475 1223 1577 1274 παρ’

123 1279 256 1320 aufto&
290 1279 568 1333 κωλυόμενος.
635 1281 835 1336 α’νιέγεται
866 1284 913 1324 δὲ
941 1282 1028 1325 ἄντ’
1059 1284 1193 1326 αὐτοῦ
1222 1283 1440 1337 Εὕθύμιος
1465 1283 1573 1340 α’νὴρ

119 1346 386 1398 θαυμαστός.
445 1346 470 1387 ὅ
515 1349 661 1400 μέντοι
688 1348 891 1402 βασιλεύς
919 1348 1052 1392 πολλοὶ
1082 1350 1326 1400 σπουδάσας
1353 1349 1482 1404 νόμον
1508 1365 1576 1392 τε-

120 1413 252 1467 θῆναι
283 1408 388 1455 ὥστε
420 1411 495 1454 τὸν
522 1410 656 1468 ἄνδρα
683 1418 828 1470 τρίτην
872 1414 1101 1470 λαμβάνειν
1124 1412 1154 1472 ἢ
1179 1416 1252 1458 καί
1281 1416 1476 1472 τετάρτην
1496 1433 1572 1471 γυ·-

55 1484 243 1521 novatam
294 1477 342 1520 τὸ
373 1478 715 1533 σπουδαζόμενον
756 1480 910 1525 οἷνύσαι
947 1485 1024 1524 ov'u
1064 1482 1242 1537 ἴσχυσε,
1282 1485 1356 1525 τοῦ
1382 1483 1569 1526 τοιούτου

223 1597 275 1631 15.
289 1596 318 1630 F
334 1597 574 1644 patriarcham
596 1599 759 1646 appellat
786 1600 986 1634 Nicolaum.

119 1711 234 1746 multa
259 1711 372 1746 hostis
398 1712 561 1758 improbe
599 1713 798 1759 designavit
838 1716 877 1748 in
918 1720 1080 1749 sanctum
1113 1721 1224 1749 tuum.
1252 1717 1314 1761 qui
1340 1722 1376 1750 te
1395 1715 1568 1757 oderunt,

118 1760 260 1805 inipso
298 1759 365 1793 tibi
401 1760 492 1793 sesto
527 1761 770 1796 insultatum!
810 1768 1050 1807 quapropter,
1080 1764 1298 1806 imperator,
1339 1764 1417 1796 aliis
1450 1764 1569 1797 adhuc

120 1806 245 1840 decem
266 1807 369 1840 annis
394 1807 545 1852 imperio
570 1814 606 1840 te
633 1809 740 1853 potiri
769 1811 946 1854 oportet.¹'
971 1809 1041 1842 hoc
1063 1811 1274 1844 vaticinium
1305 1812 1423 1843 exitus
1447 1822 1569 1844 verum

118 1854 385 1899 comprobavit:
421 1866 501 1887 nam
527 1861 610 1900 post
643 1855 765 1888 decem
799 1867 912 1889 annos
948 1867 990 1889 eo
1025 1857 1102 1901 ipso
1137 1862 1299 1890 mortuus
1334 1863 1389 1890 est
1412 1857 1471 1890 die
1495 1870 1569 1903 quo

117 1902 257 1947 plagam
303 1901 396 1934 hanc
426 1902 580 1947 accepit.
633 1902 763 1936 Leonis
800 1903 906 1936 huius
943 1914 1032 1936 uxor
1065 1904 1312 1950 Theophano‚
1358 1916 1436 1937 cum
1478 1907 1569 1939 citra

117 1949 398 1984 aemulationem
444 1961 612 1994 perpessa
651 1950 780 1984 fuisset
815 1956 855 1984 ut
891 1950 1039 1984 alteram
1078 1952 1142 1984 ille
1174 1953 1360 1996 coniugem
1398 1952 1569 1994 duceret,

118 1997 290 2041 deinceps
316 2003 506 2030 consecuta
532 2002 639 2030 estut
663 1997 779 2042 palam
802 1998 966 2045 prodigia
982 1998 1156 2043 quaedam
1182 1999 1316 2032 ederet.
1343 2011 1461 2045 neque
1487 2006 1570 2034 tan-

117 2049 193 2080 tum
221 2043 285 2077 has
312 2055 441 2077 uxores
477 2044 604 2077 habuit
631 2045 726 2086 Leo,
768 2045 830 2078 sed
856 2047 964 2078 etiam
990 2046 1084 2079 Zoen
1102 2044 1392 2091 'Carbouopsiam
1418 2059 1567 2080 numero

116 2097 279 2136 quartam
302 2090 427 2134 ‹luxit;
452 2103 546 2136 quae
571 2092 648 2124 sine
674 2093 853 2137 augustali
879 2104 1011 2125 corona
1039 2094 1125 2127 satis
1154 2094 1261 2138 longo
1286 2095 1458 2139 temporis
1484 2106 1566 2139 spa-

116 2140 170 2173 tio
194 2150 274 2173 cum
298 2149 342 2171 eo
366 2139 466 2173 vixit.
495 2138 639 2172 tandem
668 2150 711 2172 ex
753 2151 794 2172 ea
818 2145 923 2173 natus
965 2145 1019 2173 est
1045 2141 1251 2186 imperatori
1277 2142 1389 2182 filius,
1409 2142 1447 2175 in
1466 2143 1567 2175 cuius

116 2192 198 2220 ortu
223 2191 381 2219 cometes
420 2192 631 2231 conspectus
660 2192 734 2228 est,
768 2188 832 2232 qui
859 2187 978 2220 radios
1007 2199 1090 2221 suos
1114 2190 1288 2222 orientem
1311 2201 1431 2222 versus
1453 2190 1567 2234 proii-

116 2234 239 2267 ciebat
263 2239 301 2266 et
328 2232 374 2265 ad
398 2234 707 2279 quadragesimum
726 2234 823 2267 diem
846 2246 960 2279 usque
986 2235 1140 2269 lucebat.
1166 2236 1234 2268 hoc
1259 2236 1335 2269 filio
1361 2242 1446 2270 nato
1465 2236 1566 2269 Tho-

115 2292 190 2315 mas
217 2279 364 2326 quidam
398 2292 547 2314 munere
575 2282 726 2315 senioris
756 2282 907 2326 fungens
935 2282 1047 2316 Leoni
1081 2289 1118 2316 et
1144 2284 1233 2316 Zone
1259 2284 1377 2317 fausta
1399 2289 1565 2328 precatus

116 2333 173 2362 est
208 2334 381 2373 tanquam
419 2327 641 2373 coniugibus.
679 2334 787 2374 atque
830 2329 861 2362 is
896 2330 1017 2363 senior
1048 2329 1128 2363 loco
1164 2337 1361 2367 summotus
1395 2330 1566 2374 deinceps

115 2375 195 2409 suit.
223 2374 308 2408 hinc
321 2376 491 2408 Samonas
517 2376 688 2420 patricius
713 2388 733 2408 a
755 2377 874 2409 Leone
893 2377 1014 2410 officio
1038 2377 1251 2411 cubicularii
1279 2383 1437 2417 ornatur,
1467 2377 1566 2423 quod

116 2422 149 2455 ei
175 2421 222 2456 ad
247 2433 389 2455 omnem
414 2423 679 2467 improbitatem
701 2424 950 2468 opitularetur.
974 2425 1004 2458 is
1017 2431 1159 2470 praeter
1185 2426 1256 2458 alia
1281 2426 1437 2458 facinora
1464 2436 1566 2457 cura-

115 2469 169 2503 vit
193 2475 234 2506 ut
255 2470 459 2514 patriarcha
489 2471 606 2503 solum
636 2477 777 2504 vertere
808 2478 1014 2515 cogeretur,
1040 2484 1146 2517 quem
1172 2474 1312 2506 seilicet
1336 2473 1413 2516 ipse
1437 2472 1566 2504 solium

117 2515 188 2549 sibi
222 2517 408 2550 vindicare
440 2518 623 2550 vetuisset.
660 2519 877 2551 substitutus
916 2518 988 2552 suit
1021 2520 1097 2553 eius
1134 2521 1214 2552 loco
1247 2520 1302 2552 vir
1334 2518 1565 2553 admirandus

117 2562 338 2607 Euthymius.
361 2575 513 2609 cumque
535 2565 686 2598 multum
713 2576 844 2610 operae
870 2566 1104 2611 impendisset
1124 2567 1217 2607 Leo,
1243 2578 1313 2611 quo
1340 2566 1499 2600 efficeret
1527 2573 1567 2600 ut

116 2610 177 2644 lex
210 2612 517 2656 promulgaretur,
554 2613 653 2646 cuius
696 2613 867 2656 permissu
911 2614 967 2647 ius
1006 2614 1081 2648 viro
1118 2614 1212 2647 soret
1252 2624 1398 2646 uxorem
1423 2614 1566 2647 tertiam

119 2663 326 2701 quartamve
363 2659 531 2699 ducendi,
556 2671 628 2692 nou
667 2665 788 2693 tamen
811 2660 850 2692 id
875 2662 1047 2706 consequi
1086 2662 1227 2706 potuit,
1253 2659 1351 2705 quod
1375 2666 1565 2706 tantopere

119 2704 308 2750 cupiebat,
346 2705 414 2740 hoc
445 2708 522 2752 ipso
559 2706 757 2752 patriarcha
791 2713 954 2742 conatum
987 2708 1212 2754 imperatoris
1238 2707 1467 2752 impediente.
1495 2719 1565 2754 qua
