1812 3172
153 99 600 109 mmm-
609 101 740 108 ½5.-..-
746 101 1100 109 ω-ῇ--κ-Μνγονμ,
1107 103 1592 115 ,Δ-ἭΜἉ

344 618 953 681 IMMANUELIS
1009 619 1427 683 BEKKERI

634 759 1093 808 PRAEFATIO.

709 907 904 918 o——v———vr
913 907 1023 918 0-—4—4·

143 1017 465 1089 Michaelem
508 1038 723 1106 Glycam
777 1037 869 1105 qui
922 1037 1119 1106 primus
1163 1038 1352 1086 Graece
1407 1039 1593 1097 edidit,

140 1127 411 1196 Philippus
455 1126 685 1176 Labbeus
742 1125 1002 1175 codicibus
1062 1126 1421 1194 manuscriptis
1480 1145 1596 1175 usus

140 1223 213 1259 est
245 1224 306 1259 ut
339 1210 516 1259 multis
547 1223 598 1259 et
633 1209 779 1259 bonis
816 1209 884 1258 ita
929 1209 1186 1276 plerisque
1214 1227 1322 1258 sero
1354 1210 1594 1277 impetra—

142 1292 227 1347 tis,
275 1291 528 1358 siquidem
575 1292 680 1360 ipse
741 1291 1119 1348 „monendum”
1167 1292 1341 1358 inquit
1385 1309 1591 1350 „censeo

135 1374 374 1424 lectorem
410 1387 529 1423 ante
562 1375 762 1441 aliquot
791 1392 952 1422 annos
984 1392 1066 1421 me
1098 1373 1375 1423 editionem
1409 1374 1590 1423 Graeci

138 1467 303 1506 textus
344 1474 405 1504 ex
448 1456 649 1505 duobus
694 1457 1035 1504 bibliothecae
1077 1469 1276 1505 nostrae
1309 1457 1589 1506 manuscri-

136 1539 238 1606 ptis
265 1537 527 1587 codicibus
559 1537 754 1588 mutilis
788 1550 942 1605 atque
992 1538 1298 1607 imperfectis
1332 1551 1590 1588 maturare

135 1633 369 1678 coactum
413 1621 584 1680 fuisse,
632 1620 957 1687 eundemque
1012 1635 1178 1689 postea
1227 1622 1496 1671 contulisse
1531 1639 1590 1671 ac

134 1704 440 1772 supplevisse
474 1705 661 1772 partim
698 1721 757 1751 ex
796 1705 1144 1771 manuscripto
1187 1704 1358 1752 codice
1394 1704 1591 1753 charta-

135 1804 225 1835 ceo
256 1786 478 1854 optimae
515 1798 682 1842 notae,
730 1804 757 1833 a
794 1786 1058 1833 celsissima
1093 1786 1326 1854 principe
1362 1786 1589 1835 Iohanna

134 1868 410 1938 Baptistide
441 1868 718 1926 Boi-homa,
754 1868 976 1934 generali
1023 1867 1218 1916 ordinis
1251 1868 1591 1917 Fontisebral-

135 1951 300 2000 densis
333 1951 583 2005 antistita,
619 1968 680 1999 ex
726 1949 1116 2017 locupletissima
1151 1949 1587 1999 archimonasterii

131 2034 210 2089 sui
231 2033 539 2090 bibliotheca
558 2031 862 2101 deprompto
896 2043 1050 2099 atque
1073 2031 1435 2080 humanissime
1469 2033 1587 2081 sub-

134 2116 435 2174 ministrato,
473 2115 660 2184 partim
693 2133 752 2162 ex
775 2114 926 2163 variis
955 2114 1200 2181 excerptis
1226 2113 1289 2163 ad
1310 2133 1389 2162 me
1426 2127 1583 2165 trans-

133 2199 291 2248 missis
323 2216 441 2248 cum
478 2201 634 2246 Roma
673 2215 698 2245 a
734 2199 796 2246 V.
834 2198 884 2245 C.
927 2198 1060 2246 Luca
1095 2198 1377 2254 lIolstenio‚
1413 2198 1584 2247 erudi-

134 2282 272 2346 tione
306 2281 446 2329 omni
482 2293 636 2347 atque
653 2280 975 2329 humanitate
1006 2280 1281 2347 perpolito,
1318 2299 1377 2328 ex
1412 2281 1583 2330 codice

131 2363 468 2413 Vallicellano
504 2366 601 2415 RR.
637 2366 729 2412 PP.
765 2362 1168 2428 congregationis
1198 2364 1443 2421 Oratorii,
1473 2376 1582 2412 tum

130 2450 357 2512 Augusta
398 2444 791 2494 vindelicorum
841 2462 869 2492 a
912 2446 966 2492 R.
1014 2446 1064 2492 P.
1109 2445 1313 2493 Simone
1357 2447 1581 2512 WVagne-

131 2529 328 2586 reckio‚
361 2528 609 2577 societatis
643 2540 841 2577 nostrae
874 2526 1106 2594 theologo
1128 2531 1196 2589 τῷ
1215 2524 1487 2592 μακαρίτῃ,
1522 2546 1582 2578 ex

131 2610 456 2660 bibliothecis
490 2610 724 2658 Bavarica
769 2623 922 2677 atque
967 2610 1191 2659 eiusdem
1225 2610 1582 2658 celeberrimae

133 2693 206 2743 rei
242 2693 480 2763 publicae
525 2693 889 2760 Augustanae.’'
946 2711 1051 2743 non
1099 2694 1268 2762 potuit
1312 2693 1470 2761 igitur
1501 2693 1580 2744 vir
