1826 3120
678 149 1021 190 PROOEMIUM.
1509 146 1584 188 XV

137 273 185 300 ex
223 258 284 299 his
311 255 471 297 abunde
516 255 595 293 iam
627 253 784 307 liquere
822 250 992 305 Glycam
1039 254 1228 290 nostrum
1260 246 1430 302 ‘quosvis
1457 246 1585 301 ‘apud

139 339 326 367 censores
354 322 472 363 facile
499 321 666 375 dignum
687 333 728 359 se
757 318 1036 372 probaturum
1068 316 1140 371 qui
1165 316 1394 356 Romanam
1416 314 1465 354 in¹
1481 314 1585 355 civi-

140 399 265 433 tatem
311 390 564 431 admittatur.
612 393 798 427 ceterum
836 390 882 425 ut
907 385 1061 438 partim
1102 397 1183 423 non
1215 389 1343 423 essent
1372 382 1449 437 qui
1474 382 1586 423 forte

141 474 204 500 res
233 460 283 498 ab
312 456 574 512 sequentibus
602 452 823 501 Iohannem
850 451 1107 505 principibus
1133 455 1262 505 gestas
1289 445 1583 497 desiderarent,

138 525 293 580 partim
321 530 368 563 ut
394 523 478 576 ipse
497 521 642 576 Glycas
670 533 719 561 eo
744 518 1017 560 confidentius
1046 518 1089 556 in
1117 516 1333 557 hominum
1352 517 1480 558 oculis
1508 516 1588 557 hac

139 592 261 632 etiam
303 587 659 630 commendatione
697 587 827 627 fretus
871 590 1112 640 appareret,
1158 584 1336 626 adiicere
1379 584 1587 640 quoddam

138 658 253 699 velut
280 652 500 711 ἒπιζιιετρον
528 654 576 695 de
607 659 748 695 nostro
777 652 1005 704 voluimus,
1047 666 1132 707 quo
1162 665 1301 692 census
1323 651 1409 692 eius
1435 653 1588 692 nonni..

137 725 198 765 hil
227 729 459 779 augeretur.
503 721 553 763 de
592 720 824 762 certissimis
866 719 976 761 enim
1012 718 1307 773 scriptoribus,
1349 719 1393 759 in
1440 719 1588 774 quibus

138 793 276 832 locum
302 789 421 830 facile
447 788 678 844 principem
705 787 895 828 obtinent
922 785 1141 826 Choniatas
1153 785 1439 837 Acuminatus,
1467 786 1589 826 Nice..

138 856 295 912 phoras
311 858 516 911 Gregoras
532 887 543 907 ,
577 855 781 896 Laonicus
795 853 1062 904 Atheniensis,
1081 852 1346 908 Byzantinam
1361 851 1591 905 historiam,

139 925 255 964 filum
301 922 422 979 ipsius
452 923 603 979 Glycae
631 922 786 972 secuti,
827 920 879 961 ad
907 920 991 961 eius
1023 919 1139 974 regni
1165 933 1244 974 per
1271 919 1432 958 Turcos
1459 920 1591 960 eversi

141 993 266 1032 finem
285 990 577 1041 contexuimm,
603 995 649 1029 ut
678 988 793 1045 quod
813 989 985 1043 sparsim
1005 986 1200 1027 hactenus
1225 991 1267 1026 et
1294 1000 1340 1026 ex
1359 986 1481 1026 variis
1514 1001 1588 1041 pe..

137 1057 307 1099 tendum
338 1065 454 1110 erat,
502 1072 583 1097 uno
612 1058 692 1096 iam
722 1056 829 1096 libro
860 1053 1077 1095 commode
1109 1053 1283 1094 lectores
1312 1052 1587 1107 comprehen-

138 1135 227 1167 sum
255 1125 498 1166 invenirent.
528 1124 639 1178 apud
665 1129 708 1163 te
736 1137 835 1164 vero
854 1152 865 1173 ,
895 1121 1098 1171 Domine,
1127 1135 1283 1160 novum
1309 1119 1422 1159 hunc
1456 1121 1590 1161 civem

137 1194 370 1249 Romanum
405 1193 454 1231 ab
484 1192 601 1231 initio
629 1191 772 1231 sistere
802 1189 939 1239 volui,
984 1187 1095 1243 quod
1123 1187 1311 1226 futurum
1337 1187 1459 1241 plane
1487 1187 1590 1227 mihi

136 1258 448 1311 persuaderem,
478 1263 524 1297 ut
548 1258 580 1298 si
610 1257 712 1310 tibi,
743 1256 903 1297 censori
932 1255 1061 1309 polito
1100 1259 1141 1294 et
1169 1254 1444 1309 incorrupto,
1484 1269 1588 1309 pro-

135 1326 326 1377 baretur,
355 1340 404 1365 eo
433 1325 587 1364 facilius
612 1324 789 1364 aliorum
806 1322 882 1363 sibi
909 1323 1083 1376 gratiam
1113 1327 1237 1375 atque
1259 1320 1589 1361 benevolentiam

138 1392 389 1432 conciliaret.
429 1397 647 1444 praeterea
677 1391 768 1430 iure
808 1388 988 1444 quodam
1020 1393 1096 1428 tuo
1126 1388 1202 1428 tibi
1228 1402 1271 1428 se
1300 1388 1446 1439 offert,
1475 1387 1589 1443 quod

136 1458 313 1498 hominis
345 1472 472 1511 opera
517 1456 697 1511 degentis
727 1458 769 1495 in
810 1462 882 1495 tua
910 1455 1062 1494 familia
1087 1460 1241 1495 vestem
1264 1455 1493 1495 Romanam
1522 1455 1588 1494 in-

137 1524 289 1566 (luerit.
321 1522 498 1579 denique
523 1524 798 1574 sambucum,
828 1522 901 1576 qui
927 1522 1120 1576 princeps
1148 1521 1190 1560 in
1216 1535 1311 1562 eum
1341 1521 1588 1562 heneficium

134 1590 216 1632 hoc
232 1591 330 1631 lucis
344 1590 548 1630 liberioris
565 1589 758 1638 contulit,
777 1590 819 1627 in
839 1603 883 1628 os
902 1588 1070 1628 laudare
1091 1602 1194 1642 prae
1221 1587 1477 1629 verecundia
1501 1602 1584 1628 non

137 1672 271 1698 ausus·
308 1657 418 1711 apud
445 1663 486 1697 te
515 1658 650 1697 virum
680 1656 894 1711 praeclare
923 1654 973 1695 de
1003 1655 1149 1696 litteris
1170 1656 1366 1695 meritum
1384 1662 1426 1695 et
1454 1654 1587 1694 adhuc

137 1723 309 1764 cottidie
335 1728 564 1763 merentem
579 1722 821 1776 praedicare
852 1721 996 1773 voluit,
1028 1737 1151 1776 quem
1176 1722 1299 1762 sciret
1327 1721 1586 1762 eruditorum

135 1788 276 1830 studiis
305 1788 356 1829 ad
381 1790 442 1829 rei
470 1788 653 1842 publicae
682 1788 898 1829 commoda
923 1789 1200 1842 spectantibus
1231 1803 1355 1843 quam
1381 1788 1584 1830 honestis-

135 1858 234 1897 sime
263 1870 426 1910 cupere.
458 1854 551 1897 dixi.

531 2015 808 2059 GLYCAS
846 2015 1193 2060 SAMBUCQ

251 2131 341 2170 Non
371 2131 637 2185 proditurum
667 2148 732 2173 mc
759 2133 960 2174 sambuce
989 2134 1175 2187 sperabas

245 2197 405 2249 solum,
438 2205 534 2253 toga
567 2214 705 2240 recens
737 2201 930 2240 amictum
952 2201 1135 2240 Romana
1157 2230 1167 2250 ‚

247 2264 318 2318 qui
347 2265 532 2318 palliatus
563 2281 682 2307 more
712 2266 883 2307 antehac
912 2281 1021 2308 eram
1054 2268 1195 2307 Graio.

250 2331 486 2372 comitarier
514 2348 578 2374 me
608 2333 804 2373 nimirum
838 2335 1137 2388 imperatorum

246 2396 410 2439 Themis
438 2413 628 2440 meorum
658 2407 699 2441 et
727 2400 853 2440 dulcis
886 2400 952 2442 ille
977 2400 1177 2450 debebat,

246 2479 404 2505 mecum
434 2467 657 2518 Manasses,
690 2467 763 2523 qui
797 2466 959 2508 delituit
990 2467 1157 2507 invitus.

246 2530 314 2571 scd
346 2533 550 2587 surripuit
579 2535 688 2575 illam
719 2535 893 2589 ungulae
920 2534 1103 2576 leoninae

247 2599 522 2654 nequiterque
547 2601 735 2657 clamque
764 2601 909 2657 clepsit
937 2608 978 2643 et
1002 2601 1157 2656 fugiens
1187 2614 1321 2640 secum

246 2664 411 2718 quidam
445 2667 632 2718 abstulit,
663 2669 843 2724 Phrygia
872 2668 922 2709 de
965 2675 1083 2723 gente
1113 2668 1179 2707 cui
1210 2681 1379 2715 nomen,

244 2745 466 2786 numquam
493 2734 572 2776 hoc
601 2742 746 2790 aperto
777 2736 850 2791 pol
873 2735 1054 2776 Gradivo
1087 2736 1278 2776 facturus.
