1826 3120
275 165 288 198 ι
306 145 380 200 86
707 156 996 204 MicuAEms
1039 164 1254 205 GLYCAE

265 268 337 315 ξου
381 267 465 307 τῶν
511 266 705 317 πατέρων
746 261 1014 319 φρονήματος
1041 263 1186 319 πόρρω
1219 281 1299 307 που
1345 273 1547 312 πίπτοντα
1576 271 1714 318 ταῦτα

266 334 504 386 διέγνωμεν.
575 328 633 384 μή
675 330 815 371 τοίνυν
854 333 899 372 ἐν
937 329 1179 388 παραδείσῳ
1217 334 1374 386 βρῶσιν
1396 330 1505 378 εἶναι
1534 334 1714 393 ῥευστὴν

265 395 559 450 ὑπολάμβανε,
605 397 712 451 μηδὲ
741 399 886 452 ξηραῖς
917 393 1028 438 οὕτω
1059 401 1151 445 ταῖς
1178 404 1407 453 γραφικαῖς
1433 399 1616 456 πρόσεχε
1646 403 1716 445 λέ-

152 474 194 508 V.
211 475 254 518 7⁶
269 465 392 516 ξεσιν,
424 461 506 516 εἴγε
536 463 610 503 καί
635 464 795 515 μᾶλλον
823 463 944 515 ἕτερα
978 463 1031 503 δι’
1059 460 1213 518 ἐτέρων
1240 463 1268 518 ἦ
1298 461 1398 519 ἁγία
1426 467 1622 519 πολλάκις
1650 468 1716 510 δι’-

222 526 413 572 Βδάσκει
440 527 602 584 γραφή.
674 527 818 569 ὁποῖον
845 527 897 583 δὴ
932 530 1006 570 καί
1039 526 1084 570 τό
1127 527 1312 581 ,,ἔπλασε
1342 529 1416 574 τὸν
1444 527 1669 589 ἄνθρωπον
1693 533 1753 582 65

264 594 367 642 θεὸς
412 596 516 647 χοῦν
543 593 685 648 λαβών
712 593 794 636 α’πὸ
825 597 899 650 τῆς
928 596 1045 649 γῆς,”
1087 597 1161 636 καί
1185 594 1233 637 τό
1266 596 1552 653 ,ἐνεφύσησεν
1577 599 1638 648 εἰς
1668 599 1716 643 τὸ

265 658 489 714 πρόσωπον
536 661 668 702 αὐτοῦ
713 659 843 716 πνοὴν
889 662 1047 716 ζωιῖς,”
1085 660 1155 703 καὶ
1193 659 1238 703 τό
1264 662 1540 718 »περιεπάτει
1566 663 1591 706 ὅ
1619 663 1719 716 θεὸς

265 728 310 768 ἐν
336 729 391 783 τῷ
418 728 660 784 παραδείσῳ
686 725 790 768 κατὰ
818 725 861 769 τὸ
882 725 1089 770 δειλινόν.”
1110 768 1115 771 ,
1146 731 1283 770 ταῦτα
1312 731 1391 782 μὲν
1415 728 1497 786 γὰρ
1529 729 1718 775 α’νοίκεια

265 794 323 848 τῷ
347 791 558 850 ἀσωμάτῳ
587 791 750 842 πάντως
777 796 863 850 θεῷ
878 809 888 821 ·
919 795 1032 847 λέγει
1064 795 1110 836 δὲ
1136 790 1251 847 ὅμως
1278 794 1300 850 ἧ
1331 792 1431 850 ἁγία
1454 798 1586 839 ταῦτα
1611 812 1717 852 ypa-
1754 827 1755 831 =

267 856 327 914 φὴ
357 863 449 907 ταῖς
493 858 614 913 ἡμῶν
638 858 897 908 ἅσθενείαις
926 862 1329 914 συγκαταβαίνουσα.
1386 863 1460 904 καί
1485 859 1567 919 γὰρ
1596 863 1636 905 εἰ
1656 861 1716 917 μὴ
1736 877 1782 904 ιο

264 925 387 966 τοῦτο
412 924 624 978 δώσομεν,
652 923 784 966 πολλά
815 925 916 980 ἡμῖν
945 926 1278 982 ἐπακολουθήσει
1297 924 1349 969 τὰ
1375 923 1526 971 ἄτοπα.
1579 926 1717 983 στόμα

265 990 346 1045 γὰρ
378 991 496 1047 αύτῷ
524 989 810 1047 περιθήσομεν
837 991 986 1047 χεῖράς
1013 1008 1058 1034 τε
1085 991 1159 1034 καί
1185 991 1339 1046 πόδας,
1368 997 1442 1036 καί
1468 990 1548 1037 ὅσα
1575 996 1720 1041 ποιαί-

265 1072 345 1098 τα·
377 1057 450 1098 καί
476 1056 555 1111 γὰρ
586 1058 625 1098 εἰ
652 1055 711 1112 μή
742 1063 891 1112 χεῖρας
923 1053 1036 1112 εἶχε,
1067 1060 1155 1108 πῶς
1183 1058 1337 1101 ἔπλασε
1364 1058 1437 1102 τὸν
1464 1054 1718 1117 ἅνθρωπον,·

265 1124 306 1164 εἰ
336 1122 396 1176 μὴ
424 1121 561 1175 στόμα
591 1119 703 1177 εἶχε,
732 1126 820 1172 πῶς
847 1124 1104 1180 ἐνεφύσησεν
1146 1127 1205 1175 εἰς
1233 1124 1278 1166 τὸ
1307 1124 1528 1181 πρόσωπον
1557 1127 1718 1179 ati-tofi,-

265 1190 304 1230 εἰ
330 1186 390 1242 μὴ
412 1186 546 1238 πόδας
571 1185 682 1242 εἶχε,
704 1191 792 1239 πῶς
818 1189 843 1244 ἦ
868 1189 1011 1246 γραφὴ
1031 1193 1139 1245 λέγει
1167 1196 1408 1246 περιπατεῖν
1435 1190 1563 1235 αὐτὸν
1589 1193 1635 1235 ἐν
1663 1195 1720 1250 τῷ
1736 1191 1782 1235 15

159 1266 193 1300 Ρ,
209 1267 253 1310 98
267 1255 507 1312 παραδείσῳ
529 1252 633 1297 κατοὶ
661 1254 706 1298 τὸ
737 1253 912 1298 δειλινόν
922 1274 936 1309 ,-
963 1257 1055 1298 ἀλλ’
1082 1258 1156 1298 οὐκ
1184 1255 1274 1299 ἔστι
1304 1260 1452 1311 τοῦτο,
1484 1258 1558 1301 οὐκ
1586 1257 1718 1301 ἔστιν·

263 1318 430 1376 ἔφθασε
454 1319 533 1376 γάρ
563 1320 584 1362 ὅ
605 1323 688 1363 τῶν
720 1321 850 1375 ἁγίων
867 1324 1060 1377 πατέρων
1077 1322 1205 1378 χορὸς
1233 1324 1426 1366 ἐπελθεῖν
1453 1322 1506 1366 τὰ
1539 1325 1717 1367 τοιαῦτα

262 1390 361 1428 θεῖα
393 1385 500 1443 ῥητά
521 1418 532 1440 ,
565 1387 638 1429 καί
665 1387 834 1439 διδάξαι
881 1388 991 1443 ἡμᾶς
1022 1386 1135 1439 ὅπως
1162 1390 1439 1442 ἐκλαμβάνειν
1467 1387 1577 1433 αὖτοὶ
1604 1389 1716 1446 χρή,

262 1452 336 1494 καί
358 1452 417 1508 μὴ
446 1455 502 1509 τῷ
533 1455 667 1510 οἰκείῳ
695 1453 902 1509 θελήματι
931 1457 1305 1510 παρασυρομένους
1335 1453 1548 1498 ἁ’λλεσθαι’
1570 1473 1616 1499 τε
1643 1473 1719 1499 κοι-

263 1518 315 1560 τοὲ
352 1521 548 1574 κρημνῶν
575 1519 649 1561 καί
674 1522 748 1574 τῆς
779 1517 953 1569 εὐθείας
981 1519 1127 1575 πόρρω
1158 1536 1239 1562 που
1273 1523 1495 1576 φέρεσθαι.
1729 1541 1781 1567 20

378 1581 502 1626 Οὕτω
538 1586 617 1635 μὲν
658 1580 732 1627 οὖν
761 1585 834 1627 καί
860 1589 959 1640 περί
984 1589 1061 1627 τοῦ
1090 1588 1229 1642 φυτοῦ
1259 1589 1440 1641 ἐκείνου,
1487 1589 1561 1631 τοῦ
1590 1585 1716 1640 ξύλου

266 1648 457 1705 δηλονότι
498 1652 572 1706 τῆς
610 1650 826 1706 γνώσεως,
869 1654 1142 1694 διανοεῖσθαί
1165 1668 1211 1695 σε
1239 1648 1380 1708 ἄξιον,
1410 1652 1495 1708 εἴγε
1519 1656 1595 1696 καί
1621 1654 1716 1697 δια-

265 1859 285 1881 a
310 1847 417 1880 nobis
447 1847 541 1881 inter
567 1847 709 1881 fabulas
734 1848 929 1882 retulimus.
956 1849 1188 1894 quamobrem
1215 1849 1331 1883 istuc?
1360 1849 1456 1894 quod
1481 1861 1501 1883 a
1528 1855 1625 1884 recta
1649 1850 1716 1884 do·-

267 1895 402 1927 ctrinae
435 1901 576 1939 patrum
604 1897 783 1929 sententia
810 1897 935 1941 procul
970 1908 1011 1929 ea
1037 1896 1203 1930 recedere
1228 1897 1477 1930 indicaremus.
1503 1908 1613 1942 quare
1639 1898 1718 1931 noli

266 1941 387 1974 cibum
419 1941 458 1974 in
497 1942 661 1986 paradiso
687 1943 820 1975 fluxum
846 1944 1068 1985 existimare,
1103 1955 1170 1976 nec
1195 1944 1334 1989 scriptis
1361 1943 1451 1977 adeo
1478 1944 1612 1978 ieiunis
1637 1946 1716 1977 ani-

265 2000 361 2021 mum
387 1988 543 2029 adverte,
581 1989 723 2033 quando
763 1990 907 2023 litterae
931 2002 1050 2024 sacrae
1088 1991 1227 2035 saepius
1258 1991 1328 2023 alia
1349 2001 1415 2036 per
1435 1991 1506 2023 alia
1530 1990 1716 2025 declarant

266 2041 375 2080 atque
410 2035 551 2068 docent.
578 2037 655 2069 eius
687 2038 826 2081 generis
853 2043 938 2070 sunt
962 2037 1030 2071 hae
1054 2049 1156 2071 voces
1194 2037 1298 2083 (Gen.
1325 2048 1344 2069 2
1373 2038 1408 2084 7)
1433 2038 1624 2079 „formavit
1646 2038 1715 2072 ho-

265 2083 399 2114 minem
428 2082 515 2115 deus
545 2088 684 2127 sumpto
711 2084 755 2116 de
780 2090 874 2118 terra
898 2085 1078 2130 pulvere.''
1113 2085 1198 2118 item
1222 2084 1286 2116 illa
1309 2084 1414 2130 (Gen.
1439 2086 1458 2117 3
1485 2085 1520 2131 8)
1542 2085 1715 2127 „adflavit

264 2130 306 2161 viu
333 2130 458 2161 faciem
490 2130 566 2162 eius
608 2130 771 2174 spiritum
809 2132 986 2165 vitalem.”
1027 2137 1064 2165 et
1094 2131 1181 2164 haec
1211 2130 1482 2172 „inambulabat
1518 2144 1539 2165 a
1562 2132 1713 2170 mer-idle

271 2175 358 2208 deus
374 2176 412 2208 in
437 2175 635 2220 paradis0.'’
660 2190 740 2210 nam
757 2179 867 2217 istaec
884 2190 1027 2224 prorsus
1052 2179 1119 2212 deo
1143 2179 1299 2222 corporis
1325 2180 1462 2223 experti
1485 2190 1559 2213 non
1584 2190 1714 2214 conve-

269 2223 386 2263 niunt,
413 2234 505 2266 quae
533 2229 651 2256 tamen
675 2225 725 2257 ita
750 2226 894 2259 litterae
918 2238 1057 2267 sacrae,
1081 2224 1325 2259 imbecillitati
1348 2232 1490 2259 nostrae
1516 2232 1630 2260 semet
1652 2237 1713 2258 ac-

269 2269 548 2309 commodantes,
575 2271 812 2315 protulerunt.
840 2273 909 2306 nisi
934 2274 1029 2306 enim
1051 2272 1119 2305 hoc
1148 2271 1290 2314 demus,
1313 2272 1468 2306 absurda
1490 2274 1603 2306 multa
1627 2283 1715 2306 cou-

270 2322 478 2361 sequentur.
499 2318 665 2350 nimirum
691 2331 729 2352 os
766 2320 834 2352 deo
860 2319 1060 2354 tribuemus
1089 2325 1125 2353 et
1148 2330 1272 2352 manus
1300 2325 1336 2352 et
1360 2319 1471 2364 pedes
1493 2321 1636 2365 aliaque
1659 2325 1715 2354 ta-

269 2363 329 2397 lia.
355 2375 436 2395 nam
462 2363 490 2395 si
521 2365 684 2398 manibus
712 2368 874 2408 carebat,
905 2368 968 2412 qui
993 2365 1150 2411 fingebat
1176 2366 1382 2399 hominem?
1407 2367 1438 2400 si
1460 2376 1520 2399 ore
1546 2367 1714 2408 carebat,

270 2410 335 2455 qui
360 2409 518 2443 adflabat
556 2411 594 2443 in
615 2412 742 2445 faciem
770 2415 874 2447 eius?
916 2415 945 2447 si
970 2413 1122 2459 pedibus
1163 2413 1324 2453 carebat,
1362 2424 1423 2445 cur
1446 2414 1547 2446 aiunt
1570 2414 1714 2447 litterae

270 2468 391 2490 sacrae
415 2457 452 2490 in
476 2458 639 2502 paradiso
674 2471 753 2492 eum
779 2473 798 2493 a
822 2461 973 2494 meridie
1009 2460 1277 2494 inambulasse?
1303 2466 1340 2493 at
1364 2460 1459 2492 enim
1485 2460 1574 2493 haec
1599 2461 1715 2494 omni-

270 2516 317 2537 no
344 2505 462 2537 locum
490 2515 563 2537 non
593 2505 737 2539 habent.
767 2519 847 2540 nam
883 2519 1062 2541 sacrorum
1085 2507 1147 2540 ille
1171 2513 1311 2552 patrum
1337 2513 1459 2540 coetus
1485 2508 1712 2552 supervenit,

271 2551 333 2595 qui
359 2551 567 2584 huiusmodi
600 2551 694 2585 dicta
720 2561 922 2596 enarraret,
961 2566 1096 2599 nosque
1134 2553 1280 2587 doceret
1309 2565 1380 2598 quo
1419 2554 1484 2586 illa
1508 2561 1612 2599 pacto
1635 2554 1714 2588 sint

271 2598 501 2641 accipienda,
538 2609 583 2631 ne
608 2610 670 2643 pro
708 2600 856 2635 arbitrio
891 2602 1083 2647 lubituque
1108 2606 1229 2634 nostro
1258 2600 1464 2634 oberrantes
1488 2613 1552 2646 per
1575 2601 1712 2646 praeci-

270 2644 362 2688 pitia
388 2645 648 2678 collaberemur
672 2657 711 2678 ac
735 2649 859 2691 procul
884 2662 902 2681 a
926 2650 983 2682 via
1007 2654 1101 2682 recta
1125 2648 1404 2681 deflecteremus.

366 2691 422 2723 Sic
451 2703 531 2736 ergo
559 2692 602 2725 de
628 2692 752 2726 arbore
790 2697 1002 2739 cognitionis
1029 2696 1228 2728 existimare
1265 2700 1300 2727 te
1326 2706 1387 2739 par
1413 2699 1488 2735 est,
1518 2694 1603 2728 licet
1629 2694 1710 2738 opi-

273 2738 421 2772 nionum
448 2738 633 2773 diversitas
658 2740 830 2784 quaedam
870 2742 1014 2775 incidat.
1041 2742 1180 2775 divinus
1201 2741 1343 2786 quidem
1372 2741 1434 2774 ille
1459 2741 1530 2783 vir,
1552 2740 1708 2775 Isidorus
