1826 3120
577 139 863 185 ANNALuJM
905 142 1041 183 PARS
1082 144 1115 183 ι.
1462 144 1478 178 ι
1495 124 1569 197 59

111 240 222 283 καθὰ
251 238 302 296 δὴ
335 240 407 281 καί
434 238 478 282 τὸ
509 241 631 293 σῶμα
660 246 813 295 χωρεῖ’·
855 244 944 292 πῶς
969 242 1044 284 καί
1069 241 1147 298 γὰρ
1177 236 1330 292 &maog
1361 238 1467 297 αὕτη
1498 241 1569 284 καί

111 305 426 361 ἀσχημάτιστος
467 300 602 360 οὖσα,
651 306 707 357 ὥς
735 306 857 350 εἰκών
887 310 966 350 τοῦ
991 310 1098 350 θεοῦ
1111 327 1125 361 ,·
1155 310 1293 351 τελεία
1317 310 1394 362 μὲν
1423 304 1499 350 οὖν
1523 310 1567 359 ἐξ

109 372 241 428 ἀρχῆς
270 368 406 426 αὐτῆς
437 371 460 427 ἦ
492 371 615 425 νοεροὶ
644 370 806 416 ἔκτιστο
836 372 987 428 ψυχή,
1017 376 1058 417 εἰ
1086 374 1159 416 καί
1185 372 1289 416 κατὰ
1319 373 1471 430 μικρὸν
1501 376 1563 415 ‹50-

108 445 178 482 κεῖ
198 437 424 490 συναύξειν
452 439 509 496 τῷ
540 439 721 493 σώματι.
779 443 852 482 καί
880 442 1005 495 δῆλον
1032 442 1076 491 ἐξ
1105 436 1163 483 ὧν
1191 441 1213 483 ὁ
1236 441 1410 497 Νύσσης
1443 442 1602 498 (ptyade

75 505 185 559 5,,τὸ
225 509 297 562 τῆς
343 507 489 561 ψυχῆς
530 502 641 556 εἶδος
682 505 789 550 κατὰ
835 506 908 563 τὴν
936 504 1161 562 οἷναλογίαν
1187 511 1264 551 τοῦ
1291 508 1563 561 ὑποκειμένου

109 571 290 628 ὀργάνου
323 572 531 629 φαίνεται.
605 572 632 627 ἦ
659 571 742 628 γάρ.
770 573 879 628 πρὸς
908 572 985 628 τὴν
1013 575 1190 630 ἐμπαθῆ
1222 577 1300 620 καί,
1321 574 1468 631 ζωοόὸη
1497 577 1565 630 γε’-

107 655 220 683 νεσιν
248 640 441 681 κοινωνία
470 639 546 680 οὐκ
586 638 719 689 εὐθύς
750 635 979 693 ἐκλάμπειν
1010 641 1066 697 τῷ
1095 639 1308 694 πλάσματι
1337 642 1415 696 τήν
1443 642 1566 684 θείαν

107 702 247 748 εἰκόνα
275 706 481 760 ἐποίησεν,
513 706 605 747 ἀλλ’
636 703 722 764 ὁδῷ
746 706 829 748 τινί
855 706 1086 749 ἀκολουθία
1113 709 1185 750 ἐπὶ
1209 707 1253 750 τὸ
1284 711 1441 750 τέλειον
1471 703 1562 763 ἄγει
1575 720 1614 754 V.
1626 720 1669 753 65,

106 773 182 812 τὸν
224 766 478 827 ἄνθρωπον,
518 768 595 812 οὔκ
638 766 765 827 ἄλλης
814 775 873 830 τῷ
900 776 1031 830 νηπίῳ
1057 775 1130 815 καί
1157 771 1300 829 ἑτέρας
1330 776 1391 831 τῷ
1419 777 1560 834 τελείῳ

49 838 369 894 πει-ἐγγινομένης
397 839 563 892 ψυχῆς,
596 837 702 880 ἄλλα
730 842 803 894 τῆς
833 840 968 895 αὐτῆς
994 842 1039 882 ἐν
1070 842 1209 899 ἐκείνῳ
1235 844 1317 894 μὲν
1342 839 1387 882 τὸ
1417 843 1562 891 ἀτελὲς

108 906 152 947 ἐν
179 903 309 962 τούτῳ
341 905 386 946 δὲ
415 903 685 960 δεικνυούσης
715 903 758 947 τό
791 905 984 952 τὲλειον.”
1039 907 1175 948 τελεία
1207 910 1286 959 μὲν
1315 902 1391 948 οὖν
1418 907 1444 962 ἦ
1475 918 1556 960 ψυ-

107 969 175 1030 χῆ-
194 972 268 1012 καί
295 971 339 1012 ἐν
367 973 547 1028 βρεφικῇ
575 971 732 1029 ἡλικίᾳ,
772 971 977 1015 ἀδυνατεῖ
1015 974 1062 1014 δὲ
1088 973 1161 1028 τὴν
1190 970 1289 1029 ὃλην
1307 975 1441 1029 αὐτῆς
1472 975 1601 1021 cla-1)

105 1037 246 1080 κνύειν
274 1038 497 1093 ἐνέργειαν.
553 1037 744 1093 καθάπερ
773 1037 855 1094 γάρ
887 1039 1087 1092 μουσικὸς
1117 1035 1285 1096 ἄριστος
1311 1042 1356 1082 ἐν
1381 1042 1460 1093 μὲν
1486 1056 1557 1094 μι-

105 1110 218 1159 κροῖς
256 1104 402 1154 αὐλοῖς
429 1106 571 1146 στενόν
601 1122 639 1147 τι
670 1104 744 1147 καί
780 1105 982 1160 ἕκτροπον
1015 1109 1138 1160 μέλος
1166 1107 1405 1163 οἷπὴχησεν,
1433 1108 1556 1162 ἡνίκα

45 1172 152 1214 15οὲ
183 1166 448 1227 εὖρυπόρους
480 1168 581 1229 εὕρῃ
611 1169 799 1226 αὐλούς,
841 1171 933 1214 τότε
981 1171 1057 1229 τὴν
1089 1174 1224 1216 αὑτοῦ
1265 1175 1413 1230 τέχνην
1455 1171 1556 1229 ὅλην

102 1237 339 1291 ὑπέδειξεν,
362 1235 472 1280 οὕτω
510 1238 583 1280 καί
621 1237 762 1294 ψυχή,
784 1236 840 1288 ὦς
871 1237 1108 1294 ὁθεολόγος
1135 1237 1364 1296 Γρηγὸριος
1403 1243 1448 1283 ἐν
1472 1245 1556 1290 τοῖς

102 1305 325 1358 ἐμμέτροις
365 1306 498 1346 αὐτοῦ
525 1307 718 1354 διέξεισιν
747 1303 886 1347 ἔπεσι·
922 1304 1025 1348 κατὰ
1058 1306 1138 1361 γάρ
1168 1307 1242 1362 τὴν
1271 1309 1347 1349 τοῦ
1377 1306 1553 1363 ὀργάνου

104 1371 300 1413 διάθεσιν
331 1367 440 1412 οὕτω
471 1370 641 1426 κάκείνη
670 1370 748 1425 τήν
776 1374 988 1427 ἐνέργειαν
1020 1375 1243 1415 δείκνυσιν.

212 1435 467 1486 Λῦξοίνεσθε
507 1437 579 1479 καί
605 1437 898 1492 πληθύνεσθε,
946 1438 1017 1479 καί
1059 1437 1307 1495 πληρώσατε
1345 1439 1418 1495 τὴν
1464 1442 1556 1495 γῆν.

42 1499 210 1558 αοπλὴν
238 1501 290 1543 ου’
318 1503 370 1560 τῇ
403 1502 562 1558 οἰκήσει
593 1502 698 1545 α’λλὰ
745 1506 795 1562 τῇ
822 1505 991 1562 ἐξουσίᾳ
1020 1504 1076 1554 ὥς
1104 1504 1127 1546 ὅ
1165 1506 1298 1560 μέγας
1331 1508 1440 1562 φησί
1463 1510 1555 1548 Βα-

201 1605 232 1638 3.
256 1602 368 1652 κατιὶ]
396 1598 489 1652 μετὰ
518 1604 556 1639 Ρ.

106 1719 213 1755 quam
248 1708 363 1752 imago
396 1707 455 1740 (lei
493 1712 563 1740 tam
599 1710 813 1753 quantitatis
839 1721 963 1756 expers
991 1716 1045 1745 est
1069 1723 1174 1757 quam
1198 1711 1356 1756 figurae?
1382 1712 1556 1758 quamob-

107 1768 179 1789 rem
205 1756 322 1788 anima
347 1755 610 1798 intelligentiae
636 1756 670 1788 vi
696 1757 859 1800 praedita
888 1759 937 1791 sic
966 1764 1021 1792 est
1046 1770 1065 1791 a
1091 1759 1159 1792 deo
1190 1760 1347 1800 condita,
1371 1766 1413 1794 ut
1437 1762 1557 1793 statiin

106 1804 151 1836 ab
176 1803 281 1836 initio
307 1801 466 1847 perfecta
489 1802 550 1843 sit,
581 1802 720 1835 etiamsi
745 1805 919 1848 paulatim
946 1818 1016 1838 una
1040 1819 1117 1838 cum
1139 1818 1288 1851 corpore
1312 1807 1480 1840 videatur
1502 1808 1558 1839 in-

107 1855 327 1884 crementum
372 1848 523 1895 aliquod
553 1861 702 1883 sumere.
743 1853 971 1896 perspicuum
1010 1852 1078 1885 hoc
1117 1859 1172 1886 est
1208 1864 1251 1885 ex
1286 1853 1385 1887 hisce
1406 1855 1557 1898 Nysseni

107 1897 272 1942 Gregorii
295 1895 412 1931 verbis
438 1897 601 1938 „animae
620 1898 732 1930 forma
757 1909 821 1942 pro
848 1900 1076 1932 instrumenti
1104 1900 1259 1932 subiecti
1297 1901 1438 1934 ratione
1473 1913 1559 1934 con-

107 1946 266 1991 spicitur.
291 1956 371 1978 cum
396 1945 491 1977 enim
518 1946 695 1989 particeps
722 1951 849 1978 natura
875 1953 998 1979 nostra
1027 1948 1073 1980 sit
1101 1948 1177 1980 eius
1208 1953 1327 1988 ortus,
1359 1949 1421 1993 qui
1447 1954 1482 1982 et
1503 1949 1558 1982 vi-

107 1994 168 2027 tiis
194 1993 372 2026 obnoxius
402 1998 438 2024 et
467 1992 674 2024 animalium
702 1993 850 2025 rationis
876 1995 1075 2038 expertium
1100 1995 1193 2028 ortui
1220 1994 1350 2027 adfinis
1375 2002 1452 2037 est,
1478 1996 1557 2028 fieri

107 2041 238 2085 nequit
266 2045 303 2073 ·1t
336 2039 492 2072 hominis
527 2040 563 2072 in
590 2039 758 2084 figmento
795 2041 914 2073 statim
942 2041 1060 2074 divina
1085 2042 1200 2086 imago
1227 2043 1385 2084 eluceat,
1415 2043 1478 2076 sed
1501 2044 1558 2077 via

108 2087 263 2133 quadam
289 2099 329 2120 ac
345 2087 437 2120 serie
455 2087 638 2120 hominem
659 2088 704 2120 ad
722 2088 976 2132 perfectionem
997 2090 1184 2134 pervenire
1209 2101 1356 2122 necesse
1387 2097 1458 2133 est3
1484 2102 1558 2123 non

109 2135 209 2180 quod
242 2135 314 2168 alia
350 2135 505 2176 infanti,
544 2134 614 2167 alia
639 2141 777 2168 matura
808 2141 924 2168 aetate
949 2137 1024 2169 viro
1061 2137 1208 2170 indatur
1235 2138 1373 2178 anima,
1398 2138 1461 2171 sed
1486 2150 1558 2171 una

110 2183 307 2228 eademque
332 2183 449 2215 anima
473 2183 512 2215 in
537 2182 601 2215 illo
627 2182 775 2228 quidem
800 2183 1106 2227 imperfectionem
1132 2196 1229 2218 suam
1245 2210 1253 2226 ‚
1279 2185 1317 2217 in
1343 2184 1412 2218 hoe
1438 2186 1558 2230 perfe-

109 2231 264 2263 ctionem
303 2229 603 2263 demonstrante.''
639 2229 682 2262 de
710 2242 781 2275 quo
816 2231 884 2262 iam
909 2231 1034 2275 colligi·
1065 2238 1186 2277 potest
1219 2234 1374 2264 animam
1409 2233 1445 2265 in
1482 2234 1557 2278 ipsa

111 2280 218 2311 etiam
236 2277 395 2311 infantili
419 2282 536 2311 aetate
559 2278 755 2322 perfectam
783 2289 880 2319 esse,
922 2290 1043 2311 verum
1071 2280 1277 2312 &cultatem
1302 2292 1399 2312 suam
1425 2286 1461 2313 et
1485 2281 1559 2313 effi-

111 2326 297 2359 cacitatem
322 2336 462 2358 omnem
499 2324 680 2358 declarare
715 2325 868 2358 necdum
894 2337 1009 2370 posse.
1038 2327 1339 2372 quemadmodum
1366 2328 1458 2360 enini
1481 2340 1559 2360 mu-

112 2373 203 2406 sicus
227 2373 553 2418 praestantissimus
586 2373 733 2406 minutis
771 2373 808 2405 in
833 2372 929 2406 tibiis
959 2374 1052 2407 exile
1080 2380 1189 2420 atque
1216 2375 1389 2408 absonum
1416 2381 1559 2408 carmen

113 2421 232 2462 canit,
261 2426 297 2453 at
320 2432 398 2453 cum
423 2420 528 2453 tibias
565 2420 717 2465 adeptus
753 2425 807 2453 est
842 2420 997 2465 amplas,
1033 2427 1110 2455 tum
1143 2422 1283 2456 scilicet
1321 2428 1430 2455 artem
1460 2434 1558 2455 suam

115 2472 225 2500 totam
249 2467 479 2510 demonstrat,
505 2469 554 2500 sic
579 2474 616 2501 et
644 2469 763 2500 anima
790 2467 999 2508 „debilibus
1025 2481 1101 2503 cum
1126 2470 1294 2503 membris
1311 2470 1442 2502 debilis
1469 2470 1557 2514 ipsa,

115 2513 160 2546 (le
183 2515 309 2548 validis
336 2516 539 2557 elucet‚.et
564 2526 706 2548 omnem
739 2515 896 2560 denique
919 2522 1074 2550 mentem
1099 2518 1299 2559 ostentat‚''
1323 2516 1558 2562 quemadmo-

116 2561 199 2594 dum
244 2561 435 2606 Gregorius
471 2569 708 2607 cognomento
755 2563 943 2607 theologus
988 2564 1025 2597 in
1060 2564 1420 2598 commentationibus
1461 2564 1556 2604 suis,

116 2620 205 2654 quas
227 2610 385 2644 versibus
415 2615 470 2644 est
492 2611 716 2655 complexus,
753 2608 880 2655 inquit.
909 2622 990 2644 nam
1016 2619 1124 2657 prout
1148 2613 1427 2646 instrumentum
1455 2611 1556 2644 adfe-

116 2661 214 2689 ctum
241 2656 368 2698 fuerit,
395 2658 473 2703 ipsa
497 2669 643 2703 quoque
667 2659 737 2691 vim
763 2663 799 2690 et
824 2657 1072 2693 efficacitatem
1105 2667 1211 2693 suam·
1232 2659 1399 2692 declarat.

211 2703 442 2746 „Augescite”
467 2705 587 2750 inquit
616 2705 728 2746 deus,
766 2705 1099 2750 ,‚multiplicamini‚
1125 2708 1261 2753 replete
1284 2712 1411 2739 terram
1427 2706 1457 2746 ‚''
1482 2717 1554 2737 non

119 2761 195 2784 eam
221 2750 367 2796 quidem
391 2751 673 2794 inhabitatione,
715 2750 777 2785 sed
802 2752 953 2798 imperio
978 2760 1114 2798 vestro,
1141 2753 1440 2801 quemadmodum
1469 2752 1555 2785 haec
