1826 3120
277 147 377 202 ¹92
717 144 1004 186 nncHAELis
1041 142 1256 184 GLYGAE

270 258 545 314 δημιουργίαν
572 255 751 306 κακίζων
779 252 934 308 ἔλεγεν,
973 250 1079 295 ἀλλὰ
1109 251 1183 307 τὴν
1208 253 1252 303 ἐξ
1284 252 1436 303 οἰκείας
1463 255 1714 309 προαιρέσε-

271 341 327 373 ως
356 322 644 377 ἑπιγενομένην
683 322 741 377 τῷ
771 323 962 373 κτίσματι
990 315 1125 361 αὐτοῦ
1150 319 1312 360 κακίαν.
1385 318 1413 373 ἦ
1439 318 1521 375 γὰρ
1554 321 1626 375 τῆς
1653 321 1715 362 οἶ·

271 392 385 437 κείας
423 388 587 442 γνώμης
624 383 819 441 ῥαθυμία
866 381 1076 441 ἄχρηστον
1106 384 1222 442 αὐτῷ
1248 382 1324 439 τήν
1353 386 1437 426 τοῧ-
1457 378 1716 440 δημιουργοῧ

267 451 505 508 εὐεργεσιᾶν
553 453 719 507 ἐποίησε
735 484 747 504 ,
782 447 920 505 ὥσπερ
973 445 1050 492 οὖν
1098 446 1170 492 καὶ
1194 452 1260 506 ἐφ’
1290 449 1408 504 ἡμῶν
1436 449 1574 495 αὐτῶν
1601 449 1715 493 ἔστιν

268 522 387 562 ἰδεῖν.
463 519 535 559 καί
562 516 758 574 πρόσχες,
803 519 840 560 εἰ
879 515 1045 570 βούλει,
1075 521 1161 566 τοῖς
1189 517 1440 570 λεγομένοις.
1499 512 1751 574 εὖεργετῆ-ίί

141 594 173 627 Ρ.
196 603 341 626 ιοισαι
383 586 517 626 θέλων
563 583 586 623 ὁ
618 582 819 636 βασιλεὺς
861 585 940 624 τῶν
979 582 1060 623 ὑπὸ
1092 579 1217 637 χεῖρά
1247 598 1336 623 τινα
1374 582 1569 636 μεγιῢτην
1597 582 1716 640 αὐτῷ

268 652 490 704 ἐγχειρίζει
523 647 672 705 α’ρχήν.
732 649 803 690 καί
831 647 876 697 ὃς
906 648 1057 690 αὐτίκα
1091 646 1197 702 πρὸς
1234 647 1282 688 τὸ
1318 644 1428 701 ’ὕψος
1457 644 1620 689 α’πιδών
1645 647 1718 703 τῆς

268 713 423 771 ἀρχῆς,
467 718 540 756 καί
571 713 630 770 μὴ
673 713 900 767 δυνάμενος
930 716 1135 768 ἐνεγκεῖν,
1167 715 1387 768 ἐπαίρεται
1417 715 1510 755 καθ’
1539 709 1717 767 ἑαυτόν,

268 783 408 839 ἡσυχῇ
436 783 654 836 καθῆσθαι
700 781 774 822 οὐκ
801 781 1010 834 ἀνέχεται,
1054 778 1311 835 φαντάζεται
1343 777 1395 820 τὰ
1422 778 1526 834 ὑπὲρ
1558 777 1715 831 αὐτόν,

266 849 484 903 τυραννίδι
510 849 706 902 κέχρηται
736 846 807 888 καί
835 848 893 894 εἰς
923 842 1181 888 ἀποστασίαν
1207 850 1349 899 χωρεῖ’.
1379 845 1423 886 τί
1447 843 1494 886 τὸ
1524 843 1596 887 ἐπὶ
1622 843 1715 888 τοὺ·
1733 863 1781 892 m

267 931 376 966 τοις,·
407 910 630 968 ἄχθεταιὸ
667 911 867 966 βασιλεὺς
896 908 945 952 οὗ
969 913 1130 967 μικρῶς
1159 913 1230 953 ἐπὶ
1257 913 1314 967 τῷ
1341 910 1583 966 πράγματι,
1613 912 1716 954 δυσ-

269 980 469 1035 χεραίνει.
535 980 581 1021 τί
605 982 753 1031 τοῦτος
795 980 925 1032 λέγει·
982 980 1069 1027 πῶς
1112 974 1132 1018 ὃ
1163 976 1392 1032 ἀχάριστος
1418 975 1490 1031 τήν
1516 977 1717 1020 ἐπελθοῦ-

268 1063 348 1088 σαν
374 1046 489 1103 αὔτιῖί
533 1044 658 1095 δόξαν
695 1046 754 1093 εἰς
803 1040 972 1095 ἀδοξίαν
1000 1045 1277 1098 μετέστρεψε;
1308 1042 1380 1084 καί
1407 1044 1523 1085 θέλει
1549 1044 1629 1096 μὲν
1654 1041 1715 1099 μὴ

268 1115 459 1154 καθελεῖν
485 1110 552 1153 τὸν
585 1109 802 1165 ἀγνώμονα
820 1143 832 1162 ,
865 1112 1179 1166 καταφρονῆσαι
1207 1111 1251 1151 δὲ
1284 1106 1398 1161 ὅμως
1423 1111 1498 1165 τῆς
1522 1111 1718 1165 τυραννί-

269 1180 340 1227 δος
368 1179 420 1219 ου’
451 1178 639 1219 δύναται.
691 1178 911 1231 χειροῦται
939 1175 1009 1218 τὸν
1036 1173 1270 1230 α’ποστάτην
1298 1173 1462 1229 λοιπόν,
1497 1176 1569 1231 τῆς
1598 1176 1717 1226 α’ξίας
1734 1176 1787 1222 15

269 1244 511 1298 ἀπογυμνοῖ
521 1245 592 1285 καί
620 1244 828 1297 ὃριμειάις
854 1240 1078 1295 ὑποβάλλει
1106 1247 1289 1295 ποιναῖς,
1317 1242 1448 1283 ἐνίοτε
1472 1243 1518 1284 δὲ
1547 1244 1620 1284 καί
1645 1244 1717 1298 τῆς
1795 1232 1797 1236 ,

231 1307 485 1364 Βπαρούσης
525 1307 722 1362 ὑπεξάγει
765 1309 884 1363 ζωῆς.
948 1309 1152 1363 συνέφερε
1198 1305 1340 1349 λοιπὸν
1369 1307 1486 1364 αὐτῷ
1509 1306 1568 1363 μή
1597 1309 1718 1360 δέξα-

269 1380 374 1418 σθαι
400 1373 514 1429 παρὰ
554 1377 759 1428 βασιλέως
797 1371 956 1429 α’ρχήν,
998 1373 1111 1429 εἴπερ
1156 1370 1352 1422 ἀπονοίας
1381 1373 1512 1416 αὐτοῦ
1539 1377 1716 1418 τοιαῦτα

269 1445 424 1483 παθεῖν
458 1439 737 1482 ἐκινδύνευσε.
796 1439 976 1495 πρόσεχε
1011 1434 1105 1493 οὖν,
1137 1439 1342 1494 α’γαπητέ,
1375 1437 1448 1480 καί
1469 1438 1530 1494 μὴ
1560 1457 1716 1496 συναρ-

269 1508 406 1559 πάζου
438 1512 522 1556 τοῖς
550 1505 812 1562 ἐπιχειροῦσι
839 1504 912 1555 τοὶς
941 1505 1060 1556 θείας
1091 1507 1325 1559 οἰκονομίας
1342 1509 1781 1561 πολυπραγμονεῖν.αο

273 1733 367 1765 enim
393 1731 558 1764 dominus
586 1730 681 1764 dicat
706 1730 849 1776 (Matth.
878 1731 923 1764 26
949 1731 1008 1775 24)
1032 1729 1264 1775 „praestabat
1291 1730 1346 1762 illi
1373 1730 1511 1763 homini
1537 1742 1611 1765 non
1637 1742 1714 1766 esse

271 1785 395 1813 natum
409 1780 439 1820 ,'’
466 1790 538 1811 non
561 1783 680 1810 tamen
703 1777 772 1810 hoc
798 1779 848 1811 ita
875 1778 1034 1823 profert,
1069 1779 1171 1822 quasi
1199 1778 1381 1822 proprium
1412 1778 1593 1822 opificium
1620 1780 1715 1812 vitu-

269 1833 394 1872 peret,
418 1826 483 1858 sed
508 1825 667 1857 indicare
692 1825 770 1858 vult
796 1836 873 1858 eam
898 1825 1147 1866 vitiositatem,
1173 1836 1263 1869 quae
1290 1825 1434 1868 opificio
1460 1824 1582 1858 divino
1610 1825 1714 1859 dein-

272 1885 354 1918 ceps
383 1874 570 1918 ipsiusmet
602 1872 789 1904 voluntate
826 1873 985 1905 accessit.
1024 1872 1159 1917 quippe
1195 1873 1231 1904 in
1272 1871 1340 1903 hoc
1371 1871 1516 1905 homine
1547 1873 1714 1917 propriae

270 1921 466 1953 voluntatiS
504 1920 668 1963 nequitia
711 1919 846 1953 fecerat
884 1925 923 1951 ut
949 1919 981 1951 ei
1017 1918 1231 1951 heneficium
1257 1918 1395 1962 opificis
1420 1929 1492 1950 non
1516 1918 1713 1963 prodesset.

270 1967 358 2000 licet
383 1967 420 1999 id
465 1967 572 1999 etiam
613 1966 650 1997 in
686 1966 818 1999 nostris
856 1965 962 1998 rebus
1000 1966 1226 2010 conspicere,
1263 1977 1303 1996 ac
1327 1964 1504 2009 siquidem
1547 1965 1714 2008 iubebit,

271 2015 429 2047 animum
456 2013 631 2057 exemplo,
660 2012 758 2057 quod
786 2013 1045 2054 indicabimus,
1071 2013 1257 2045 advertito.
1273 2011 1329 2044 fac
1353 2023 1430 2044 esse
1456 2023 1573 2056 regem
1598 2024 1715 2058 quen.-

272 2061 375 2102 dam,
402 2061 465 2106 qui
494 2060 652 2104 aliquem
681 2071 699 2092 e
725 2060 880 2093 subditis
919 2059 1158 2093 beneficentia
1184 2059 1354 2102 singulari
1388 2059 1624 2094 cohonestare
1649 2071 1715 2094 vo-

271 2109 350 2140 lens
376 2108 620 2151 magistratum
651 2108 682 2138 ei
708 2108 899 2140 maximum
930 2107 1061 2141 tradat.
1086 2107 1149 2139 ille
1177 2117 1259 2138 mox
1284 2105 1328 2138 ad
1354 2107 1602 2150 praefecturae
1627 2117 1714 2140 suae

273 2155 533 2187 sublimitatem
561 2154 804 2197 respiciendo,
845 2166 924 2187 cum
949 2154 1026 2187 eius
1053 2154 1182 2187 molem
1209 2153 1386 2185 sustinere
1412 2159 1591 2198 nequeat,
1617 2153 1715 2199 apud

273 2203 505 2245 semetipsum
530 2201 647 2232 animo
682 2202 822 2242 efferri,
852 2202 975 2246 quiete
1008 2201 1126 2234 vivere
1161 2210 1234 2233 non
1267 2211 1394 2244 posse,
1430 2201 1566 2233 maiora
1591 2212 1629 2234 se
1653 2211 1714 2234 co-

272 2250 447 2293 gitatione
484 2248 693 2291 concipere,
726 2248 953 2291 tyrannidem
979 2258 1168 2294 usurpare,
1203 2246 1249 2279 ad
1273 2246 1511 2280 defectionem
1538 2247 1714 2292 progredi.

274 2296 362 2340 quid
394 2294 590 2328 secundum
614 2294 723 2327 haee?
758 2307 819 2328 rex
842 2295 1042 2339 indignari,
1077 2305 1148 2327 rem
1175 2304 1248 2326 non
1274 2305 1397 2338 parum
1423 2295 1575 2327 moleste
1598 2294 1712 2335 ferre,

273 2353 391 2375 secum
421 2342 496 2386 ipse
522 2341 659 2374 dicere:
683 2342 772 2387 quid
801 2342 894 2376 hoc?
920 2343 1018 2375 itane
1046 2341 1152 2374 homo
1176 2342 1334 2384 ingratus
1359 2341 1504 2385 gloriam
1523 2366 1532 2382 ,
1559 2353 1666 2386 quam
1692 2353 1713 2375 a

271 2389 378 2422 nobis
405 2394 459 2421 est
485 2395 693 2421 consecutus
709 2415 717 2430 ,
758 2401 836 2422 cum
860 2389 1007 2422 infamia
1031 2388 1286 2421 commutavit?
1329 2388 1435 2420 simul
1459 2399 1500 2421 eo
1525 2389 1712 2432 praeditus

273 2442 328 2470 est
355 2436 474 2468 animo
499 2441 539 2467 ut
564 2435 802 2468 immemorem
819 2436 987 2469 beneficii
1012 2435 1161 2480 perdere
1185 2435 1301 2476 nolit;
1324 2445 1442 2479 neque
1466 2440 1586 2468 tamen
1610 2446 1714 2468 usur-

271 2483 455 2529 pationem
480 2482 678 2525 tyrannidis
705 2484 850 2516 omnino
879 2484 1060 2527 negligere
1094 2482 1219 2527 possit.
1247 2487 1467 2527 quapropter
1494 2481 1711 2515 desertorem

272 2542 372 2563 suam
396 2531 433 2562 in
458 2534 671 2574 potestatem
699 2529 851 2574 redigit,
880 2530 1053 2574 dignitate
1076 2529 1229 2573 spoliat,
1253 2528 1379 2573 poenis
1407 2529 1570 2573 gravibus
1596 2528 1711 2562 subii-

273 2579 344 2618 cit,
373 2587 630 2621 nonnunquam
653 2581 688 2607 et
713 2577 821 2609 vitam
847 2578 878 2610 ei
906 2577 1043 2610 adimit.
1077 2575 1254 2608 eiusmodi
1282 2575 1419 2607 homini
1446 2576 1614 2620 expediat
1634 2587 1711 2608 ma-
1748 2615 1756 2624 ⁴

273 2625 458 2670 gistratum
486 2625 603 2668 potius
631 2633 650 2654 a
680 2634 759 2666 rege
787 2635 859 2656 non
887 2625 1086 2669 accepisse,
1116 2634 1221 2668 quam
1241 2622 1380 2655 insania
1407 2624 1551 2667 propria
1573 2622 1709 2657 talibus

274 2683 311 2704 se
335 2672 438 2703 malis
472 2676 509 2703 et
545 2669 714 2714 periculis
752 2681 941 2713 exponere.
976 2671 1030 2704 sac
1055 2670 1163 2714 igitur
1199 2669 1420 2702 considerate
1445 2680 1551 2713 agas,
1577 2668 1709 2702 dilecte

273 2718 343 2761 fili,
367 2729 434 2752 nec
458 2717 574 2763 abripi
611 2722 647 2750 te
675 2727 754 2749 cuin
787 2717 859 2750 illis
887 2724 1012 2764 patere
1039 2717 1102 2764 qui
1135 2716 1284 2750 consilia
1314 2716 1433 2749 divina
1466 2717 1603 2751 curiose
1627 2727 1710 2762 per·-
