1826 3120
247 159 319 213 38
689 174 974 216 MffiHAELis
1017 171 1232 214 GLYCAE

201 272 347 322 Βᾶλλο
385 279 499 320 ἐστίν
539 273 569 331 ἢ
593 275 779 327 σκίασμα
818 275 894 330 γῆς
921 275 998 316 τοῦ
1023 273 1144 328 ἧλιόυ
1171 270 1244 326 τὴν
1270 272 1347 326 γῆν
1374 269 1685 327 ὕπο-τρέχοντος,

245 342 473 398 ω’νομάσθη
512 344 559 384 δὲ
588 340 663 391 νύξ
690 342 815 382 τοῦτο
852 339 896 382 τὸ
925 337 1101 392 σκότος,
1132 335 1277 391 ἐπειδὴ
1307 336 1567 379 καθεύδοντα
1591 335 1685 379 νύτ-

243 426 308 451 τει
339 409 410 452 τὸν
443 403 754 461 ἄνθρωπονκαὶ
780 403 886 448 οὕτω
905 407 1015 460 λέγει
1033 404 1261 459 μονονουχί
1286 401 1390 457 πρὸς
1416 400 1546 444 αὔτόν
1575 399 1688 455 „uti-

242 479 319 528 θε,
358 470 394 516 αἶ
436 469 631 528 ἄνθρωπε
643 506 655 525 ,
696 468 763 513 δ’τι
801 470 954 527 θνητὸς
993 467 1053 514 ὢν
1089 468 1205 527 ὕπνῳ
1245 469 1490 517 δουλεύεις.”
1547 464 1612 510 ὅτι
1639 469 1688 511 δὲ

243 540 451 593 κατανυγη
482 540 595 581 ἐστιν
621 538 648 592 ἦ
690 538 787 590 νύξ,
816 536 890 579 καί
939 534 960 578 ὅ
990 534 1209 593 προφήτης
1238 534 1422 590 ἐδήλωσε
1449 533 1592 587 Δαβῖδ
1617 530 1726 577 αἶ’-5

241 623 321 655 τως
365 604 491 647 εἰπών
531 601 590 658 ,,όῖ
618 605 751 658 λέγετε
778 605 823 645 ἐν
851 608 944 653 ταῖς
981 602 1174 659 καρδίαις
1200 601 1351 654 ὑμῶν,
1381 598 1453 642 ἐπὶ
1480 604 1573 649 ταῖς
1604 601 1690 642 κοί-

243 688 336 720 ταις
362 671 478 723 ὑμῶν
506 667 808 724 κατανύγητε.”
866 668 970 711 κατὰ
994 670 1131 710 ταῦτα
1168 669 1214 709 δὲ
1242 669 1315 708 καί
1340 663 1388 707 τὸ
1417 667 1509 722 φῶς
1538 662 1618 721 ἡδύ
1650 681 1692 708 τι

244 738 317 778 καί
345 735 489 791 ἱλαρὸν
532 731 580 777 ὂν
609 735 771 790 ἡμέραν
799 735 1011 788 ἐκάλεσεν,
1036 734 1121 776 *διὰ
1150 733 1197 776 τὸ
1225 731 1410 789 ἡμεροῦν
1437 730 1488 775 τὰ
1520 731 1690 784 πάντα,

244 802 463 858 ὥσπεροῦν
494 801 572 846 καί,
594 801 646 845 τοὶ
687 802 891 858 χειροήθη
920 803 1003 845 τῶν
1049 801 1166 853 ζώων
1196 797 1333 856 ἥμερα
1362 797 1433 841 διὰ
1462 800 1587 841 τοῦτο
1615 813 1705 841 κοι->

244 871 434 911 λοῦνται.
1626 879 1632 889 ”
1709 878 1755 906 ιο

350 931 474 977 Οὕτω
512 937 590 986 μὲν
626 929 702 976 οὖν
734 932 1025 982 ἀνατέλλοντος
1070 934 1145 975 τοῦ
1170 931 1291 987 ἡλίου
1322 932 1395 972 καί
1419 930 1614 980 δύνοντος
1644 927 1692 972 τὸ

139 1008 175 1043 P.
188 1019 230 1042 20
245 1003 335 1059 φῶς
367 999 411 1052 ἐξ
437 1000 616 1055 ἀνάγκης
640 998 714 1041 καί
739 998 784 1041 τὸ
817 996 960 1048 σκότος
987 1000 1234 1053 παρέπεται,
1263 999 1429 1040 ἐναντία
1459 999 1538 1051 ’μὲν
1565 995 1694 1051 omri-

244 1073 356 1120 λοις,
386 1067 590 1120 ἀναγκαῖα
638 1067 684 1107 δὲ
713 1070 799 1114 τοῖς
835 1062 1077 1120 ἀνθρώποις
1111 1061 1348 1120 ἀμφότερα·
1414 1061 1462 1105 τὸ
1503 1063 1584 1116 μὲν
1611 1060 1690 1117 γὰρ

245 1131 352 1188 πρὸς
404 1134 603 1186 ἐργασίαν
635 1135 826 1173 συντελεῖ
851 1135 936 1180 τοῖς
978 1127 1221 1184 ἀνθρώποις
1252 1128 1324 1170 καί
1345 1128 1612 1171 ὑποδείκνυσι
1639 1125 1692 1170 τὀὶ

246 1198 465 1253 ὁρώμενα,
497 1196 541 1239 τὸ
577 1198 622 1239 δὲ
653 1195 906 1238 διαναπαύει
945 1195 1099 1244 αὐτούς
1127 1197 1200 1236 καί
1224 1193 1297 1237 τὸν
1323 1197 1367 1236 ἐκ
1397 1196 1469 1249 τῆς
1495 1192 1695 1248 ἐργασίας
1713 1195 1760 1236 15

247 1262 414 1306 διαλύει
452 1261 586 1305 πόνον,
646 1261 672 1317 ἦ
712 1264 855 1316 μέντοι
878 1260 954 1312 νύξ
991 1259 1193 1303 καὶκατὰ
1227 1262 1347 1302 τοῦτο
1373 1260 1582 1314 χρήσιμος
1609 1263 1695 1309 τοῖς

245 1327 488 1384 ἀνθρώποις
525 1328 792 1384 εὑρίσκεται·
872 1330 979 1383 μέση
1019 1325 1098 1382 γάρ
1147 1327 1220 1368 καί
1256 1321 1365 1380 αὕτη
1405 1327 1571 1380 κειμένη
1615 1325 1697 1367 τῶν

246 1397 416 1451 ἡμερῶν
442 1397 687 1450 μετρεῖσθαι
716 1393 789 1436 τὸν
814 1392 968 1450 χρόνον
996 1398 1120 1439 ποιεῖ’,
1177 1394 1216 1434 εἰ
1228 1390 1308 1447 γὰρ
1340 1389 1571 1445 οἷδιάδοχον
1598 1391 1696 1444 ἔμε-

247 1462 415 1515 μενήκει
454 1459 499 1502 τὸ
537 1462 649 1516 φῶς,
679 1459 756 1501 οὐκ
791 1457 842 1502 ἂν
872 1462 1077 1502 ἐνιαυτῶν
1120 1455 1458 1512 ἐμεμαθήκειμεν
1486 1454 1693 1510 κύκλους,

248 1526 327 1581 μιά
358 1529 403 1568 δὲ
436 1525 572 1577 ἔδοξεν
598 1522 648 1568 ἂν
676 1526 814 1581 ἡμέρα
847 1524 1010 1573 πάντως
1051 1521 1159 1566 εἶναι
1191 1524 1269 1565 τοῦ
1303 1520 1503 1577 παρόντος
1545 1524 1695 1572 αἰῶνος
1708 1539 1761 1567 20

247 1591 295 1636 τὸ
321 1594 486 1648 μέτρον.
544 1588 646 1648 ὅπερ
677 1593 781 1641 ἕξειν
804 1591 871 1633 τὸν
900 1589 1241 1647 προσδοκώμενον
1265 1589 1398 1631 αἰῶνα
1427 1588 1694 1643 πιστεύομεν·

251 1729 370 1772 ipsum
405 1727 492 1761 solis
522 1738 649 1773 corpus
684 1727 849 1760 absolvit.
883 1727 1006 1771 itaque
1035 1726 1105 1758 iam
1133 1725 1188 1758 sol
1215 1725 1333 1757 oriens
1357 1724 1451 1757 diem
1480 1723 1606 1764 efficit,
1629 1723 1698 1758 sub

250 1781 382 1808 terram
417 1785 501 1808 vero
534 1781 648 1808 semet
683 1774 819 1807 abdens
858 1774 899 1807 fit
922 1785 1026 1806 causa
1060 1772 1188 1805 noctis.
1227 1772 1358 1804 etenim
1384 1770 1484 1804 aliud
1519 1770 1613 1804 nihil
1645 1777 1701 1805 est

250 1833 323 1854 nox
349 1833 456 1867 quam
483 1822 608 1854 umbra
633 1827 772 1860 terrae,
810 1821 981 1853 nimirum
1005 1819 1079 1852 sole
1106 1818 1170 1852 sub
1195 1824 1324 1851 terram
1354 1818 1531 1850 occultato
1558 1818 1700 1862 iterque

251 1880 355 1901 suum
394 1874 554 1912 urgente.
587 1873 624 1901 et
661 1869 775 1912 caligo
814 1868 926 1901 istaec
963 1867 1247 1911 appellationem
1283 1865 1399 1898 noctis
1425 1865 1563 1910 accepit
1587 1875 1631 1897 ex
1655 1875 1699 1897 eo
1751 1886 1757 1891 -

251 1915 349 1960 quod
372 1915 553 1948 hominem
582 1914 817 1948 dormientem
841 1919 976 1959 pungat
999 1909 1083 1960 (νὺξ
1107 1913 1202 1946 enim
1229 1917 1283 1944 est
1306 1924 1326 1944 a
1353 1911 1515 1957 νύττειν)
1540 1917 1701 1944 tantum-

251 1974 323 2006 que
348 1974 421 1995 non
444 1962 500 1995 his
538 1961 584 1994 ad
609 1963 727 2006 ipsum
766 1961 886 1995 verbis
911 1967 1034 1995 utatur
1062 1960 1179 2001 „scire
1208 1958 1339 1999 debes,
1378 1957 1505 1999 homo,
1529 1963 1566 1991 te
1603 1969 1700 1993 mor-

252 2010 362 2041 talem
390 2021 512 2042 somno
538 2009 702 2041 servire.”
729 2020 769 2041 ac
797 2007 1004 2041 huiusmodi
1021 2005 1201 2052 quandam
1225 2005 1505 2038 stimulationem
1532 2015 1610 2038 esse
1633 2017 1702 2038 no-

252 2061 368 2095 ctem,
405 2056 483 2100 ipse
520 2054 676 2089 Davides
713 2055 855 2098 (Psalm.
884 2058 905 2098 4
931 2055 967 2101 5)
1005 2055 1113 2087 etiam
1136 2051 1255 2086 verbis
1279 2051 1333 2084 his
1356 2051 1550 2085 indicavit:
1577 2062 1701 2098 „quae

253 2102 372 2134 dicitis
396 2102 434 2134 in
459 2101 628 2134 cordibus
656 2103 801 2143 vestris,
826 2103 865 2135 in
892 2101 1074 2135 cubilibus
1098 2100 1224 2134 vestris
1249 2099 1484 2144 pungimini.”
1507 2099 1559 2132 sic
1584 2104 1622 2132 et
1643 2099 1701 2132 lu-

252 2159 348 2188 cem,
377 2153 550 2192 tanquam
590 2159 662 2181 rem
700 2149 833 2181 laetam
858 2154 968 2194 atque
994 2153 1147 2193 gratam,
1184 2146 1328 2192 ἡμέραν
1351 2145 1502 2178 dicimus
1528 2157 1547 2178 a
1571 2146 1702 2179 iucun-

254 2195 369 2227 ditate
387 2219 396 2235 ‚
426 2194 730 2238 quemadmodum
771 2195 895 2228 eadem
925 2195 970 2229 de
996 2205 1099 2228 causa
1124 2194 1258 2226 cicures
1289 2192 1423 2226 bestias
1460 2191 1580 2239 ἥμερα
1605 2193 1700 2234 gua,

254 2242 359 2287 quasi
387 2241 554 2274 animalia
581 2247 680 2285 grata
710 2247 748 2274 et
770 2243 941 2276 amabilia
972 2253 1149 2276 vocamus.

350 2288 428 2320 Hoc
462 2288 572 2332 igitur
596 2293 701 2332 pacto
730 2289 806 2321 sole
829 2295 905 2323 tum
938 2290 1076 2322 oriente
1105 2293 1180 2320 tum
1207 2285 1395 2319 occidente
1419 2285 1478 2319 vel
1502 2285 1619 2319 lucem
1642 2285 1717 2320 vel¹

256 2333 425 2368 tenebras
459 2340 514 2367 est
540 2335 642 2379 sequi
670 2346 842 2378 necesse3
880 2347 972 2381 quae
1010 2335 1155 2380 quidem
1180 2344 1235 2366 res
1261 2333 1353 2366 duae
1377 2333 1522 2366 sibimet
1546 2333 1702 2366 invicem

256 2382 513 2422 adversantur,
542 2387 580 2414 at
600 2381 726 2414 ambae
762 2389 846 2416 sunt
868 2382 1074 2415 hominibus
1102 2381 1222 2414 utiles.
1257 2381 1319 2412 lux
1339 2381 1434 2412 enim
1460 2379 1507 2412 ad
1534 2391 1624 2424 opus
1647 2379 1704 2412 fa-

256 2428 430 2462 ciundum
463 2427 602 2460 homini
644 2439 746 2461 usum
785 2441 858 2462 non
891 2431 1056 2474 exiguum
1094 2432 1274 2473 praestat,
1317 2426 1508 2471 eidemque
1546 2437 1599 2458 res
1635 2425 1702 2459 sub

256 2481 440 2520 aspectum
465 2474 635 2507 cadentes
670 2482 943 2510 commonstrat:
977 2474 1147 2509 tenebrae
1171 2485 1255 2507 vero
1278 2473 1446 2506 mortales
1474 2483 1537 2518 per
1558 2472 1705 2518 requie-

254 2528 330 2555 tem
357 2522 514 2555 vicissim
539 2521 673 2562 fovent,
699 2529 981 2568 conceptamque
1005 2522 1049 2555 de
1078 2521 1201 2554 labore
1225 2520 1430 2553 molestiam
1458 2530 1599 2552 omnem
1629 2518 1717 2555 ‹lis-,

257 2570 386 2613 sipant.
413 2569 521 2601 etiam
550 2568 621 2600 alia
645 2569 682 2600 in
708 2575 809 2612 parte
835 2576 977 2603 noctem
1015 2567 1221 2602 hominibus
1246 2567 1374 2600 utilem
1398 2577 1475 2599 esse
1499 2565 1704 2611 deprehen-

258 2615 386 2649 dimus.
422 2627 504 2648 nam
542 2626 622 2648 cum
653 2615 780 2648 diebus
818 2617 1009 2650 interiecta
1047 2617 1110 2655 sit,
1144 2614 1317 2658 temporis
1353 2625 1555 2646 mensuram
1582 2613 1704 2646 efficit.

257 2662 395 2707 quippe
421 2663 451 2695 si
479 2663 540 2694 lux
565 2662 734 2694 continua
762 2663 846 2695 citra
874 2662 1134 2697 successionem
1171 2662 1282 2693 ullam
1308 2660 1420 2700 foret,
1447 2671 1622 2692 annorum
1647 2671 1720 2693 ομ.

256 2710 322 2743 hes
350 2714 458 2753 atque
483 2709 733 2742 conversiones
759 2721 830 2742 non
855 2709 1244 2748 animadvertissemus,
1270 2707 1333 2740 sed
1357 2708 1468 2740 totius
1494 2707 1570 2739 aevi
1600 2706 1707 2739 dura-

259 2757 310 2789 tio
353 2755 428 2790 dies
457 2755 604 2790 omuino
645 2767 736 2790 unus
763 2767 839 2790 esse
866 2759 958 2793 visus
1002 2756 1147 2796 suisset,
1185 2754 1222 2789 id
1246 2753 1344 2802 quod
1371 2755 1530 2789 futurum
1555 2753 1592 2788 in
1617 2764 1706 2788 aevo
