1826 3120
602 105 802 147 ANNALI
809 108 885 147 ΠΜ
925 105 1061 148 PARS
1102 107 1142 146 1.'
1558 105 1596 160 9

146 206 222 262 τὴν
250 205 439 262 ἡμέραν,
468 208 587 249 τοῦτο
624 207 699 259 νύξ
739 209 991 263 ω’νομάσθη,
1020 204 1123 262 ὅπερ
1154 208 1363 262 νεωτέρας
1390 223 1596 263 προσηγο-

147 276 242 328 ριάς
272 272 380 326 μετὰ
411 272 489 328 τήν
517 273 678 329 ἡμέραν
697 272 935 329 τετύχηκεν.
993 274 1150 315 ου’κοῦν
1179 270 1205 329 ἦ
1237 273 1373 328 ἡμέρα
1401 282 1597 330 προηγεῖ-

145 354 218 381 ται
244 342 320 394 τῆς
353 338 517 388 νυκτός.
584 340 631 382 ’τὸ
661 339 742 395 γὰρ
778 343 868 396 φῶς
907 341 1039 382 ἐκεῖνο
1069 341 1370 395 διακεχυμένον
1394 336 1439 384 ὃν
1466 339 1600 385 ἁπαν-

145 407 281 459 ταχοῦ
319 408 615 448 συνεστέλλετο
653 407 841 448 κελεύσει
883 409 960 448 τοῦ
987 405 1301 462 παραγαγόντος
1330 407 1436 452 αότό
1465 412 1597 462 θεοῦ,

109 471 473 524 5συστελλόμενον
502 473 548 514 δὲ
579 471 760 528 πάροδον
785 473 928 514 ἐδίδου
954 473 1005 529 τῇ
1032 475 1170 527 νυκτί,
1199 474 1311 517 καθά
1341 492 1469 532 φησιν
1490 472 1596 518 'lov-

145 543 284 588 στῖνος
314 537 336 580 ὁ
364 538 591 594 φιλόσοφος
621 537 644 579 ὅ
674 537 747 579 καί
774 538 942 593 μάρτυς
974 541 1192 594 Χριστοῦ,
1233 541 1307 583 καί
1329 544 1415 595 μετ’
1442 543 1637 585 §aenove

147 604 170 648 ὃ
196 605 327 659 μέγας
349 606 586 654 Βασίλειος.
646 602 769 647 ἔνθεν
797 621 861 647 τοι
890 607 963 647 καί
989 603 1035 647 τὸ
1065 608 1198 661 μῆκος
1226 608 1481 664 ἀμφοτέρων
1508 611 1598 651 ἐπι-

146 669 365 715 συνάπτων
393 669 595 726 ὅΜωσῆς
623 673 696 714 καί
713 673 817 725 μίαν
848 670 1010 727 ἡμέραν
1043 667 1276 726 ἀποκαλῶν,
1307 671 1419 716 οὕτω
1444 674 1519 730 τήν
1534 677 1602 717 ἐκ·

148 739 349 793 μέτρησιν
377 739 460 780 τῶν
492 737 660 792 χρόνων
700 743 837 790 ποιεῖ’,
875 736 976 791 ,,καί
1018 739 1200 792 ἐγένετο”
1231 741 1361 795 λέγων
1388 739 1602 798 ,,ἑσπέρα,

90 827 136 853 10
149 803 222 847 καί
252 806 412 860 ἐγένετο
443 804 559 861 πρωῒ
585 805 720 860 ἡμέρα
747 806 870 858 μιά.”
944 805 1147 859 έπέγνωθι
1178 800 1277 859 οὖν,
1302 807 1516 862 α’γαπητέ,
1546 808 1604 858 ὥς

149 870 233 926 εἴγε
277 869 322 913 τὸ
365 869 507 920 σκότος
542 873 673 914 έκεῖνο
711 876 934 926 προηγεῖτο
976 873 1050 925 τῆς
1081 870 1271 925 ἡμέρας,
1304 874 1466 914 ἐκεῖθεν
1496 868 1549 915 ἂν
1580 873 1603 914 ὃ

147 939 314 992 Μωσῆς
340 938 412 980 καί
441 936 520 992 τήν
547 939 630 979 τῶν
659 936 829 992 ἡμερῶν
857 939 1040 980 ἐποιεῖτο
1070 938 1331 993 έκμέτρησιν.
1363 940 1500 981 ταῦτα
1526 942 1606 993 μὲν

147 999 224 1046 οὖν
265 1005 508 1058 έπιβεβαιοῖ
543 1005 617 1046 καί
656 1002 788 1054 αὐτὸς
829 1003 953 1058 ὅτήν
980 1005 1168 1059 γλῶτταν
1193 1007 1394 1059 χρυσοῦς.
1451 1005 1496 1047 έν
1521 1005 1604 1060 γὰρ

146 1073 200 1126 τῇ
229 1073 289 1120 εἰς
317 1069 394 1126 τὴν
421 1068 655 1126 ἑξαήμερον
683 1074 802 1128 τρίτῃ
835 1072 970 1113 αὔτοῦ
996 1069 1140 1127 ὁμιλίᾳ
1172 1072 1303 1128 φησίν
1331 1068 1395 1113 ὅτι
1424 1071 1554 1115 εἰπών
1583 1073 1605 1114 ὅ

90 1139 316 1193 ιόΜωσῆς
353 1138 454 1190 „nai
492 1138 653 1192 ἐγένετο
692 1135 851 1192 ἑσπέρα
897 1135 969 1179 καί
1006 1138 1166 1191 ἐγένετο
1195 1136 1311 1192 πρωῒ
1336 1137 1474 1193 ἡμέρα
1503 1140 1604 1192 μιἀ”

148 1203 279 1255 ἔδειξε
310 1206 461 1260 σαφῶς
506 1201 573 1246 ὅτι
602 1203 646 1247 τὸ
676 1205 793 1254 τέλος
823 1204 896 1259 τῆς
925 1201 1075 1252 νυκτὸς
1100 1200 1312 1258 πλήρωμα
1339 1206 1415 1259 τῆς
1444 1205 1605 1261 ἡμέρας

147 1270 282 1313 ἐστίν·
338 1271 411 1312 ἐπὶ
433 1270 515 1326 γὰρ
543 1268 677 1329 τούτῳ
708 1272 782 1313 καί
808 1271 1059 1327 ἀμφοτέρων
1087 1268 1135 1312 τὸ
1164 1272 1296 1325 μῆκος
1315 1269 1477 1326 ἡμέραν
1502 1274 1648 1324 μίανῐ)

149 1335 320 1386 εἰκότως
366 1337 573 1380 ἐκάλεσεν.
639 1335 750 1380 οὕτω
793 1339 871 1390 μὲν
902 1332 1000 1389 οὖν,
1048 1333 1070 1377 ὅ
1097 1338 1228 1392 μέγας
1255 1340 1479 1387 Bautae-tog
1508 1341 1606 1394 περὶ

149 1404 227 1445 τοῦ
251 1406 447 1453 Μωσέως
473 1405 618 1460 φησίν,
648 1406 715 1447 ἳνα
743 1403 794 1446 τὰ
822 1407 1025 1459 πρεσβεῖα
1052 1405 1124 1459 τῆς
1149 1405 1351 1458 γενέσεως
1380 1405 1525 1462 α’ποὸᾦ
1552 1405 1603 1463 τῇ
1615 1408 1695 1461 ν,4’

87 1487 137 1514 20
152 1468 310 1527 ἡμέρᾳ,
340 1468 540 1526 πρότερον
571 1466 661 1511 εἶπε
681 1469 728 1511 τὸ
759 1471 891 1524 πέρας
918 1471 993 1524 τῆς
1019 1469 1195 1525 ἡμέρας,
1225 1466 1315 1512 εἶτα
1343 1472 1417 1526 τῆς
1450 1470 1603 1522 νυκτός,

150 1531 206 1584 ὥς
234 1535 495 1592 έφεπομένης
522 1536 597 1590 τῆς
624 1534 770 1585 νυκτὸς
799 1538 853 1592 τῇ
877 1535 1016 1592 ἡμέρᾳ
1032 1537 1087 1592 *).
1145 1530 1254 1591 ἄφες
1279 1536 1426 1580 λοιπὸν
1448 1535 1500 1579 ‘ca'
1527 1539 1605 1579 τοῦ

243 1653 275 1698 4.
300 1651 367 1688 τοῦ
393 1653 527 1687 deerat.
649 1655 680 1688 8.
710 1652 789 1702 καὶ]
821 1648 884 1687 διᾶ
911 1654 945 1688 Ρ.
1063 1665 1095 1698 9.
1123 1655 1319 1689 namma?
1438 1666 1488 1700 ¹7·
1514 1657 1601 1692 τού-

241 1712 316 1736 των
344 1701 380 1734 Ρ.
474 1701 506 1747 ⁴¹)
531 1701 742 1737 Damasceni
768 1701 864 1750 apud
888 1701 1144 1736 Leunclavium
1170 1702 1269 1736 locus
1295 1701 1398 1736 deest
1422 1702 1520 1736 CFV.

153 1823 226 1856 diei
250 1822 383 1858 deinde
407 1825 614 1870 oppositum
639 1826 768 1868 suerit,
798 1827 915 1860 noctis
941 1837 1073 1859 nomen
1098 1826 1294 1871 acceperit,
1319 1827 1600 1872 appellationem

151 1871 291 1904 scilicet
315 1871 388 1904 diei
405 1883 492 1905 voce
517 1874 762 1906 recentiorem.
786 1879 1006 1919 quapropter
1029 1879 1170 1907 noctem
1197 1873 1274 1907 dies
1300 1875 1497 1919 praecedit.
1519 1887 1601 1908 nam

150 1919 214 1951 lux
241 1919 304 1952 illa
329 1918 415 1952 hinc
452 1919 539 1953 inde
565 1920 693 1953 diffusa
730 1921 967 1966 colligebatur
988 1920 1156 1954 mandato
1184 1920 1259 1962 (lei,
1284 1922 1347 1966 qui
1373 1933 1450 1954 eam
1475 1923 1604 1956 condi·-

152 1965 276 2009 derat3
307 1966 458 2000 collecta
489 1978 596 2009 vero,
620 1973 662 2001 ut
693 1968 820 2001 Iustini
846 1967 1055 2013 philosophi
1087 1967 1292 2014 Christique
1321 1969 1426 2002 testis
1449 1982 1489 2003 ac
1514 1981 1603 2003 eun-

153 2013 235 2046 dem
274 2015 388 2047 secuti
412 2015 535 2048 Basilii
560 2015 681 2049 verbis
719 2020 816 2057 utar,
843 2016 940 2048 nocti
967 2016 1068 2049 velut
1092 2015 1229 2049 aditum
1259 2016 1437 2061 quendam
1463 2018 1602 2062 patefa-

153 2060 284 2094 ciebat.
325 2072 397 2107 quo
421 2062 464 2095 fit
486 2068 527 2097 ut
566 2063 721 2108 spatium
748 2063 939 2108 utriusque
958 2063 1179 2108 coniungens
1206 2063 1344 2105 Moses,
1370 2062 1482 2109 idque
1506 2064 1602 2099 diem

152 2108 340 2153 appellans
372 2121 503 2151 unum,
549 2111 723 2155 temporis
759 2121 960 2143 mensuram
997 2110 1179 2155 quandam
1218 2111 1411 2152 instituat,
1445 2123 1525 2144 cum
1551 2113 1604 2146 ait

153 2155 272 2197 „facto
298 2167 448 2202 vespere
474 2168 515 2190 ae
538 2168 642 2191 mane
670 2157 745 2190 dies
774 2169 867 2191 unus
892 2157 1063 2192 exstitit.”
1084 2157 1318 2204 quamobrem
1343 2159 1602 2193 animadverti-

153 2209 211 2244 to,
247 2202 380 2237 dilecte
405 2203 484 2246 fili,
515 2205 614 2250 quod
639 2205 667 2238 si
692 2205 805 2250 caligo
832 2216 873 2238 ea
897 2204 989 2250 diem
1015 2206 1282 2251 praecessisset,
1308 2207 1453 2239 omnino
1481 2207 1602 2241 Moses

154 2250 294 2284 dierum
324 2250 410 2285 inde
446 2263 648 2286 mensuram
676 2253 831 2286 facturus
863 2251 986 2286 fuerit.
1011 2253 1198 2287 confirmat
1221 2252 1309 2286 haec
1335 2254 1442 2287 etiam
1471 2265 1603 2288 aureus

153 2303 275 2331 orator
299 2298 363 2331 ille
389 2305 520 2333 noster.
548 2306 635 2334 sunt
658 2301 752 2333 enim
779 2299 869 2332 haec
897 2299 1008 2345 ipsius
1033 2301 1143 2334 verba
1169 2301 1333 2334 oratione
1362 2300 1407 2334 de
1435 2313 1498 2335 sex
1523 2301 1602 2335 die-

154 2356 231 2378 rum
266 2345 436 2391 operibus
474 2347 581 2381 tertia
616 2359 720 2389 „cum
748 2347 838 2380 dicit
867 2346 1008 2389 Moses,
1033 2348 1127 2381 facto
1153 2359 1303 2393 vespere
1326 2360 1366 2381 ac
1389 2360 1495 2382 mane
1525 2348 1602 2382 dies

128 2422 130 2432 ‚
153 2403 248 2425 unus
274 2394 434 2435 exstitit,
459 2395 650 2441 perspicue
678 2396 918 2436 demonstrat,
942 2395 1048 2428 finem
1071 2396 1188 2430 noctis
1213 2396 1392 2441 integrum
1418 2396 1514 2429 diem
1538 2396 1604 2429 ab·

155 2440 305 2473 solvere.
330 2453 411 2474 nam
427 2452 502 2475 eam
531 2442 578 2475 ob
604 2454 747 2477 causam
773 2443 964 2487 utriusque
987 2443 1140 2488 spatium
1165 2449 1263 2476 recte
1290 2443 1385 2476 diem
1409 2456 1520 2476 unum
1538 2455 1603 2489 ap-

153 2487 312 2532 pellavit.
341 2488 468 2522 eodem
493 2489 602 2523 modo
626 2502 770 2536 magnus
797 2490 904 2523 etiam
928 2490 1079 2524 Basilius
1104 2491 1227 2536 inquit
1251 2491 1408 2532 Mosem,
1438 2496 1478 2524 ut
1503 2491 1602 2536 prio-

153 2544 210 2567 res
236 2541 335 2568 ortus
361 2542 481 2581 partes
516 2537 591 2571 diei
631 2539 833 2578 tribueret,
858 2538 1008 2582 primum
1040 2538 1114 2572 diei
1141 2539 1248 2572 finem
1276 2538 1511 2584 expressisse,
1537 2538 1601 2571 de-

155 2581 241 2614 inde
276 2584 415 2624 noctis,
453 2589 624 2630 tanquam
659 2592 766 2620 nocte
801 2584 897 2617 diem
930 2591 1112 2631 sequente.
1137 2586 1336 2632 quinetiam
1361 2586 1601 2620 Damascenus

154 2627 220 2660 ille
244 2629 440 2672 Iohannes,
473 2634 590 2678 capite
615 2633 841 2667 decretorum
880 2643 1023 2666 suorum
1049 2644 1118 2676 20,
1147 2634 1198 2668 sic
1223 2633 1268 2666 de
1292 2632 1359 2666 hac
1387 2634 1601 2680 quaestione

158 2673 321 2712 disserit:
355 2679 476 2725 „prior
510 2681 632 2715 extitit
667 2681 764 2723 dies,
791 2692 831 2713 ae
855 2691 926 2713 nox
958 2681 1147 2725 posterior.
1172 2681 1296 2727 itaque
1324 2691 1397 2714 nox
1424 2680 1519 2714 diem
1543 2691 1601 2714 se-

158 2723 303 2770 quitur,
325 2731 362 2759 et
396 2726 442 2761 ab
476 2727 583 2763 initio
608 2728 683 2763 diei
717 2728 908 2775 noctisque
931 2729 1177 2765 ‘numeratur.¹'
1212 2727 1443 2775 quamohrem
1471 2727 1509 2763 in
1534 2727 1602 2763 hae
