<?xml version="1.0" encoding="UTF-8"?>
<!DOCTYPE html PUBLIC "-//W3C//DTD XHTML 1.0 Transitional//EN"
    "http://www.w3.org/TR/xhtml1/DTD/xhtml1-transitional.dtd">
<html xmlns="http://www.w3.org/1999/xhtml" xml:lang="en" lang="en">
 <head>
  <title>
</title>
<meta http-equiv="Content-Type" content="text/html;charset=utf-8" />
  <meta name='ocr-system' content='tesseract 3.04.00' />
  <meta name='ocr-capabilities' content='ocr_page ocr_carea ocr_par ocr_line ocrx_word'/>
</head>
<body>
  <div class='ocr_page' id='page_1' title='image "./corpusscriptorum37niebuoft/corpusscriptorum37niebuoft_0186.png"; bbox 0 0 1826 3120; ppageno 0'>
   <div class='ocr_carea' id='block_1_1' title="bbox 271 163 1240 228">
    <p class='ocr_par' dir='ltr' id='par_1_1' title="bbox 271 163 1240 228">
     <span class='ocr_line' id='line_1_1' title="bbox 271 163 1240 228; baseline 0 -13"><span class='ocrx_word' id='word_1_1' title='bbox 271 163 371 228; x_wconf 66' lang='lat'>164</span> <span class='ocrx_word' id='word_1_2' title='bbox 699 176 984 222; x_wconf 76' lang='lat' dir='ltr'><strong>MlcflAELls</strong></span> <span class='ocrx_word' id='word_1_3' title='bbox 1028 174 1240 216; x_wconf 69' lang='lat' dir='ltr'>GLYCAE</span> 
     </span>
    </p>
   </div>
   <div class='ocr_carea' id='block_1_2' title="bbox 144 258 1762 1766">
    <p class='ocr_par' dir='ltr' id='par_1_2' title="bbox 144 258 1762 1766">
     <span class='ocr_line' id='line_1_2' title="bbox 258 258 1694 320; baseline -0.006 -9"><span class='ocrx_word' id='word_1_4' title='bbox 258 269 443 311; x_wconf 75' lang='grc' dir='ltr'><em>ὑπέκειτο</em></span> <span class='ocrx_word' id='word_1_5' title='bbox 462 302 473 320; x_wconf 90' lang='lat'><em>,</em></span> <span class='ocrx_word' id='word_1_6' title='bbox 519 267 640 307; x_wconf 68' lang='grc' dir='ltr'><strong><em>οὐδ’ἐν</em></strong></span> <span class='ocrx_word' id='word_1_7' title='bbox 668 282 709 306; x_wconf 89' lang='grc' dir='ltr'>τι</span> <span class='ocrx_word' id='word_1_8' title='bbox 753 265 1023 315; x_wconf 72' lang='grc' dir='ltr'><strong><em>παριστῶμεν</em></strong></span> <span class='ocrx_word' id='word_1_9' title='bbox 1051 265 1192 317; x_wconf 76' lang='grc' dir='ltr'><strong><em>ἕτερον</em></strong></span> <span class='ocrx_word' id='word_1_10' title='bbox 1219 258 1247 317; x_wconf 74' lang='grc' dir='ltr'><em>ἢ</em></span> <span class='ocrx_word' id='word_1_11' title='bbox 1275 259 1342 304; x_wconf 77' lang='grc' dir='ltr'>ὅτι</span> <span class='ocrx_word' id='word_1_12' title='bbox 1369 262 1482 319; x_wconf 75' lang='grc' dir='ltr'><strong><em>παρὰ</em></strong></span> <span class='ocrx_word' id='word_1_13' title='bbox 1513 264 1618 304; x_wconf 75' lang='grc' dir='ltr'><strong><em>θεοῦ</em></strong></span> <span class='ocrx_word' id='word_1_14' title='bbox 1646 261 1694 307; x_wconf 74' lang='grc' dir='ltr'>τὰ</span> 
     </span>
     <span class='ocr_line' id='line_1_3' title="bbox 256 323 1698 389; baseline -0.005 -12"><span class='ocrx_word' id='word_1_15' title='bbox 256 335 482 389; x_wconf 76' lang='grc' dir='ltr'><em>κατάρχειν</em></span> <span class='ocrx_word' id='word_1_16' title='bbox 510 333 627 386; x_wconf 76' lang='grc' dir='ltr'><strong><em>ἡμῶν</em></strong></span> <span class='ocrx_word' id='word_1_17' title='bbox 657 329 779 383; x_wconf 77' lang='grc' dir='ltr'><strong><em>ἔσχεν</em></strong></span> <span class='ocrx_word' id='word_1_18' title='bbox 804 327 830 384; x_wconf 76' lang='grc' dir='ltr'><em>ἦ</em></span> <span class='ocrx_word' id='word_1_19' title='bbox 859 346 901 372; x_wconf 85' lang='grc' dir='ltr'>τε</span> <span class='ocrx_word' id='word_1_20' title='bbox 931 327 1072 384; x_wconf 73' lang='grc' dir='ltr'><strong><em>φθορὰ</em></strong></span> <span class='ocrx_word' id='word_1_21' title='bbox 1101 329 1172 369; x_wconf 85' lang='grc' dir='ltr'><em>καί</em></span> <span class='ocrx_word' id='word_1_22' title='bbox 1197 327 1218 369; x_wconf 81' lang='grc' dir='ltr'><em>ὃ</em></span> <span class='ocrx_word' id='word_1_23' title='bbox 1253 329 1444 378; x_wconf 74' lang='grc' dir='ltr'><strong><em>θάνατος,</em></strong></span> <span class='ocrx_word' id='word_1_24' title='bbox 1498 330 1591 370; x_wconf 70' lang='grc' dir='ltr'>ἀλλ’</span> <span class='ocrx_word' id='word_1_25' title='bbox 1623 323 1698 372; x_wconf 77' lang='grc' dir='ltr'>οὔκ</span> 
     </span>
     <span class='ocr_line' id='line_1_4' title="bbox 144 391 1700 449; baseline -0.002 -11"><span class='ocrx_word' id='word_1_26' title='bbox 144 405 184 438; x_wconf 90' lang='lat' dir='ltr'>V.</span> <span class='ocrx_word' id='word_1_27' title='bbox 199 406 240 449; x_wconf 83' lang='lat'>67</span> <span class='ocrx_word' id='word_1_28' title='bbox 256 399 344 442; x_wconf 82' lang='grc' dir='ltr'><strong><em>ἔστι</em></strong></span> <span class='ocrx_word' id='word_1_29' title='bbox 393 400 546 449; x_wconf 81' lang='grc' dir='ltr'><strong><em>τοῦτο,</em></strong></span> <span class='ocrx_word' id='word_1_30' title='bbox 598 395 671 435; x_wconf 77' lang='grc' dir='ltr'>οὐκ</span> <span class='ocrx_word' id='word_1_31' title='bbox 713 393 856 447; x_wconf 83' lang='grc' dir='ltr'><strong><em>ἔστιν,</em></strong></span> <span class='ocrx_word' id='word_1_32' title='bbox 901 393 964 436; x_wconf 77' lang='grc' dir='ltr'>ὅτι</span> <span class='ocrx_word' id='word_1_33' title='bbox 1002 395 1111 448; x_wconf 75' lang='grc' dir='ltr'>μηδὲ</span> <span class='ocrx_word' id='word_1_34' title='bbox 1150 392 1361 444; x_wconf 76' lang='grc' dir='ltr'><strong><em>θανάτου,</em></strong></span> <span class='ocrx_word' id='word_1_35' title='bbox 1401 393 1514 436; x_wconf 68' lang='grc' dir='ltr'><strong><em>καθὰ</em></strong></span> <span class='ocrx_word' id='word_1_36' title='bbox 1544 393 1595 449; x_wconf 75' lang='grc' dir='ltr'><em>δὴ</em></span> <span class='ocrx_word' id='word_1_37' title='bbox 1626 391 1700 435; x_wconf 73' lang='grc' dir='ltr'><strong><em>καὶ</em></strong></span> 
     </span>
     <span class='ocr_line' id='line_1_5' title="bbox 217 453 1751 518; baseline -0.005 -12"><span class='ocrx_word' id='word_1_38' title='bbox 217 466 521 518; x_wconf 78' lang='grc' dir='ltr'><strong><em>Βπροείρηται,</em></strong></span> <span class='ocrx_word' id='word_1_39' title='bbox 561 460 730 516; x_wconf 79' lang='grc' dir='ltr'><strong><em>ποιητὴς</em></strong></span> <span class='ocrx_word' id='word_1_40' title='bbox 768 460 789 502; x_wconf 86' lang='grc' dir='ltr'><strong><em>ὃ</em></strong></span> <span class='ocrx_word' id='word_1_41' title='bbox 815 460 927 509; x_wconf 73' lang='grc' dir='ltr'><strong><em>θεός,</em></strong></span> <span class='ocrx_word' id='word_1_42' title='bbox 999 459 1284 515; x_wconf 77' lang='grc' dir='ltr'><strong><em>α’μφιβάλλειν</em></strong></span> <span class='ocrx_word' id='word_1_43' title='bbox 1319 453 1394 500; x_wconf 78' lang='grc' dir='ltr'><strong><em>οὖν</em></strong></span> <span class='ocrx_word' id='word_1_44' title='bbox 1433 459 1503 502; x_wconf 77' lang='grc' dir='ltr'>ἐπὶ</span> <span class='ocrx_word' id='word_1_45' title='bbox 1536 458 1698 508; x_wconf 81' lang='grc' dir='ltr'><strong><em>τούτοις</em></strong></span> <span class='ocrx_word' id='word_1_46' title='bbox 1749 472 1751 477; x_wconf 79' lang='grc'><em>’</em></span> 
     </span>
     <span class='ocr_line' id='line_1_6' title="bbox 254 515 1734 581; baseline -0.003 -11"><span class='ocrx_word' id='word_1_47' title='bbox 254 531 328 571; x_wconf 73' lang='grc' dir='ltr'>οὐκ</span> <span class='ocrx_word' id='word_1_48' title='bbox 359 525 483 578; x_wconf 72' lang='grc' dir='ltr'><strong><em>ἄξιον.</em></strong></span> <span class='ocrx_word' id='word_1_49' title='bbox 555 528 594 568; x_wconf 86' lang='grc' dir='ltr'>εἰ</span> <span class='ocrx_word' id='word_1_50' title='bbox 619 529 696 579; x_wconf 81' lang='grc' dir='ltr'><strong><em>μὲν</em></strong></span> <span class='ocrx_word' id='word_1_51' title='bbox 725 526 801 581; x_wconf 84' lang='grc' dir='ltr'>γὰρ</span> <span class='ocrx_word' id='word_1_52' title='bbox 830 523 896 568; x_wconf 81' lang='grc' dir='ltr'>ὅτε</span> <span class='ocrx_word' id='word_1_53' title='bbox 927 525 1141 581; x_wconf 80' lang='grc' dir='ltr'><em>παρήγαγε</em></span> <span class='ocrx_word' id='word_1_54' title='bbox 1172 521 1242 567; x_wconf 87' lang='grc' dir='ltr'><strong><em>τὸν</em></strong></span> <span class='ocrx_word' id='word_1_55' title='bbox 1272 519 1494 579; x_wconf 73' lang='grc' dir='ltr'><strong><em>ἄνθρωπον</em></strong></span> <span class='ocrx_word' id='word_1_56' title='bbox 1521 515 1545 566; x_wconf 66' lang='grc' dir='ltr'>ὅ</span> <span class='ocrx_word' id='word_1_57' title='bbox 1573 525 1734 577; x_wconf 77' lang='grc' dir='ltr'><strong><em>θεός,5</em></strong></span> 
     </span>
     <span class='ocr_line' id='line_1_7' title="bbox 251 587 1695 648; baseline -0.003 -11"><span class='ocrx_word' id='word_1_58' title='bbox 251 597 342 638; x_wconf 82' lang='grc' dir='ltr'><strong><em>τότε</em></strong></span> <span class='ocrx_word' id='word_1_59' title='bbox 373 592 474 648; x_wconf 87' lang='grc' dir='ltr'><strong><em>πρὸς</em></strong></span> <span class='ocrx_word' id='word_1_60' title='bbox 502 591 629 634; x_wconf 69' lang='grc' dir='ltr'><strong><em>αὐτὸν</em></strong></span> <span class='ocrx_word' id='word_1_61' title='bbox 660 591 793 646; x_wconf 68' lang='grc' dir='ltr'><strong><em>ἔλεγεν</em></strong></span> <span class='ocrx_word' id='word_1_62' title='bbox 822 587 876 648; x_wconf 79' lang='grc' dir='ltr'>,,ᾗ</span> <span class='ocrx_word' id='word_1_63' title='bbox 896 593 934 634; x_wconf 74' lang='grc' dir='ltr'>δ’</span> <span class='ocrx_word' id='word_1_64' title='bbox 964 587 1015 632; x_wconf 77' lang='grc' dir='ltr'><strong><em>ἂν</em></strong></span> <span class='ocrx_word' id='word_1_65' title='bbox 1037 591 1171 648; x_wconf 73' lang='grc' dir='ltr'><strong><em>ἡμέρᾳ</em></strong></span> <span class='ocrx_word' id='word_1_66' title='bbox 1202 590 1363 646; x_wconf 78' lang='grc' dir='ltr'><strong><em>φάγητε</em></strong></span> <span class='ocrx_word' id='word_1_67' title='bbox 1392 589 1474 631; x_wconf 86' lang='grc' dir='ltr'><strong><em>α’πό</em></strong></span> <span class='ocrx_word' id='word_1_68' title='bbox 1505 592 1695 646; x_wconf 65' lang='grc' dir='ltr'><strong><em>τοίἴφυ-</em></strong></span> 
     </span>
     <span class='ocr_line' id='line_1_8' title="bbox 252 653 1696 716; baseline -0.003 -14"><span class='ocrx_word' id='word_1_69' title='bbox 252 662 349 714; x_wconf 79' lang='grc' dir='ltr'><strong><em>τοῦ,</em></strong></span> <span class='ocrx_word' id='word_1_70' title='bbox 379 659 549 716; x_wconf 77' lang='grc' dir='ltr'><strong><em>θανάτῳ</em></strong></span> <span class='ocrx_word' id='word_1_71' title='bbox 581 659 863 700; x_wconf 68' lang='grc' dir='ltr'><strong><em>ἀποθανεῖσθε</em></strong></span> <span class='ocrx_word' id='word_1_72' title='bbox 879 660 914 709; x_wconf 82' lang='grc'>,”</span> <span class='ocrx_word' id='word_1_73' title='bbox 949 654 1063 712; x_wconf 80' lang='grc' dir='ltr'><strong><em>εἶχον</em></strong></span> <span class='ocrx_word' id='word_1_74' title='bbox 1093 653 1146 699; x_wconf 76' lang='grc' dir='ltr'><strong><em>ἄν</em></strong></span> <span class='ocrx_word' id='word_1_75' title='bbox 1178 673 1217 699; x_wconf 88' lang='grc' dir='ltr'>τι</span> <span class='ocrx_word' id='word_1_76' title='bbox 1247 658 1319 697; x_wconf 81' lang='grc' dir='ltr'><em>καί</em></span> <span class='ocrx_word' id='word_1_77' title='bbox 1345 656 1479 710; x_wconf 84' lang='grc' dir='ltr'><strong><em>λέγειν</em></strong></span> <span class='ocrx_word' id='word_1_78' title='bbox 1507 654 1545 698; x_wconf 81' lang='grc' dir='ltr'>οἱ</span> <span class='ocrx_word' id='word_1_79' title='bbox 1569 657 1696 709; x_wconf 81' lang='grc' dir='ltr'>μέσον</span> 
     </span>
     <span class='ocr_line' id='line_1_9' title="bbox 252 720 1695 779; baseline -0.001 -13"><span class='ocrx_word' id='word_1_80' title='bbox 252 725 379 767; x_wconf 71' lang='grc' dir='ltr'><strong><em>αὐτὸν</em></strong></span> <span class='ocrx_word' id='word_1_81' title='bbox 408 727 643 773; x_wconf 72' lang='grc' dir='ltr'><strong><em>ἀθανασίας</em></strong></span> <span class='ocrx_word' id='word_1_82' title='bbox 671 722 776 766; x_wconf 80' lang='grc' dir='ltr'><strong><em>εἰναι</em></strong></span> <span class='ocrx_word' id='word_1_83' title='bbox 805 726 877 764; x_wconf 86' lang='grc' dir='ltr'><em>καί</em></span> <span class='ocrx_word' id='word_1_84' title='bbox 905 723 1147 779; x_wconf 77' lang='grc' dir='ltr'><strong><em>θνητότητος</em></strong></span> <span class='ocrx_word' id='word_1_85' title='bbox 1177 724 1371 775; x_wconf 81' lang='grc' dir='ltr'><strong><em>λέγοντες.</em></strong></span> <span class='ocrx_word' id='word_1_86' title='bbox 1401 720 1496 764; x_wconf 71' lang='grc' dir='ltr'><strong><em>ἐπεὶ</em></strong></span> <span class='ocrx_word' id='word_1_87' title='bbox 1521 722 1568 763; x_wconf 78' lang='grc' dir='ltr'>δὲ</span> <span class='ocrx_word' id='word_1_88' title='bbox 1594 725 1695 764; x_wconf 84' lang='grc' dir='ltr'><strong><em>πολ-</em></strong></span> 
     </span>
     <span class='ocr_line' id='line_1_10' title="bbox 251 786 1713 847; baseline -0.003 -15"><span class='ocrx_word' id='word_1_89' title='bbox 251 793 308 847; x_wconf 76' lang='grc' dir='ltr'>λῷ</span> <span class='ocrx_word' id='word_1_90' title='bbox 336 790 437 843; x_wconf 77' lang='grc' dir='ltr'><strong><em>μετὰ</em></strong></span> <span class='ocrx_word' id='word_1_91' title='bbox 465 790 541 844; x_wconf 64' lang='grc' dir='ltr'><strong><em>τὴν</em></strong></span> <span class='ocrx_word' id='word_1_92' title='bbox 570 788 700 831; x_wconf 83' lang='grc' dir='ltr'><strong><em>αὗτοῦ</em></strong></span> <span class='ocrx_word' id='word_1_93' title='bbox 730 788 982 844; x_wconf 72' lang='grc' dir='ltr'><strong><em>παραγωγὴν</em></strong></span> <span class='ocrx_word' id='word_1_94' title='bbox 1008 786 1186 843; x_wconf 73' lang='grc' dir='ltr'><strong><em>ὕστερον</em></strong></span> <span class='ocrx_word' id='word_1_95' title='bbox 1211 790 1370 830; x_wconf 70' lang='grc' dir='ltr'><strong><em>ἐδίδοτο</em></strong></span> <span class='ocrx_word' id='word_1_96' title='bbox 1404 786 1454 829; x_wconf 78' lang='grc' dir='ltr'>τά</span> <span class='ocrx_word' id='word_1_97' title='bbox 1482 790 1555 839; x_wconf 75' lang='grc' dir='ltr'>τῆς</span> <span class='ocrx_word' id='word_1_98' title='bbox 1585 788 1713 830; x_wconf 28' lang='grc' dir='ltr'><strong><em>ἕντο-Λ</em></strong></span> 
     </span>
     <span class='ocr_line' id='line_1_11' title="bbox 250 851 1759 912; baseline -0.003 -14"><span class='ocrx_word' id='word_1_99' title='bbox 250 861 336 910; x_wconf 80' lang='grc' dir='ltr'>λῆς,</span> <span class='ocrx_word' id='word_1_100' title='bbox 372 859 452 912; x_wconf 72' lang='grc' dir='ltr'>ἀφ’</span> <span class='ocrx_word' id='word_1_101' title='bbox 478 852 531 910; x_wconf 71' lang='grc' dir='ltr'>ἧς</span> <span class='ocrx_word' id='word_1_102' title='bbox 559 851 643 911; x_wconf 65' lang='grc' dir='ltr'><strong><em>ἄρα</em></strong></span> <span class='ocrx_word' id='word_1_103' title='bbox 677 859 747 898; x_wconf 85' lang='grc' dir='ltr'><em>καί</em></span> <span class='ocrx_word' id='word_1_104' title='bbox 773 855 918 912; x_wconf 76' lang='grc' dir='ltr'><strong><em>χώραν</em></strong></span> <span class='ocrx_word' id='word_1_105' title='bbox 947 853 967 896; x_wconf 77' lang='grc' dir='ltr'><em>ὃ</em></span> <span class='ocrx_word' id='word_1_106' title='bbox 1000 853 1182 904; x_wconf 75' lang='grc' dir='ltr'><strong><em>θάνατος</em></strong></span> <span class='ocrx_word' id='word_1_107' title='bbox 1210 853 1421 908; x_wconf 75' lang='grc' dir='ltr'><strong><em>ἐλάμβανε</em></strong></span> <span class='ocrx_word' id='word_1_108' title='bbox 1450 851 1695 909; x_wconf 53' lang='grc' dir='ltr'><strong><em>καθῖῆμῶν</em></strong></span> <span class='ocrx_word' id='word_1_109' title='bbox 1713 865 1759 892; x_wconf 81' lang='lat'>10</span> 
     </span>
     <span class='ocr_line' id='line_1_12' title="bbox 252 918 1693 979; baseline -0.002 -16"><span class='ocrx_word' id='word_1_110' title='bbox 252 922 373 978; x_wconf 81' lang='grc' dir='ltr'><strong><em>&lt;,,ὲὰν</em></strong></span> <span class='ocrx_word' id='word_1_111' title='bbox 403 921 481 977; x_wconf 77' lang='grc' dir='ltr'>γάρ</span> <span class='ocrx_word' id='word_1_112' title='bbox 505 920 685 977; x_wconf 79' lang='grc' dir='ltr'><strong><em>φάγητε”</em></strong></span> <span class='ocrx_word' id='word_1_113' title='bbox 717 922 835 977; x_wconf 78' lang='grc' dir='ltr'><strong><em>φησί,</em></strong></span> <span class='ocrx_word' id='word_1_114' title='bbox 864 918 1064 979; x_wconf 57' lang='grc' dir='ltr'><strong><em>»θανάτῳ</em></strong></span> <span class='ocrx_word' id='word_1_115' title='bbox 1094 921 1448 976; x_wconf 73' lang='grc' dir='ltr'><strong><em>οἶποθανεῖσθε”),</em></strong></span> <span class='ocrx_word' id='word_1_116' title='bbox 1478 919 1693 975; x_wconf 81' lang='grc' dir='ltr'><strong><em>α’μφιβοὶλ-</em></strong></span> 
     </span>
     <span class='ocr_line' id='line_1_13' title="bbox 251 984 1696 1042; baseline -0.003 -13"><span class='ocrx_word' id='word_1_117' title='bbox 251 993 335 1030; x_wconf 75' lang='grc' dir='ltr'><strong><em>λειν</em></strong></span> <span class='ocrx_word' id='word_1_118' title='bbox 365 984 469 1036; x_wconf 78' lang='grc' dir='ltr'><strong><em>ὅλως</em></strong></span> <span class='ocrx_word' id='word_1_119' title='bbox 518 989 593 1029; x_wconf 69' lang='grc' dir='ltr'>οὐκ</span> <span class='ocrx_word' id='word_1_120' title='bbox 627 986 778 1042; x_wconf 69' lang='grc' dir='ltr'><strong><em>ἔπρεπε</em></strong></span> <span class='ocrx_word' id='word_1_121' title='bbox 819 985 918 1035; x_wconf 76' lang='grc' dir='ltr'>τούς</span> <span class='ocrx_word' id='word_1_122' title='bbox 961 988 1270 1040; x_wconf 77' lang='grc' dir='ltr'><strong><em>ἐπερχομένους</em></strong></span> <span class='ocrx_word' id='word_1_123' title='bbox 1291 986 1393 1033; x_wconf 83' lang='grc' dir='ltr'><strong><em>τέως</em></strong></span> <span class='ocrx_word' id='word_1_124' title='bbox 1423 985 1696 1039; x_wconf 76' lang='grc' dir='ltr'><strong><em>ἐρευνητικῶς</em></strong></span> 
     </span>
     <span class='ocr_line' id='line_1_14' title="bbox 249 1045 1697 1110; baseline -0.003 -15"><span class='ocrx_word' id='word_1_125' title='bbox 249 1055 322 1107; x_wconf 68' lang='grc' dir='ltr'><strong><em>τήν</em></strong></span> <span class='ocrx_word' id='word_1_126' title='bbox 347 1054 526 1110; x_wconf 79' lang='grc' dir='ltr'><strong><em>γραφήν.</em></strong></span> <span class='ocrx_word' id='word_1_127' title='bbox 593 1051 726 1095; x_wconf 80' lang='grc' dir='ltr'><strong><em>ἔκτισε</em></strong></span> <span class='ocrx_word' id='word_1_128' title='bbox 768 1055 845 1106; x_wconf 83' lang='grc' dir='ltr'><strong><em>μὲν</em></strong></span> <span class='ocrx_word' id='word_1_129' title='bbox 874 1049 961 1095; x_wconf 74' lang='grc' dir='ltr'><strong><em>ὀὖν</em></strong></span> <span class='ocrx_word' id='word_1_130' title='bbox 989 1051 1011 1093; x_wconf 80' lang='grc' dir='ltr'>ὅ</span> <span class='ocrx_word' id='word_1_131' title='bbox 1049 1050 1151 1100; x_wconf 77' lang='grc' dir='ltr'><strong><em>θεὸς</em></strong></span> <span class='ocrx_word' id='word_1_132' title='bbox 1178 1053 1242 1093; x_wconf 78' lang='grc' dir='ltr'>ἐπ’</span> <span class='ocrx_word' id='word_1_133' title='bbox 1271 1052 1493 1108; x_wconf 69' lang='grc' dir='ltr'><strong><em>ἀφθαρσίᾳ</em></strong></span> <span class='ocrx_word' id='word_1_134' title='bbox 1522 1049 1595 1092; x_wconf 84' lang='grc' dir='ltr'><strong><em>τὸν</em></strong></span> <span class='ocrx_word' id='word_1_135' title='bbox 1624 1045 1697 1092; x_wconf 74' lang='grc' dir='ltr'><strong><em>ἄν·</em></strong></span> 
     </span>
     <span class='ocr_line' id='line_1_15' title="bbox 212 1113 1697 1174; baseline -0.005 -10"><span class='ocrx_word' id='word_1_136' title='bbox 212 1125 421 1174; x_wconf 73' lang='grc' dir='ltr'><strong><em>Οθρωπον</em></strong></span> <span class='ocrx_word' id='word_1_137' title='bbox 462 1120 536 1161; x_wconf 70' lang='grc' dir='ltr'>ἀπ’</span> <span class='ocrx_word' id='word_1_138' title='bbox 573 1120 735 1174; x_wconf 79' lang='grc' dir='ltr'><strong><em>ἀρχῆς,</em></strong></span> <span class='ocrx_word' id='word_1_139' title='bbox 763 1120 975 1161; x_wconf 83' lang='grc' dir='ltr'><strong><em>τουτέστιν</em></strong></span> <span class='ocrx_word' id='word_1_140' title='bbox 1026 1113 1250 1174; x_wconf 71' lang='grc' dir='ltr'><strong><em>ἄφθαρτον</em></strong></span> <span class='ocrx_word' id='word_1_141' title='bbox 1296 1117 1445 1158; x_wconf 76' lang='grc' dir='ltr'><strong><em>αὐτίκα</em></strong></span> <span class='ocrx_word' id='word_1_142' title='bbox 1484 1115 1697 1172; x_wconf 76' lang='grc' dir='ltr'><em>παρήγαγε</em></span> 
     </span>
     <span class='ocr_line' id='line_1_16' title="bbox 252 1181 1760 1240; baseline -0.002 -13"><span class='ocrx_word' id='word_1_143' title='bbox 252 1191 340 1228; x_wconf 79' lang='grc' dir='ltr'><strong><em>κατ’</em></strong></span> <span class='ocrx_word' id='word_1_144' title='bbox 369 1187 505 1228; x_wconf 78' lang='grc' dir='ltr'>εἰκόνα</span> <span class='ocrx_word' id='word_1_145' title='bbox 536 1188 609 1239; x_wconf 82' lang='grc' dir='ltr'>τῆς</span> <span class='ocrx_word' id='word_1_146' title='bbox 640 1183 876 1240; x_wconf 71' lang='grc' dir='ltr'><strong><em>ἆϊδιότητος</em></strong></span> <span class='ocrx_word' id='word_1_147' title='bbox 906 1181 1051 1228; x_wconf 67' lang='grc' dir='ltr'><strong><em>αὐτοῦ.</em></strong></span> <span class='ocrx_word' id='word_1_148' title='bbox 1714 1183 1760 1224; x_wconf 76' lang='grc'>15</span> 
     </span>
     <span class='ocr_line' id='line_1_17' title="bbox 360 1246 1697 1307; baseline -0.002 -13"><span class='ocrx_word' id='word_1_149' title='bbox 360 1250 485 1294; x_wconf 78' lang='grc' dir='ltr'>Ἀλλὰ</span> <span class='ocrx_word' id='word_1_150' title='bbox 515 1251 573 1307; x_wconf 71' lang='grc' dir='ltr'>μή</span> <span class='ocrx_word' id='word_1_151' title='bbox 606 1253 855 1305; x_wconf 76' lang='grc' dir='ltr'><strong><em>δυσχέραινε</em></strong></span> <span class='ocrx_word' id='word_1_152' title='bbox 884 1249 1029 1292; x_wconf 82' lang='grc' dir='ltr'><strong><em>τούτου</em></strong></span> <span class='ocrx_word' id='word_1_153' title='bbox 1067 1252 1214 1292; x_wconf 75' lang='grc' dir='ltr'><strong><em>ἕνεκεν.</em></strong></span> <span class='ocrx_word' id='word_1_154' title='bbox 1271 1247 1381 1303; x_wconf 79' lang='grc' dir='ltr'><strong><em>ἔχεις</em></strong></span> <span class='ocrx_word' id='word_1_155' title='bbox 1406 1246 1477 1291; x_wconf 81' lang='grc' dir='ltr'><strong><em>τὸν</em></strong></span> <span class='ocrx_word' id='word_1_156' title='bbox 1504 1249 1697 1305; x_wconf 80' lang='grc' dir='ltr'><strong><em>Σιναΐτην</em></strong></span> 
     </span>
     <span class='ocr_line' id='line_1_18' title="bbox 252 1312 1700 1374; baseline -0.002 -15"><span class='ocrx_word' id='word_1_157' title='bbox 252 1321 366 1359; x_wconf 75' lang='grc' dir='ltr'><strong><em>θεῖον</em></strong></span> <span class='ocrx_word' id='word_1_158' title='bbox 407 1316 682 1360; x_wconf 73' lang='grc' dir='ltr'><strong><em>Ἀναστασιον</em></strong></span> <span class='ocrx_word' id='word_1_159' title='bbox 708 1319 752 1359; x_wconf 80' lang='grc' dir='ltr'><strong><em>ἐν</em></strong></span> <span class='ocrx_word' id='word_1_160' title='bbox 780 1318 837 1374; x_wconf 75' lang='grc' dir='ltr'>τῷ</span> <span class='ocrx_word' id='word_1_161' title='bbox 873 1315 972 1371; x_wconf 74' lang='grc' dir='ltr'><strong><em>περὶ</em></strong></span> <span class='ocrx_word' id='word_1_162' title='bbox 1011 1312 1278 1364; x_wconf 72' lang='grc' dir='ltr'><strong><em>ἀναστάσεως</em></strong></span> <span class='ocrx_word' id='word_1_163' title='bbox 1307 1313 1413 1372; x_wconf 81' lang='grc' dir='ltr'><strong><em>λόγῳ</em></strong></span> <span class='ocrx_word' id='word_1_164' title='bbox 1442 1314 1575 1356; x_wconf 69' lang='grc' dir='ltr'><strong><em>αὐτοῦ</em></strong></span> <span class='ocrx_word' id='word_1_165' title='bbox 1602 1313 1700 1369; x_wconf 78' lang='grc' dir='ltr'><strong><em>περὶ</em></strong></span> 
     </span>
     <span class='ocr_line' id='line_1_19' title="bbox 255 1375 1694 1437; baseline -0.003 -12"><span class='ocrx_word' id='word_1_166' title='bbox 255 1382 412 1425; x_wconf 74' lang='grc' dir='ltr'><strong><em>τούτων</em></strong></span> <span class='ocrx_word' id='word_1_167' title='bbox 441 1380 550 1424; x_wconf 71' lang='grc' dir='ltr'><strong><em>οὕτω</em></strong></span> <span class='ocrx_word' id='word_1_168' title='bbox 578 1386 762 1437; x_wconf 84' lang='grc' dir='ltr'><strong><em>λέγοντα.</em></strong></span> <span class='ocrx_word' id='word_1_169' title='bbox 818 1385 918 1436; x_wconf 84' lang='grc' dir='ltr'><strong><em>,,και“</em></strong></span> <span class='ocrx_word' id='word_1_170' title='bbox 942 1381 1110 1436; x_wconf 74' lang='grc' dir='ltr'><strong><em>ἐποίησε</em></strong></span> <span class='ocrx_word' id='word_1_171' title='bbox 1142 1379 1214 1423; x_wconf 86' lang='grc' dir='ltr'><strong><em>τὸν</em></strong></span> <span class='ocrx_word' id='word_1_172' title='bbox 1242 1375 1464 1436; x_wconf 66' lang='grc' dir='ltr'><strong><em>ἄνθρωπον</em></strong></span> <span class='ocrx_word' id='word_1_173' title='bbox 1506 1379 1527 1422; x_wconf 81' lang='grc' dir='ltr'>ὅ</span> <span class='ocrx_word' id='word_1_174' title='bbox 1567 1380 1694 1430; x_wconf 73' lang='grc' dir='ltr'><strong><em>θεός·</em></strong></span> 
     </span>
     <span class='ocr_line' id='line_1_20' title="bbox 255 1443 1696 1503; baseline -0.001 -13"><span class='ocrx_word' id='word_1_175' title='bbox 255 1451 339 1491; x_wconf 86' lang='grc' dir='ltr'><strong><em>κατ’</em></strong></span> <span class='ocrx_word' id='word_1_176' title='bbox 367 1448 506 1490; x_wconf 76' lang='grc' dir='ltr'><strong><em>εἰκόνα</em></strong></span> <span class='ocrx_word' id='word_1_177' title='bbox 533 1451 639 1490; x_wconf 70' lang='grc' dir='ltr'><strong><em>θεοῦ</em></strong></span> <span class='ocrx_word' id='word_1_178' title='bbox 667 1450 857 1503; x_wconf 79' lang='grc' dir='ltr'><strong><em>ἐποίησεν</em></strong></span> <span class='ocrx_word' id='word_1_179' title='bbox 886 1445 1025 1490; x_wconf 72' lang='grc' dir='ltr'><strong><em>αὐτόν.</em></strong></span> <span class='ocrx_word' id='word_1_180' title='bbox 1055 1445 1198 1502; x_wconf 76' lang='grc' dir='ltr'><strong><em>πρώτη</em></strong></span> <span class='ocrx_word' id='word_1_181' title='bbox 1227 1450 1392 1501; x_wconf 78' lang='grc' dir='ltr'><strong><em>ποίησις</em></strong></span> <span class='ocrx_word' id='word_1_182' title='bbox 1424 1443 1542 1501; x_wconf 72' lang='grc' dir='ltr'><strong><em>αὕτη,</em></strong></span> <span class='ocrx_word' id='word_1_183' title='bbox 1571 1446 1696 1500; x_wconf 75' lang='grc' dir='ltr'><strong><em>ἁπλῆ,</em></strong></span> 
     </span>
     <span class='ocr_line' id='line_1_21' title="bbox 256 1508 1762 1570; baseline -0.003 -14"><span class='ocrx_word' id='word_1_184' title='bbox 256 1513 432 1568; x_wconf 75' lang='grc' dir='ltr'><strong><em>ἄζυγος,</em></strong></span> <span class='ocrx_word' id='word_1_185' title='bbox 463 1511 720 1570; x_wconf 76' lang='grc' dir='ltr'><strong><em>ἇφθαρτος.”</em></strong></span> <span class='ocrx_word' id='word_1_186' title='bbox 794 1514 908 1568; x_wconf 85' lang='grc' dir='ltr'><strong><em>εἴπερ</em></strong></span> <span class='ocrx_word' id='word_1_187' title='bbox 956 1509 1031 1555; x_wconf 78' lang='grc' dir='ltr'><strong><em>οὖν</em></strong></span> <span class='ocrx_word' id='word_1_188' title='bbox 1059 1513 1084 1567; x_wconf 81' lang='grc' dir='ltr'><em>ἦ</em></span> <span class='ocrx_word' id='word_1_189' title='bbox 1114 1511 1256 1567; x_wconf 83' lang='grc' dir='ltr'><strong><em>πρώτη</em></strong></span> <span class='ocrx_word' id='word_1_190' title='bbox 1285 1514 1450 1566; x_wconf 82' lang='grc' dir='ltr'><strong><em>ποίησις</em></strong></span> <span class='ocrx_word' id='word_1_191' title='bbox 1478 1508 1696 1568; x_wconf 71' lang='grc' dir='ltr'><strong><em>ἄφθαρτος</em></strong></span> <span class='ocrx_word' id='word_1_192' title='bbox 1710 1529 1762 1556; x_wconf 80' lang='lat'>20</span> 
     </span>
     <span class='ocr_line' id='line_1_22' title="bbox 259 1574 1700 1635; baseline -0.001 -15"><span class='ocrx_word' id='word_1_193' title='bbox 259 1576 308 1634; x_wconf 73' lang='grc' dir='ltr'><strong><em>ἦν</em></strong></span> <span class='ocrx_word' id='word_1_194' title='bbox 326 1611 337 1632; x_wconf 88' lang='grc'><strong><em>,</em></strong></span> <span class='ocrx_word' id='word_1_195' title='bbox 370 1580 425 1629; x_wconf 80' lang='grc' dir='ltr'>ὥς</span> <span class='ocrx_word' id='word_1_196' title='bbox 455 1578 475 1620; x_wconf 82' lang='grc' dir='ltr'>ὅ</span> <span class='ocrx_word' id='word_1_197' title='bbox 507 1582 756 1635; x_wconf 71' lang='grc' dir='ltr'><strong><em>διαληφθείς</em></strong></span> <span class='ocrx_word' id='word_1_198' title='bbox 787 1574 905 1628; x_wconf 74' lang='grc' dir='ltr'><strong><em>οὗτος</em></strong></span> <span class='ocrx_word' id='word_1_199' title='bbox 933 1577 1014 1635; x_wconf 77' lang='grc' dir='ltr'>ἔφη</span> <span class='ocrx_word' id='word_1_200' title='bbox 1043 1582 1157 1627; x_wconf 76' lang='grc' dir='ltr'><strong><em>θεῖος</em></strong></span> <span class='ocrx_word' id='word_1_201' title='bbox 1200 1575 1326 1632; x_wconf 85' lang='grc' dir='ltr'><strong><em>α’νήρ,</em></strong></span> <span class='ocrx_word' id='word_1_202' title='bbox 1356 1577 1454 1631; x_wconf 75' lang='grc' dir='ltr'><strong><em>περὶ</em></strong></span> <span class='ocrx_word' id='word_1_203' title='bbox 1483 1579 1560 1618; x_wconf 78' lang='grc' dir='ltr'>τοῦ</span> <span class='ocrx_word' id='word_1_204' title='bbox 1583 1578 1700 1633; x_wconf 78' lang='grc' dir='ltr'><strong><em>πριό-</em></strong></span> 
     </span>
     <span class='ocr_line' id='line_1_23' title="bbox 258 1640 1697 1700; baseline -0.002 -13"><span class='ocrx_word' id='word_1_205' title='bbox 258 1661 330 1687; x_wconf 85' lang='grc' dir='ltr'>του</span> <span class='ocrx_word' id='word_1_206' title='bbox 359 1644 517 1687; x_wconf 79' lang='grc' dir='ltr'><strong><em>ἐκείνου</em></strong></span> <span class='ocrx_word' id='word_1_207' title='bbox 548 1646 592 1687; x_wconf 84' lang='grc' dir='ltr'>τί</span> <span class='ocrx_word' id='word_1_208' title='bbox 613 1644 696 1700; x_wconf 63' lang='grc' dir='ltr'>χρὴ</span> <span class='ocrx_word' id='word_1_209' title='bbox 729 1646 797 1687; x_wconf 85' lang='grc' dir='ltr'><strong><em>καί</em></strong></span> <span class='ocrx_word' id='word_1_210' title='bbox 825 1647 955 1695; x_wconf 80' lang='grc' dir='ltr'><strong><em>λέγειν</em></strong></span> <span class='ocrx_word' id='word_1_211' title='bbox 987 1643 1209 1700; x_wconf 75' lang='grc' dir='ltr'><strong><em>ἀνθρώπου</em></strong></span> <span class='ocrx_word' id='word_1_212' title='bbox 1225 1661 1239 1695; x_wconf 87' lang='grc'>,·</span> <span class='ocrx_word' id='word_1_213' title='bbox 1274 1640 1492 1699; x_wconf 72' lang='grc' dir='ltr'><strong><em>ἄφθαρτον</em></strong></span> <span class='ocrx_word' id='word_1_214' title='bbox 1511 1645 1588 1696; x_wconf 83' lang='grc' dir='ltr'><strong><em>μὲν</em></strong></span> <span class='ocrx_word' id='word_1_215' title='bbox 1617 1641 1697 1699; x_wconf 73' lang='grc' dir='ltr'>γὰρ</span> 
     </span>
     <span class='ocr_line' id='line_1_24' title="bbox 217 1705 1702 1766; baseline 0 -15"><span class='ocrx_word' id='word_1_216' title='bbox 217 1709 389 1753; x_wconf 75' lang='grc' dir='ltr'><strong><em>Βαιῖτόν</em></strong></span> <span class='ocrx_word' id='word_1_217' title='bbox 436 1711 458 1752; x_wconf 83' lang='grc' dir='ltr'>ὁ</span> <span class='ocrx_word' id='word_1_218' title='bbox 502 1710 599 1762; x_wconf 75' lang='grc' dir='ltr'><strong><em>θεὸς</em></strong></span> <span class='ocrx_word' id='word_1_219' title='bbox 645 1711 797 1753; x_wconf 72' lang='grc' dir='ltr'><strong><em>αὐτίκα</em></strong></span> <span class='ocrx_word' id='word_1_220' title='bbox 826 1710 1087 1766; x_wconf 78' lang='grc' dir='ltr'><strong><em>παρήγαγεν,</em></strong></span> <span class='ocrx_word' id='word_1_221' title='bbox 1131 1707 1189 1759; x_wconf 76' lang='grc' dir='ltr'>ὥς</span> <span class='ocrx_word' id='word_1_222' title='bbox 1220 1705 1300 1764; x_wconf 71' lang='grc' dir='ltr'>ἤδη</span> <span class='ocrx_word' id='word_1_223' title='bbox 1331 1710 1600 1765; x_wconf 85' lang='grc' dir='ltr'><strong><em>προείρηται,</em></strong></span> <span class='ocrx_word' id='word_1_224' title='bbox 1629 1710 1702 1751; x_wconf 83' lang='grc' dir='ltr'><strong><em>καί</em></strong></span> 
     </span>
    </p>
   </div>
   <div class='ocr_carea' id='block_1_3' title="bbox 262 1907 1705 2800">
    <p class='ocr_par' dir='ltr' id='par_1_3' title="bbox 262 1907 1703 2519">
     <span class='ocr_line' id='line_1_25' title="bbox 262 1907 1698 1952; baseline -0.006 -5"><span class='ocrx_word' id='word_1_225' title='bbox 262 1921 360 1947; x_wconf 78' lang='lat' dir='ltr'>ctore</span> <span class='ocrx_word' id='word_1_226' title='bbox 385 1912 452 1946; x_wconf 85' lang='lat' dir='ltr'>deo</span> <span class='ocrx_word' id='word_1_227' title='bbox 479 1912 522 1945; x_wconf 81' lang='lat' dir='ltr'>ab</span> <span class='ocrx_word' id='word_1_228' title='bbox 546 1912 649 1946; x_wconf 84' lang='lat' dir='ltr'>initio</span> <span class='ocrx_word' id='word_1_229' title='bbox 675 1912 794 1946; x_wconf 83' lang='lat' dir='ltr'>statim</span> <span class='ocrx_word' id='word_1_230' title='bbox 822 1911 1007 1944; x_wconf 85' lang='lat' dir='ltr'>interitum</span> <span class='ocrx_word' id='word_1_231' title='bbox 1031 1921 1072 1943; x_wconf 89' lang='lat' dir='ltr'>ac</span> <span class='ocrx_word' id='word_1_232' title='bbox 1095 1915 1243 1943; x_wconf 89' lang='lat' dir='ltr'>mortem</span> <span class='ocrx_word' id='word_1_233' title='bbox 1267 1909 1305 1942; x_wconf 87' lang='lat' dir='ltr'>in</span> <span class='ocrx_word' id='word_1_234' title='bbox 1329 1919 1394 1940; x_wconf 90' lang='lat' dir='ltr'>nos</span> <span class='ocrx_word' id='word_1_235' title='bbox 1420 1907 1606 1952; x_wconf 89' lang='lat' dir='ltr'>imperium</span> <span class='ocrx_word' id='word_1_236' title='bbox 1635 1907 1698 1940; x_wconf 81' lang='lat' dir='ltr'>ha-</span> 
     </span>
     <span class='ocr_line' id='line_1_26' title="bbox 262 1953 1700 2004; baseline -0.004 -10"><span class='ocrx_word' id='word_1_237' title='bbox 262 1961 395 1994; x_wconf 87' lang='lat' dir='ltr'>buisse.</span> <span class='ocrx_word' id='word_1_238' title='bbox 419 1960 547 2004; x_wconf 85' lang='lat' dir='ltr'>nequit</span> <span class='ocrx_word' id='word_1_239' title='bbox 571 1965 689 1992; x_wconf 80' lang='lat' dir='ltr'>autem</span> <span class='ocrx_word' id='word_1_240' title='bbox 717 1959 787 1992; x_wconf 86' lang='lat' dir='ltr'>hoc</span> <span class='ocrx_word' id='word_1_241' title='bbox 809 1970 932 1991; x_wconf 89' lang='lat' dir='ltr'>verum</span> <span class='ocrx_word' id='word_1_242' title='bbox 959 1968 1052 1998; x_wconf 83' lang='lat' dir='ltr'>esse,</span> <span class='ocrx_word' id='word_1_243' title='bbox 1084 1957 1222 2001; x_wconf 82' lang='lat' dir='ltr'>nequit,</span> <span class='ocrx_word' id='word_1_244' title='bbox 1248 1967 1324 1988; x_wconf 85' lang='lat' dir='ltr'>cum</span> <span class='ocrx_word' id='word_1_245' title='bbox 1353 1961 1444 1987; x_wconf 80' lang='lat' dir='ltr'>mors</span> <span class='ocrx_word' id='word_1_246' title='bbox 1470 1966 1490 1987; x_wconf 83' lang='lat' dir='ltr'>a</span> <span class='ocrx_word' id='word_1_247' title='bbox 1518 1953 1606 1993; x_wconf 85' lang='lat' dir='ltr'>deo,</span> <span class='ocrx_word' id='word_1_248' title='bbox 1630 1955 1700 1988; x_wconf 81' lang='lat' dir='ltr'>sio-</span> 
     </span>
     <span class='ocr_line' id='line_1_27' title="bbox 263 2000 1699 2051; baseline -0.003 -11"><span class='ocrx_word' id='word_1_249' title='bbox 263 2009 316 2041; x_wconf 88' lang='lat' dir='ltr'>uti</span> <span class='ocrx_word' id='word_1_250' title='bbox 357 2007 532 2047; x_wconf 82' lang='lat' dir='ltr'>diximus,</span> <span class='ocrx_word' id='word_1_251' title='bbox 575 2006 735 2051; x_wconf 84' lang='lat' dir='ltr'>profecta</span> <span class='ocrx_word' id='word_1_252' title='bbox 769 2017 843 2038; x_wconf 89' lang='lat' dir='ltr'>non</span> <span class='ocrx_word' id='word_1_253' title='bbox 882 2005 1000 2038; x_wconf 83' lang='lat' dir='ltr'>fuerit.</span> <span class='ocrx_word' id='word_1_254' title='bbox 1027 2009 1241 2049; x_wconf 86' lang='lat' dir='ltr'>quapropter</span> <span class='ocrx_word' id='word_1_255' title='bbox 1270 2003 1383 2034; x_wconf 88' lang='lat' dir='ltr'>omnis</span> <span class='ocrx_word' id='word_1_256' title='bbox 1412 2000 1492 2034; x_wconf 90' lang='lat' dir='ltr'>heic</span> <span class='ocrx_word' id='word_1_257' title='bbox 1520 2000 1699 2036; x_wconf 82' lang='lat' dir='ltr'>dubitatio</span> 
     </span>
     <span class='ocr_line' id='line_1_28' title="bbox 264 2048 1701 2094; baseline -0.003 -7"><span class='ocrx_word' id='word_1_258' title='bbox 264 2056 422 2088; x_wconf 75' lang='lat' dir='ltr'>tollatur.</span> <span class='ocrx_word' id='word_1_259' title='bbox 447 2066 528 2086; x_wconf 90' lang='lat' dir='ltr'>nam</span> <span class='ocrx_word' id='word_1_260' title='bbox 551 2054 579 2086; x_wconf 86' lang='lat' dir='ltr'>si</span> <span class='ocrx_word' id='word_1_261' title='bbox 605 2055 747 2094; x_wconf 77' lang='lat' dir='ltr'>statim,</span> <span class='ocrx_word' id='word_1_262' title='bbox 773 2064 852 2086; x_wconf 87' lang='lat' dir='ltr'>cum</span> <span class='ocrx_word' id='word_1_263' title='bbox 876 2052 1056 2086; x_wconf 89' lang='lat' dir='ltr'>hominem</span> <span class='ocrx_word' id='word_1_264' title='bbox 1082 2049 1250 2084; x_wconf 85' lang='lat' dir='ltr'>conderet</span> <span class='ocrx_word' id='word_1_265' title='bbox 1276 2049 1386 2089; x_wconf 84' lang='lat' dir='ltr'>deus,</span> <span class='ocrx_word' id='word_1_266' title='bbox 1414 2048 1459 2081; x_wconf 82' lang='lat' dir='ltr'>ad</span> <span class='ocrx_word' id='word_1_267' title='bbox 1485 2060 1565 2081; x_wconf 88' lang='lat' dir='ltr'>eum</span> <span class='ocrx_word' id='word_1_268' title='bbox 1590 2048 1701 2091; x_wconf 57' lang='lat' dir='ltr'>&lt;lixia-</span> 
     </span>
     <span class='ocr_line' id='line_1_29' title="bbox 266 2095 1700 2147; baseline -0.004 -13"><span class='ocrx_word' id='word_1_269' title='bbox 266 2108 320 2135; x_wconf 81' lang='lat' dir='ltr'>set</span> <span class='ocrx_word' id='word_1_270' title='bbox 343 2111 579 2147; x_wconf 80' lang='lat' dir='ltr'>„quacunque</span> <span class='ocrx_word' id='word_1_271' title='bbox 617 2100 675 2132; x_wconf 91' lang='lat' dir='ltr'>die</span> <span class='ocrx_word' id='word_1_272' title='bbox 705 2100 895 2134; x_wconf 85' lang='lat' dir='ltr'>vescemini</span> <span class='ocrx_word' id='word_1_273' title='bbox 930 2099 974 2132; x_wconf 87' lang='lat' dir='ltr'>de</span> <span class='ocrx_word' id='word_1_274' title='bbox 1000 2099 1067 2132; x_wconf 88' lang='lat' dir='ltr'>hac</span> <span class='ocrx_word' id='word_1_275' title='bbox 1093 2097 1216 2130; x_wconf 86' lang='lat' dir='ltr'>arbore</span> <span class='ocrx_word' id='word_1_276' title='bbox 1236 2121 1244 2136; x_wconf 91' lang='lat'>,</span> <span class='ocrx_word' id='word_1_277' title='bbox 1278 2101 1392 2129; x_wconf 83' lang='lat' dir='ltr'>morte</span> <span class='ocrx_word' id='word_1_278' title='bbox 1417 2095 1700 2138; x_wconf 87' lang='lat' dir='ltr'>multabimini‚’&#39;</span> 
     </span>
     <span class='ocr_line' id='line_1_30' title="bbox 267 2142 1702 2191; baseline -0.003 -10"><span class='ocrx_word' id='word_1_279' title='bbox 267 2148 475 2181; x_wconf 74' lang='lat' dir='ltr'><strong>habuissent</strong></span> <span class='ocrx_word' id='word_1_280' title='bbox 510 2158 593 2180; x_wconf 89' lang='lat' dir='ltr'>sane</span> <span class='ocrx_word' id='word_1_281' title='bbox 635 2147 734 2191; x_wconf 89' lang='lat' dir='ltr'>quod</span> <span class='ocrx_word' id='word_1_282' title='bbox 759 2147 971 2186; x_wconf 80' lang='lat' dir='ltr'>obiicerent,</span> <span class='ocrx_word' id='word_1_283' title='bbox 1000 2146 1059 2191; x_wconf 87' lang='lat' dir='ltr'>qui</span> <span class='ocrx_word' id='word_1_284' title='bbox 1086 2143 1257 2178; x_wconf 81' lang='lat' dir='ltr'>Adamum</span> <span class='ocrx_word' id='word_1_285' title='bbox 1283 2143 1377 2176; x_wconf 86' lang='lat' dir='ltr'>inter</span> <span class='ocrx_word' id='word_1_286' title='bbox 1399 2142 1702 2176; x_wconf 85' lang='lat' dir='ltr'>immortalitatem</span> 
     </span>
     <span class='ocr_line' id='line_1_31' title="bbox 268 2189 1701 2239; baseline -0.005 -11"><span class='ocrx_word' id='word_1_287' title='bbox 268 2207 310 2228; x_wconf 83' lang='lat' dir='ltr'>ac</span> <span class='ocrx_word' id='word_1_288' title='bbox 332 2195 584 2228; x_wconf 76' lang='lat' dir='ltr'>mortalitatem</span> <span class='ocrx_word' id='word_1_289' title='bbox 609 2194 766 2227; x_wconf 86' lang='lat' dir='ltr'>medium</span> <span class='ocrx_word' id='word_1_290' title='bbox 791 2194 891 2239; x_wconf 84' lang='lat' dir='ltr'>quasi</span> <span class='ocrx_word' id='word_1_291' title='bbox 918 2193 1064 2226; x_wconf 85' lang='lat' dir='ltr'>faciunt.</span> <span class='ocrx_word' id='word_1_292' title='bbox 1089 2196 1126 2224; x_wconf 87' lang='lat' dir='ltr'>at</span> <span class='ocrx_word' id='word_1_293' title='bbox 1149 2202 1227 2223; x_wconf 92' lang='lat' dir='ltr'>cum</span> <span class='ocrx_word' id='word_1_294' title='bbox 1251 2196 1333 2234; x_wconf 89' lang='lat' dir='ltr'>post</span> <span class='ocrx_word' id='word_1_295' title='bbox 1359 2190 1575 2222; x_wconf 82' lang='lat' dir='ltr'>creationem</span> <span class='ocrx_word' id='word_1_296' title='bbox 1589 2189 1701 2234; x_wconf 82' lang='lat' dir='ltr'>ipsius</span> 
     </span>
     <span class='ocr_line' id='line_1_32' title="bbox 268 2236 1702 2286; baseline -0.005 -11"><span class='ocrx_word' id='word_1_297' title='bbox 268 2253 342 2275; x_wconf 91' lang='lat' dir='ltr'>non</span> <span class='ocrx_word' id='word_1_298' title='bbox 367 2243 494 2286; x_wconf 76' lang='lat' dir='ltr'>exiguo</span> <span class='ocrx_word' id='word_1_299' title='bbox 527 2241 715 2274; x_wconf 81' lang='lat' dir='ltr'>interiecto</span> <span class='ocrx_word' id='word_1_300' title='bbox 751 2241 866 2286; x_wconf 87' lang='lat' dir='ltr'>spatio</span> <span class='ocrx_word' id='word_1_301' title='bbox 901 2240 959 2273; x_wconf 81' lang='lat' dir='ltr'>lex</span> <span class='ocrx_word' id='word_1_302' title='bbox 984 2239 1070 2272; x_wconf 87' lang='lat' dir='ltr'>haec</span> <span class='ocrx_word' id='word_1_303' title='bbox 1100 2237 1320 2282; x_wconf 84' lang='lat' dir='ltr'>promulgata</span> <span class='ocrx_word' id='word_1_304' title='bbox 1356 2236 1482 2277; x_wconf 87' lang='lat' dir='ltr'>suerit,</span> <span class='ocrx_word' id='word_1_305' title='bbox 1504 2247 1569 2281; x_wconf 84' lang='lat' dir='ltr'>per</span> <span class='ocrx_word' id='word_1_306' title='bbox 1593 2246 1702 2280; x_wconf 88' lang='lat' dir='ltr'>quam</span> 
     </span>
     <span class='ocr_line' id='line_1_33' title="bbox 270 2282 1702 2331; baseline -0.003 -10"><span class='ocrx_word' id='word_1_307' title='bbox 270 2300 364 2323; x_wconf 87' lang='lat' dir='ltr'>mors</span> <span class='ocrx_word' id='word_1_308' title='bbox 397 2288 619 2321; x_wconf 78' lang='lat' dir='ltr'>occasionem</span> <span class='ocrx_word' id='word_1_309' title='bbox 652 2287 817 2320; x_wconf 85' lang='lat' dir='ltr'>adversus</span> <span class='ocrx_word' id='word_1_310' title='bbox 853 2298 918 2320; x_wconf 87' lang='lat' dir='ltr'>nos</span> <span class='ocrx_word' id='word_1_311' title='bbox 959 2285 1121 2331; x_wconf 84' lang='lat' dir='ltr'>arripuit,</span> <span class='ocrx_word' id='word_1_312' title='bbox 1157 2294 1298 2328; x_wconf 86' lang='lat' dir='ltr'>prorsus</span> <span class='ocrx_word' id='word_1_313' title='bbox 1326 2282 1405 2316; x_wconf 90' lang='lat' dir='ltr'>heic</span> <span class='ocrx_word' id='word_1_314' title='bbox 1428 2283 1602 2316; x_wconf 79' lang='lat' dir='ltr'>haesitare</span> <span class='ocrx_word' id='word_1_315' title='bbox 1628 2293 1702 2316; x_wconf 88' lang='lat' dir='ltr'>non</span> 
     </span>
     <span class='ocr_line' id='line_1_34' title="bbox 271 2330 1703 2379; baseline -0.005 -11"><span class='ocrx_word' id='word_1_316' title='bbox 271 2335 476 2376; x_wconf 77' lang='lat' dir='ltr'>debebant,</span> <span class='ocrx_word' id='word_1_317' title='bbox 513 2335 575 2379; x_wconf 86' lang='lat' dir='ltr'>qui</span> <span class='ocrx_word' id='word_1_318' title='bbox 602 2334 737 2367; x_wconf 80' lang='lat' dir='ltr'>litteras</span> <span class='ocrx_word' id='word_1_319' title='bbox 778 2345 890 2367; x_wconf 84' lang='lat' dir='ltr'>sacras</span> <span class='ocrx_word' id='word_1_320' title='bbox 916 2339 952 2367; x_wconf 84' lang='lat' dir='ltr'>et</span> <span class='ocrx_word' id='word_1_321' title='bbox 976 2337 1110 2366; x_wconf 85' lang='lat' dir='ltr'>attente</span> <span class='ocrx_word' id='word_1_322' title='bbox 1137 2341 1203 2363; x_wconf 87' lang='lat' dir='ltr'>nec</span> <span class='ocrx_word' id='word_1_323' title='bbox 1226 2330 1303 2363; x_wconf 88' lang='lat' dir='ltr'>sine</span> <span class='ocrx_word' id='word_1_324' title='bbox 1327 2330 1554 2363; x_wconf 88' lang='lat' dir='ltr'>convenienti</span> <span class='ocrx_word' id='word_1_325' title='bbox 1574 2339 1703 2374; x_wconf 86' lang='lat' dir='ltr'>perve-</span> 
     </span>
     <span class='ocr_line' id='line_1_35' title="bbox 274 2375 1702 2426; baseline -0.004 -12"><span class='ocrx_word' id='word_1_326' title='bbox 274 2383 463 2426; x_wconf 84' lang='lat' dir='ltr'>stigatione</span> <span class='ocrx_word' id='word_1_327' title='bbox 488 2392 524 2414; x_wconf 83' lang='lat' dir='ltr'>se</span> <span class='ocrx_word' id='word_1_328' title='bbox 550 2381 668 2425; x_wconf 79' lang='lat' dir='ltr'>legere</span> <span class='ocrx_word' id='word_1_329' title='bbox 693 2382 914 2424; x_wconf 85' lang='lat' dir='ltr'>profitentur.</span> <span class='ocrx_word' id='word_1_330' title='bbox 943 2381 1047 2424; x_wconf 81' lang='lat' dir='ltr'>igitur</span> <span class='ocrx_word' id='word_1_331' title='bbox 1071 2377 1114 2411; x_wconf 87' lang='lat' dir='ltr'>ab</span> <span class='ocrx_word' id='word_1_332' title='bbox 1137 2377 1242 2410; x_wconf 88' lang='lat' dir='ltr'>initio</span> <span class='ocrx_word' id='word_1_333' title='bbox 1269 2388 1384 2409; x_wconf 89' lang='lat' dir='ltr'>rerum</span> <span class='ocrx_word' id='word_1_334' title='bbox 1410 2375 1497 2409; x_wconf 85' lang='lat' dir='ltr'>deus</span> <span class='ocrx_word' id='word_1_335' title='bbox 1522 2375 1702 2409; x_wconf 85' lang='lat' dir='ltr'>hominem</span> 
     </span>
     <span class='ocr_line' id='line_1_36' title="bbox 274 2423 1702 2472; baseline -0.004 -10"><span class='ocrx_word' id='word_1_336' title='bbox 274 2430 312 2462; x_wconf 86' lang='lat' dir='ltr'>in</span> <span class='ocrx_word' id='word_1_337' title='bbox 347 2435 439 2462; x_wconf 82' lang='lat' dir='ltr'>statu</span> <span class='ocrx_word' id='word_1_338' title='bbox 472 2428 637 2461; x_wconf 84' lang='lat' dir='ltr'>interitus</span> <span class='ocrx_word' id='word_1_339' title='bbox 674 2434 818 2472; x_wconf 75' lang='lat' dir='ltr'>experte</span> <span class='ocrx_word' id='word_1_340' title='bbox 856 2427 1038 2466; x_wconf 87' lang='lat' dir='ltr'>condidit,</span> <span class='ocrx_word' id='word_1_341' title='bbox 1069 2425 1138 2457; x_wconf 88' lang='lat' dir='ltr'>hoc</span> <span class='ocrx_word' id='word_1_342' title='bbox 1168 2429 1222 2456; x_wconf 90' lang='lat' dir='ltr'>est</span> <span class='ocrx_word' id='word_1_343' title='bbox 1245 2423 1480 2457; x_wconf 83' lang='lat' dir='ltr'>immortalem</span> <span class='ocrx_word' id='word_1_344' title='bbox 1515 2423 1554 2456; x_wconf 85' lang='lat' dir='ltr'>in</span> <span class='ocrx_word' id='word_1_345' title='bbox 1586 2428 1702 2456; x_wconf 87' lang='lat' dir='ltr'>ortum</span> 
     </span>
     <span class='ocr_line' id='line_1_37' title="bbox 275 2474 1088 2519; baseline -0.007 -10"><span class='ocrx_word' id='word_1_346' title='bbox 275 2475 444 2519; x_wconf 81' lang='lat' dir='ltr'>produxit</span> <span class='ocrx_word' id='word_1_347' title='bbox 466 2474 511 2507; x_wconf 87' lang='lat' dir='ltr'>ad</span> <span class='ocrx_word' id='word_1_348' title='bbox 537 2474 724 2518; x_wconf 80' lang='lat' dir='ltr'>imaginem</span> <span class='ocrx_word' id='word_1_349' title='bbox 751 2475 969 2509; x_wconf 82' lang='lat' dir='ltr'>aeternitatis</span> <span class='ocrx_word' id='word_1_350' title='bbox 994 2482 1088 2506; x_wconf 83' lang='lat' dir='ltr'>suae.</span> 
     </span>
    </p>

    <p class='ocr_par' dir='ltr' id='par_1_4' title="bbox 277 2515 1705 2800">
     <span class='ocr_line' id='line_1_38' title="bbox 370 2515 1703 2563; baseline -0.004 -8"><span class='ocrx_word' id='word_1_351' title='bbox 370 2521 470 2555; x_wconf 86' lang='lat' dir='ltr'>Nihil</span> <span class='ocrx_word' id='word_1_352' title='bbox 505 2520 584 2554; x_wconf 85' lang='lat' dir='ltr'>heic</span> <span class='ocrx_word' id='word_1_353' title='bbox 612 2520 835 2555; x_wconf 83' lang='lat' dir='ltr'>difficultatis</span> <span class='ocrx_word' id='word_1_354' title='bbox 869 2521 976 2554; x_wconf 91' lang='lat' dir='ltr'>obiici</span> <span class='ocrx_word' id='word_1_355' title='bbox 1011 2518 1076 2553; x_wconf 88' lang='lat' dir='ltr'>tibi</span> <span class='ocrx_word' id='word_1_356' title='bbox 1099 2516 1243 2563; x_wconf 77' lang='lat' dir='ltr'>Patitor.</span> <span class='ocrx_word' id='word_1_357' title='bbox 1267 2515 1377 2549; x_wconf 86' lang='lat' dir='ltr'>habes</span> <span class='ocrx_word' id='word_1_358' title='bbox 1402 2515 1624 2549; x_wconf 79' lang='lat' dir='ltr'>Anastasium</span> <span class='ocrx_word' id='word_1_359' title='bbox 1647 2515 1703 2550; x_wconf 57' lang='lat' dir='ltr'>Si-‘</span> 
     </span>
     <span class='ocr_line' id='line_1_39' title="bbox 277 2562 1704 2612; baseline -0.003 -12"><span class='ocrx_word' id='word_1_360' title='bbox 277 2568 429 2609; x_wconf 78' lang='lat' dir='ltr'>mitem,</span> <span class='ocrx_word' id='word_1_361' title='bbox 452 2569 564 2602; x_wconf 88' lang='lat' dir='ltr'>virum</span> <span class='ocrx_word' id='word_1_362' title='bbox 589 2567 766 2608; x_wconf 84' lang='lat' dir='ltr'>divinum,</span> <span class='ocrx_word' id='word_1_363' title='bbox 804 2569 865 2612; x_wconf 86' lang='lat' dir='ltr'>qui</span> <span class='ocrx_word' id='word_1_364' title='bbox 887 2569 926 2601; x_wconf 87' lang='lat' dir='ltr'>in</span> <span class='ocrx_word' id='word_1_365' title='bbox 949 2566 1108 2600; x_wconf 81' lang='lat' dir='ltr'>oratione</span> <span class='ocrx_word' id='word_1_366' title='bbox 1136 2575 1199 2597; x_wconf 87' lang='lat' dir='ltr'>sua</span> <span class='ocrx_word' id='word_1_367' title='bbox 1225 2562 1269 2596; x_wconf 91' lang='lat' dir='ltr'>de</span> <span class='ocrx_word' id='word_1_368' title='bbox 1294 2563 1550 2596; x_wconf 86' lang='lat' dir='ltr'>resurrectione</span> <span class='ocrx_word' id='word_1_369' title='bbox 1573 2562 1624 2596; x_wconf 83' lang='lat' dir='ltr'>sic</span> <span class='ocrx_word' id='word_1_370' title='bbox 1647 2563 1704 2596; x_wconf 85' lang='lat' dir='ltr'>in-</span> 
     </span>
     <span class='ocr_line' id='line_1_40' title="bbox 279 2609 1705 2660; baseline -0.005 -12"><span class='ocrx_word' id='word_1_371' title='bbox 279 2616 359 2660; x_wconf 84' lang='lat' dir='ltr'>quit</span> <span class='ocrx_word' id='word_1_372' title='bbox 381 2615 568 2656; x_wconf 83' lang='lat' dir='ltr'>„condidit</span> <span class='ocrx_word' id='word_1_373' title='bbox 590 2613 767 2647; x_wconf 88' lang='lat' dir='ltr'>hominem</span> <span class='ocrx_word' id='word_1_374' title='bbox 794 2614 898 2655; x_wconf 88' lang='lat' dir='ltr'>deus,</span> <span class='ocrx_word' id='word_1_375' title='bbox 925 2620 962 2648; x_wconf 91' lang='lat' dir='ltr'>et</span> <span class='ocrx_word' id='word_1_376' title='bbox 985 2612 1131 2657; x_wconf 75' lang='lat' dir='ltr'>quidem</span> <span class='ocrx_word' id='word_1_377' title='bbox 1155 2610 1214 2644; x_wconf 88' lang='lat' dir='ltr'>dei</span> <span class='ocrx_word' id='word_1_378' title='bbox 1239 2609 1285 2642; x_wconf 85' lang='lat' dir='ltr'>ad</span> <span class='ocrx_word' id='word_1_379' title='bbox 1301 2610 1488 2653; x_wconf 84' lang='lat' dir='ltr'>imaginem</span> <span class='ocrx_word' id='word_1_380' title='bbox 1517 2620 1596 2642; x_wconf 85' lang='lat' dir='ltr'>eum</span> <span class='ocrx_word' id='word_1_381' title='bbox 1619 2620 1705 2642; x_wconf 87' lang='lat' dir='ltr'>con-</span> 
     </span>
     <span class='ocr_line' id='line_1_41' title="bbox 282 2656 1704 2707; baseline -0.001 -15"><span class='ocrx_word' id='word_1_382' title='bbox 282 2661 383 2694; x_wconf 80' lang='lat' dir='ltr'>didit.</span> <span class='ocrx_word' id='word_1_383' title='bbox 423 2662 511 2695; x_wconf 83' lang='lat' dir='ltr'>haec</span> <span class='ocrx_word' id='word_1_384' title='bbox 535 2661 647 2707; x_wconf 88' lang='lat' dir='ltr'>prima</span> <span class='ocrx_word' id='word_1_385' title='bbox 686 2661 755 2694; x_wconf 85' lang='lat' dir='ltr'>fuit</span> <span class='ocrx_word' id='word_1_386' title='bbox 790 2662 942 2701; x_wconf 79' lang='lat' dir='ltr'>creatio,</span> <span class='ocrx_word' id='word_1_387' title='bbox 977 2659 1149 2704; x_wconf 78' lang='lat' dir='ltr'>simplex,</span> <span class='ocrx_word' id='word_1_388' title='bbox 1180 2657 1320 2690; x_wconf 89' lang='lat' dir='ltr'>nullum</span> <span class='ocrx_word' id='word_1_389' title='bbox 1349 2656 1503 2700; x_wconf 85' lang='lat' dir='ltr'>coniugii</span> <span class='ocrx_word' id='word_1_390' title='bbox 1527 2656 1704 2690; x_wconf 82' lang='lat' dir='ltr'>vinculum</span> 
     </span>
     <span class='ocr_line' id='line_1_42' title="bbox 282 2702 1704 2753; baseline -0.004 -12"><span class='ocrx_word' id='word_1_391' title='bbox 282 2708 438 2748; x_wconf 83' lang='lat' dir='ltr'>habens,</span> <span class='ocrx_word' id='word_1_392' title='bbox 465 2709 628 2742; x_wconf 86' lang='lat' dir='ltr'>interitus</span> <span class='ocrx_word' id='word_1_393' title='bbox 651 2708 808 2752; x_wconf 83' lang='lat' dir='ltr'>expers.&#39;&#39;</span> <span class='ocrx_word' id='word_1_394' title='bbox 835 2707 962 2753; x_wconf 86' lang='lat' dir='ltr'>quodsi</span> <span class='ocrx_word' id='word_1_395' title='bbox 986 2707 1099 2752; x_wconf 81' lang='lat' dir='ltr'>prima</span> <span class='ocrx_word' id='word_1_396' title='bbox 1125 2704 1256 2738; x_wconf 83' lang='lat' dir='ltr'>creatio</span> <span class='ocrx_word' id='word_1_397' title='bbox 1283 2703 1352 2736; x_wconf 80' lang='lat' dir='ltr'>suit</span> <span class='ocrx_word' id='word_1_398' title='bbox 1378 2713 1501 2747; x_wconf 79' lang='lat' dir='ltr'>expers</span> <span class='ocrx_word' id='word_1_399' title='bbox 1525 2702 1704 2743; x_wconf 65' lang='lat' dir='ltr'>interitus,</span> 
     </span>
     <span class='ocr_line' id='line_1_43' title="bbox 285 2748 1703 2800; baseline -0.004 -12"><span class='ocrx_word' id='word_1_400' title='bbox 285 2754 580 2800; x_wconf 84' lang='lat' dir='ltr'>quemadmodum</span> <span class='ocrx_word' id='word_1_401' title='bbox 607 2760 745 2789; x_wconf 84' lang='lat' dir='ltr'>sanctus</span> <span class='ocrx_word' id='word_1_402' title='bbox 782 2753 840 2787; x_wconf 86' lang='lat' dir='ltr'>hic</span> <span class='ocrx_word' id='word_1_403' title='bbox 865 2755 917 2787; x_wconf 81' lang='lat' dir='ltr'>vir</span> <span class='ocrx_word' id='word_1_404' title='bbox 939 2754 1004 2794; x_wconf 87' lang='lat' dir='ltr'>ait,</span> <span class='ocrx_word' id='word_1_405' title='bbox 1032 2752 1118 2798; x_wconf 80' lang='lat' dir='ltr'>quid</span> <span class='ocrx_word' id='word_1_406' title='bbox 1144 2751 1187 2784; x_wconf 86' lang='lat' dir='ltr'>de</span> <span class='ocrx_word' id='word_1_407' title='bbox 1212 2750 1355 2783; x_wconf 86' lang='lat' dir='ltr'>homine</span> <span class='ocrx_word' id='word_1_408' title='bbox 1381 2750 1493 2794; x_wconf 88' lang='lat' dir='ltr'>primo</span> <span class='ocrx_word' id='word_1_409' title='bbox 1517 2748 1703 2783; x_wconf 72' lang='lat' dir='ltr'>dicemus?</span> 
     </span>
    </p>
   </div>
  </div>
 </body>
</html>
