1826 3120
535 122 822 204 mmmmm
860 159 998 204 mus
1026 157 1102 204 ιν.
1421 137 1532 217 593

162 254 356 308 Τίνεται
393 265 543 318 σκέψις
572 262 682 307 ὥστε
708 267 884 319 βασιλεῖ’
908 266 1095 319 νομίμως
1122 261 1198 320 τὴν
1226 262 1355 320 Ζωήν
1381 264 1535 315 συζευ-

72 332 250 388 χθῆναι.
305 329 379 374 καί
401 331 428 387 ἧ
462 333 541 384 μὲν
569 331 808 386 ἀγαγέσθαι
845 329 968 373 ἔθελε
1006 334 1327 374 Κωνσταντῖνον
1359 329 1432 373 τὸν
1465 334 1536 372 λε-

75 393 252 452 γόμενον
277 397 568 453 Ἀρτοκλίνην·
623 393 676 453 ἦν
704 396 787 452 γὰρ
817 396 891 439 καὶ
905 395 950 440 τό
981 392 1092 447 εἶδος
1118 397 1344 453 εὐπρεπής,
1373 398 1536 452 ἐλέγετο

77 465 127 506 δὲ
152 467 227 507 καί
252 463 498 521 πλησιάζειν
529 463 657 522 αὐτῇ.
714 463 822 506 ἀλλὰ
853 466 1001 506 τοῦτον
1027 466 1106 518 μὲν
1148 464 1175 519 ἧ
1197 463 1408 517 σύνοικος,
1437 459 1540 518 οὖχί

41 527 266 585 Εμισοῦσα
300 533 513 584 μέλλουσα
558 532 606 574 δὲ
645 529 783 573 αὐτοῦ’
831 532 1102 587 στερεῖσθαι,
1147 532 1227 574 τοῦ
1261 532 1357 585 βίου
1397 531 1537 584 ἐξάγει

78 595 338 653 φαρμάκοις.
407 595 532 640 ἔνθεν
558 613 622 640 τοι
651 598 725 639 καί
752 595 826 640 τὸν
855 594 1119 652 Μονομοίχον
1155 594 1237 639 ἀπὸ
1268 599 1343 652 τῆς
1371 598 1537 651 ἐξοριάς

75 667 394 717 μεταπέμπεται
412 697 425 717 ,
454 662 571 721 παρὰ
615 665 692 706 τοῦ
719 663 1045 720 ὀρφανοτρόφου
1075 663 1150 719 τήν
1178 662 1432 719 Μιτυλήνην
1460 680 1579 715 uon-1)

74 732 331 788 τακριθέντα
363 731 512 773 οἰκεῖν·
588 731 820 786 ἒφημιζετο
845 729 926 786 γὰρ
955 728 1072 787 παρά
1104 731 1273 773 πάντων
1301 730 1356 784 ᾥς
1385 732 1538 786 ἐγκρα-

74 795 151 851 τής
183 796 303 839 ἔσται
343 797 417 853 τῆς
441 796 674 851 βασιλείας.
744 796 819 838 καί
861 794 970 839 οὕτω
1009 799 1088 850 μὲν
1117 798 1176 854 τῷ
1207 798 1409 854 Σκυλίτζῃ
1439 798 1540 851 περὶ

18 865 154 907 :oroi
181 863 453 917 Μονομάχου
495 864 758 918 διείληπται,
794 865 958 917 λέγεται
994 863 1042 904 δὲ
1071 862 1146 905 καὶ
1179 865 1332 917 τοῦτο,
1359 861 1424 905 ὅτι
1455 864 1538 904 τῶν

75 927 341 984 κρατούντων
381 925 463 984 ἤδη
511 927 812 986 παρελθόντων
840 927 1066 982 Λεσβόθεν
1108 930 1163 985 τῇ
1193 930 1382 982 βασιλίδι
1407 944 1537 981 μετα-

74 995 310 1048 πέμπεται·
382 995 582 1051 ἐξώριστο
610 993 692 1051 γάρ
723 997 887 1037 ἐκεῖθεν
926 993 1042 1050 παρὰ
1071 997 1146 1037 τοῦ
1174 993 1360 1050 Μιχαὴλ
1387 991 1458 1036 ἅτε
1489 995 1540 1052 τῇ

74 1061 267 1114 βασιλίδι
309 1063 662 1118 συμφθειρεσθαι
706 1059 936 1116 λεγόμενος.
1009 1062 1342 1115 ἐπανακέκληται
1372 1054 1471 1114 οὖν,
1500 1061 1541 1102 εἰ

77 1126 152 1170 καί
176 1128 409 1183 σβεσθῆναι
440 1127 556 1183 παρὰ
585 1127 737 1184 μικρὸν
755 1126 831 1176 τὰς
859 1126 990 1183 κόρας
1018 1126 1273 1170 ἐκινδύνευε.
1328 1125 1538 1169 συνάπτε-

17 1196 147 1239 ιόται
177 1189 252 1237 οὖν
277 1195 334 1252 τῷ
363 1193 613 1253 Μονομάχῳ
643 1194 829 1248 νομίμως
853 1194 879 1250 ἦ
915 1193 1041 1249 Ζωή,
1069 1195 1143 1249 τῆς
1171 1191 1403 1249 ἱερολογιάς
1424 1208 1540 1248 γενο-

76 1260 204 1316 μένης
235 1259 350 1315 παροὶ
377 1262 455 1302 τοῦ
488 1258 655 1316 πρώτου
686 1263 770 1303 τῶν
796 1261 1095 1316 πρεσβυτέρων
1123 1262 1199 1315 τῆς
1231 1261 1352 1313 νέας,
1382 1262 1429 1303 ἐν
1456 1258 1539 1302 ἔτει
1551 1275 1587 1310 p,
1615 1278 1684 1318 319

79 1326 201 1386 5·va
257 1328 332 1368 καί
356 1328 587 1382 τηνικαῦτα
621 1328 854 1381 προοιμίων
887 1328 1063 1380 α’γαθῶν
1090 1324 1347 1381 ἆπάρχεται,
1380 1325 1539 1382 κρατή-

79 1409 159 1443 σας
184 1391 256 1449 ἔτη
287 1393 354 1447 ιβ’.
411 1388 464 1448 ἦν
488 1395 567 1446 μὲν
593 1391 675 1449 γὰρ
706 1391 863 1448 οἷδαής,
896 1389 953 1442 ὥς
981 1409 1109 1450 φασι,
1139 1391 1190 1435 τοὶ
1221 1394 1441 1448 πολεμικά,
1471 1406 1540 1435 το-

80 1462 231 1502 σοῦτον
257 1461 304 1502 δὲ
332 1459 652 1516 μεγαλοπρεπὴς
691 1459 763 1501 καί
789 1458 1088 1515 μεγαλόδωρος
1113 1459 1172 1509 ὥς
1199 1457 1541 1509 πάντας.ὲπαπο-·

17 1543 68 1570 20
81 1529 237 1568 λαῦσαι
267 1528 349 1570 ταῖν
374 1526 564 1582 χαρίτων
592 1526 740 1568 admi.
758 1528 845 1568 κατ’
877 1529 1033 1570 ἐκεῖνον
1063 1525 1114 1581 δή
1144 1525 1214 1569 τὸν
1241 1525 1385 1582 καιρὸν
1402 1525 1540 1583 ἐφάνη

81 1591 264 1650 κομήτης
292 1591 381 1652 ,ἀπὸ
416 1595 490 1649 τῆς
520 1591 631 1643 {aiae
670 1591 777 1650 πρὸς
804 1593 879 1650 τὴν
908 1593 1031 1638 δυ’σιν
1059 1591 1136 1648 τὴν
1173 1595 1348 1650 πορείαν
1393 1591 1539 1635 nomi-

176 1821 271 1858 Hinc
306 1822 547 1859 deliberatum
582 1834 654 1872 quo
691 1832 796 1872 pacto
832 1823 900 1860 Zoe
935 1821 1077 1860 cuidam
1116 1820 1347 1860 matrimonio
1376 1820 1538 1869 legitimo

84 1873 312 1917 iungeretur,
347 1873 411 1918 qui
437 1884 501 1918 per
527 1873 564 1906 id
593 1874 796 1918 coniugium
836 1874 882 1908 ad
906 1875 1050 1908 culmen
1074 1874 1343 1918 imperatorium
1370 1875 1541 1918 perveni..

86 1925 152 1953 ret.
176 1920 356 1964 cogitabat
382 1926 502 1954 autem
526 1921 591 1953 illa
616 1921 854 1955 Constantino
877 1921 1036 1962 nubere,
1073 1921 1136 1966 qui
1163 1920 1364 1954 Artoclines
1386 1920 1541 1953 vocaba-

84 1972 162 2001 tur:
186 1972 263 2001 erat
286 1969 381 2001 enim
407 1969 436 2000 is
461 1968 596 2001 formae
622 1974 812 2002 venustate
836 1973 1042 2014 praestans,
1067 1974 1103 2001 et
1132 1979 1211 2001 cum
1238 1968 1306 2000 Zoe
1330 1967 1535 2000 clanculum

85 2024 320 2048 consuescere
353 2014 623 2060 perhibebatur.
659 2015 722 2048 sed
759 2016 1036 2049 Constantinum
1074 2023 1165 2048 uxor
1198 2015 1360 2059 legitima
1393 2026 1534 2048 veneno

85 2063 278 2108 propinato
317 2061 362 2096 de
389 2062 508 2096 medio
548 2063 717 2104 sustulit,
747 2074 824 2096 non
847 2062 947 2108 quod
971 2062 1139 2096 maritum
1162 2061 1319 2103 odisset,
1345 2062 1408 2095 sed
1436 2061 1538 2107 quod

87 2110 166 2143 eius
190 2109 453 2143 consuetudine
474 2121 511 2143 se
547 2110 717 2156 deinceps
750 2111 941 2144 carituram
967 2110 1118 2145 videret.
1144 2109 1213 2143 hoc
1236 2109 1298 2142 ubi
1324 2110 1534 2151 accidisset,

86 2156 363 2190 Monomachum
386 2158 594 2203 imperatrix
628 2157 673 2190 ab
702 2158 810 2190 exilio
836 2163 998 2200 revocat,
1021 2169 1128 2204 quem
1152 2158 1331 2190 Iohannes
1347 2156 1540 2202 Orphano-

86 2204 238 2249 trophus
289 2205 399 2238 exilio
436 2205 653 2239 multaverat
689 2210 725 2238 et
761 2205 960 2248 Mitylenae
992 2216 1030 2238 se
1055 2205 1240 2238 continere
1264 2205 1432 2237 iusserat:
1456 2216 1538 2237 nam

86 2251 194 2296 vulgo
219 2263 338 2285 rumor
366 2251 503 2286 diditus
527 2252 665 2294 fuerat,
694 2252 854 2285 futurum
890 2258 932 2286 ut
955 2252 1152 2298 aliquando
1180 2252 1244 2288 ille
1271 2252 1474 2297 imperaret.
1499 2251 1539 2284 id

88 2299 260 2343 Scylitzes
301 2299 346 2332 de
370 2300 610 2334 Monomacho
651 2300 846 2333 memoriae
886 2299 1060 2345 prodidit.
1094 2300 1140 2333 ab
1173 2299 1254 2334 aliis
1287 2299 1357 2332 hoe
1393 2306 1540 2344 quoque

87 2347 325 2392 perscriptum
351 2352 416 2388 est,
442 2348 628 2380 summotis
655 2359 674 2380 a
700 2347 962 2391 gubernatione
987 2348 1049 2393 qui
1076 2357 1193 2380 rerum
1210 2352 1319 2380 antea
1345 2346 1540 2391 potieban-

89 2399 170 2434 tur,
194 2394 458 2439 imperatricem
484 2406 503 2427 e
538 2395 655 2428 Lesbo
689 2394 967 2428 Monomachum
1001 2395 1245 2435 arcessivisse,
1274 2395 1470 2438 relegatum
1496 2403 1539 2425 eo

90 2441 199 2474 iussu·
225 2441 420 2483 MichaeIi,
464 2442 562 2487 quod
602 2454 682 2476 cum
728 2442 957 2487 imperatrice
992 2450 1065 2475 rem
1099 2441 1233 2475 habere
1281 2441 1471 2473 diceretur.
1503 2445 1539 2473 et

90 2499 296 2534 quanquam
319 2490 418 2534 prius
454 2500 474 2521 a
498 2490 661 2534 periculo
690 2489 879 2522 amittendi
904 2490 1028 2523 oculos
1065 2501 1189 2536 parum
1217 2488 1393 2528 abfuerat,
1419 2494 1541 2520 tamen

89 2542 187 2568 nunc
212 2542 397 2570 revocatus
423 2538 651 2570 matrimonio
675 2537 765 2569 Zoae
791 2537 950 2581 legitimo
975 2537 1186 2582 copulatur,
1213 2547 1328 2568 sacras
1353 2542 1476 2579 preces
1501 2542 1542 2566 ac

90 2588 175 2616 vota
202 2585 430 2629 concipiente
469 2595 582 2617 novae
609 2586 739 2617 Romae
763 2583 1051 2629 presbyterorum
1084 2585 1266 2630 principe,
1296 2593 1389 2615 anno
1416 2581 1543 2615 mundi

91 2630 194 2663 6550.
224 2630 410 2664 exordium
438 2632 575 2677 imperii
602 2632 821 2676 praeclarum
848 2631 981 2672 edidit,
1008 2631 1107 2677 quod
1133 2631 1234 2664 annis
1262 2629 1454 2662 duodecim
1478 2628 1543 2661 ad-

91 2677 317 2712 ministravit.
360 2689 474 2712 rerum
509 2679 655 2723 quidem
689 2678 901 2712 bellicarum
927 2685 1072 2724 prorsus
1096 2679 1258 2723 ignarum
1284 2677 1394 2709 fuisse
1420 2675 1543 2722 perhi-

92 2724 203 2765 bent⁷
229 2725 290 2757 sed
318 2731 389 2759 tam
413 2726 601 2759 liberalem
627 2732 668 2759 ut
701 2737 823 2759 omnes
851 2726 1084 2770 benignitatis
1110 2726 1221 2770 ipsius
1248 2724 1401 2757 fructum
1425 2725 1543 2769 perci-

91 2777 230 2817 perent.
255 2780 465 2819 conspectus
491 2780 544 2808 est
570 2774 608 2807 id
635 2774 804 2819 temporis
842 2780 995 2815 cometa,
1022 2774 1084 2820 qui
1109 2773 1152 2807 ab
1179 2772 1319 2806 oriente
1343 2782 1463 2806 versus
1483 2783 1543 2804 oc-

185 2843 337 2888 Glycas.
1249 2841 1291 2875 38
