1826 3120
549 151 832 196 mmmm
870 152 1008 195 mus
1043 152 1115 195 iv.
1429 131 1541 208 595

82 260 230 312 χωρεῖ.
286 256 376 298 ἀλλ’
405 251 428 296 o‘
455 253 660 309 βασιλεύς
687 256 940 305 ἀποστείλας
965 254 1188 310 χειροῦται
1211 248 1365 308 αὗτόν,
1392 251 1468 296 καί
1497 255 1543 296 ἕν

85 320 344 380 ἱπποδρομιζι
381 321 682 376 θριαμβεύσας
723 319 881 377 στολήν
921 322 1200 374 ἐνδεδυμένον
1241 319 1439 376 θήλειαν,
1471 323 1546 362 κατ’

86 389 252 431 πάντων
283 388 506 442 ψιλώσας,
536 383 733 432 ἀπέλυσε.
787 388 882 431 τότε
913 387 967 443 δὴ
994 386 1092 429 τότε
1120 388 1196 429 καί
1223 385 1247 428 ὅ
1278 383 1588 444 πατριάρχηςῐ)

80 455 268 507 Ἀλέξιος
297 453 496 497 καταλύει
523 452 598 498 τὸν
617 456 734 508 βίον,
763 453 1070 509 ἀναβιβάζεται
1096 455 1144 496 δὲ
1170 449 1258 496 ἀντ’
1285 453 1421 496 αὑτοῦ
1451 456 1546 497 Μι-

49 518 197 578 Βχαῆλ
221 521 245 564 ὅ
280 519 576 576 Κηρουλοὶρης,
603 519 794 575 μοναχὸς
825 517 900 563 ὤν.

198 586 330 648 Κατὰ
360 589 508 629 τοῦτον
539 586 592 643 δι’)
617 586 688 630 τὸν
717 586 867 644 καιρὸν
892 589 968 630 καί
999 586 1040 630 οἱ
1071 585 1262 642 Σκύθαι,
1290 588 1405 630 τοῦτ’
1434 584 1547 630 ἔστιν

85 653 127 698 οἱ
148 649 307 698 Ῥωσοί
318 687 331 708 ,
383 653 454 695 διά
490 668 586 696 τινα
618 653 776 709 μικρὰν
814 651 1029 711 πρόφασιν
1074 655 1179 696 κατὰ
1223 655 1297 709 τῆς
1326 655 1548 709 βασιλίδος

86 718 252 777 ὁρμῶσι
279 717 409 779 στόλῳ
453 722 594 775 βαρεῖ.
663 718 739 762 καὶ
764 719 789 761 ὅ
813 718 1017 774 βασιλεῦς
1045 717 1296 773 ὑπαντιάζει
1323 721 1468 769 αὐτοῖς
1499 717 1547 762 ἔν

83 802 132 843 γε
157 789 215 845 τῷ
242 785 387 845 φόρῳ,
437 788 512 828 καί
538 784 578 828 οἱ
605 787 828 842 τραπέντες
857 786 1212 842 ἑπαλινόστησαν,
1241 779 1457 842 συμβολῆς
1478 801 1548 841 γε..

24 865 74 895 ιο
84 855 259 910 νομένης
286 852 444 895 πλοίων
470 854 753 907 κατεαγέντων
768 855 843 895 καί
868 852 972 896 ὦσεί
991 853 1184 907 χιλιάδες
1200 855 1424 896 δεκαπέντε
1452 855 1551 908 περὶ

84 919 163 976 τήν
207 922 287 976 γῆν
325 921 668 975 ἐκβρασθέντων,
709 919 751 960 εἰ
789 921 864 962 καί
899 917 1008 961 κατά
1036 934 1132 961 τινα
1172 917 1326 961 κόλπον
1363 919 1549 974 τριήρεις

63 987 317 1041 ὲῬοιηιιοιϊκαί
355 984 591 1028 διώκουσαι
626 986 678 1027 τά
730 984 838 1028 αὐτοὶ
880 983 1123 1028 πεπόνθασι
1140 1017 1155 1039 ,
1194 983 1270 1027 τὸν
1299 984 1486 1042 οἷριθμὸν
1514 982 1547 1026 κ’

85 1052 222 1096 καί-δ’
246 1047 392 1094 οὖσαι.

194 1120 258 1162 Ἑν
287 1117 371 1161 ἔτει
415 1117 564 1178 ,ςφνβῼ
604 1117 710 1174 μηνὶ
750 1120 940 1177 Μαρτίῳ
979 1120 1045 1173 θ’,
1082 1117 1335 1173 βουλεύεται
1373 1117 1398 1161 ὅ
1423 1121 1547 1172 βασι·
1559 1127 1596 1162 P.
1623 1128 1691 1163 320

23 1188 74 1231 15
87 1185 187 1236 λεπὶς
217 1186 421 1227 ἀπελθεῖν
463 1187 525 1234 εἰς
550 1184 832 1241 προσκύνησιν
867 1186 950 1227 τῶν
987 1185 1120 1240 ἁγίων
1146 1183 1206 1238 μ’.
1280 1187 1441 1240 γίνεται
1474 1180 1551 1228 οὖν

86 1254 270 1308 δημοσία
299 1253 553 1307 προπομπή,
595 1251 769 1307 ἔρχεται
795 1253 892 1306 περὶ
920 1250 994 1293 τὸν
1023 1249 1215 1307 Χριστὸν
1245 1250 1317 1294 τὸν
1344 1254 1549 1306 χαλκοῦν.

86 1321 162 1362 καί
185 1321 414 1374 τηνικαῦτα
453 1316 499 1361 τὸ
525 1320 688 1373 πλῆθος
714 1319 776 1368 εἰς
815 1319 1078 1361 ἀποστασίαν
1099 1323 1258 1373 χωρεῖ·
1318 1316 1438 1374 φωνὴ
1468 1317 1549 1374 γὰρ

86 1387 135 1429 ἐκ
160 1387 294 1439 μέσου
323 1385 455 1426 αὐτοῦ
483 1386 666 1441 ἐξεχύθη
695 1387 876 1439 λέγουσα
905 1384 1056 1440 ,,ἡμεῖς
1083 1382 1162 1440 τήν
1176 1381 1444 1440 Σκλήραιναν
1470 1387 1550 1437 βα·-

87 1451 284 1495 σίλισσαν
327 1451 381 1492 ου’
421 1453 625 1504 θέλομεν,
666 1452 768 1492 ου’δὲ
817 1452 875 1492 δι’
903 1450 1042 1506 αὐτὴν
1090 1449 1135 1493 αἱ
1172 1449 1330 1504 μάνναι
1355 1451 1474 1506 ἡμῶν
1504 1451 1551 1493 αἱ

23 1533 77 1563 20
89 1518 478 1575 πορφυρογὲννητοι
502 1517 603 1574 Ζωὴ
628 1519 702 1560 καὶ
727 1515 974 1574 ἧΘεοδώρα
999 1519 1278 1562 θανοῦνται..”
1331 1519 1552 1573 ταραχθὲν

90 1579 169 1628 οὖν
199 1585 272 1628 ἐπὶ
293 1586 420 1627 πλέον
446 1582 492 1626 τὸ
524 1587 687 1640 πλῆθος
716 1583 849 1640 ἐζήτει
876 1584 948 1628 τόν
975 1585 1155 1638 βασιλέα
1184 1586 1550 1642 διαχειρίσασθαι,

181 1699 211 1733 5.
238 1696 496 1746 κουρουλάρης
518 1697 559 1733 F.

87 1814 335 1860 cognovisset,
359 1813 406 1847 ad
428 1813 643 1847 seditionem
675 1813 823 1858 Cyprios
851 1812 1169 1858 defectionemque
1208 1813 1438 1846 sollicitando
1464 1825 1548 1859 per-

86 1863 194 1910 pulit.
222 1861 390 1895 adversus
414 1872 496 1894 eum
535 1862 642 1893 misso
675 1861 868 1905 imperator
893 1860 1054 1892 exercitu
1077 1860 1198 1893 vivum
1223 1859 1405 1893 hominem
1430 1863 1548 1906 cepit,

87 1916 127 1944 et
151 1910 216 1943 sub
239 1909 416 1954 triumphi
444 1909 565 1953 specie
593 1908 631 1941 in
656 1907 758 1940 Circo
785 1907 952 1947 ductum,
992 1906 1163 1939 muliebri
1191 1908 1323 1940 amictu
1354 1908 1546 1949 indutum,

87 1957 255 1992 omnibus
281 1956 442 2001 denique
469 1955 704 1989 facultatibus
730 1954 908 1987 nudatum
935 1953 1083 1987 dimisit.
1108 1954 1179 1986 hoc
1206 1960 1370 1999 tempore
1396 1956 1545 1989 Alexius

85 2004 289 2052 patriarcha
313 2010 466 2037 naturae
492 2002 657 2036 debitum
682 2002 876 2047 persolvit,
912 2002 952 2035 in
977 2002 1078 2035 cuius
1112 2001 1230 2035 locum
1254 2002 1457 2036 Michaelus
1483 2016 1545 2037 co-

87 2057 284 2099 gnomento
315 2051 520 2084 Cerularius
535 2076 545 2091 ‚
570 2050 754 2083 solitariae
777 2050 874 2082 vitae
899 2054 1076 2090 sectator,
1099 2054 1156 2083 est
1179 2048 1408 2087 substitutus,

184 2099 259 2133 Sub
285 2098 413 2133 eodem
438 2098 657 2143 imperatore
682 2096 836 2140 Scythae
860 2107 1020 2142 quoque,
1045 2096 1108 2141 qui
1136 2097 1238 2129 Rossi
1263 2102 1366 2137 sunt,
1393 2097 1439 2130 de
1463 2107 1547 2141 per-

89 2148 219 2193 exigua
255 2157 342 2180 sane
368 2146 556 2180 occasione
581 2155 707 2189 magna
732 2145 846 2177 classe
871 2144 997 2176 urbem
1015 2144 1284 2188 imperatoriam
1310 2144 1426 2178 adorti
1451 2150 1544 2177 sunt.

88 2196 142 2228 eis
172 2195 368 2240 imperator
391 2194 428 2226 in
454 2193 533 2226 foro
557 2203 638 2225 cum
664 2192 897 2231 occurrisset,
931 2192 970 2224 in
996 2191 1114 2235 fugam
1139 2192 1294 2225 coniecti
1319 2192 1419 2224 Rossi
1446 2202 1547 2224 suam

88 2243 128 2275 in
154 2243 304 2288 patriam
328 2245 563 2274 reverterunt.
588 2239 722 2273 etenim
747 2239 784 2272 in
802 2239 973 2272 conflictu
999 2249 1120 2271 eorum
1145 2250 1226 2272 cum
1241 2240 1411 2272 Romanis
1438 2250 1547 2272 naves

89 2289 221 2323 fractas
247 2287 347 2322 haud
369 2299 501 2334 paucas
526 2299 596 2320 una
623 2298 704 2320 cum
730 2285 939 2331 quindecim
965 2286 1041 2319 fere
1069 2285 1219 2319 milibus
1244 2286 1431 2319 hominum
1457 2287 1548 2319 ami-

89 2343 221 2371 nerant.
260 2336 355 2369 idem
380 2341 502 2369 tamen
540 2333 759 2368 incommodi
785 2334 951 2367 Romanis
994 2333 1104 2366 etiam
1130 2334 1360 2374 triremibus,
1396 2345 1546 2366 numero

88 2384 218 2429 viginti
245 2389 435 2429 quattuor,
466 2383 504 2415 in
529 2383 609 2415 sinu
634 2381 792 2427 quodam
815 2381 921 2414 maris
954 2381 1107 2422 accidit,
1137 2380 1225 2415 dum
1249 2382 1390 2425 navigia
1416 2383 1548 2415 Rosso-

91 2443 169 2465 rum
192 2431 374 2465 incautius
398 2435 678 2475 persequuntur.
1234 2435 1238 2439 ·

183 2479 286 2512 Anno
310 2477 437 2512 mundi
472 2479 589 2517 6552,
627 2476 673 2508 ad
709 2475 805 2508 diem
832 2474 1024 2519 septimum
1059 2474 1106 2507 id.
1132 2474 1236 2508 Mart.
1261 2475 1458 2519 imperator
1480 2485 1545 2507 suo

91 2526 247 2572 quodam
270 2526 424 2559 consilio
447 2523 723 2569 supplicationis
762 2533 867 2555 causa
892 2522 944 2555 ire
972 2521 1130 2556 decrevit
1153 2522 1199 2554 ad
1226 2528 1429 2554 sanctorum
1455 2533 1547 2567 qua.-

90 2573 257 2618 draginta
284 2579 476 2616 martyrum
502 2571 637 2604 aedem.
676 2582 719 2603 eo
748 2570 896 2602 nomine
929 2569 1077 2614 publica
1101 2569 1331 2614 processione
1354 2569 1546 2610 instituta,

91 2632 174 2654 cum
198 2620 244 2654 ad
266 2620 399 2654 Christi
427 2619 601 2664 templum
620 2644 628 2659 ,
670 2617 769 2663 quod
796 2622 851 2650 est
874 2617 914 2649 in
939 2616 1092 2658 Chalce,
1117 2617 1361 2661 pervenisset,
1388 2616 1547 2661 populus

93 2669 308 2701 seditionem
331 2668 511 2701 concitare
541 2667 672 2710 coepit,
696 2663 892 2709 auditaque
915 2675 983 2697 vox
1017 2670 1073 2697 est
1106 2663 1152 2696 de
1175 2663 1294 2696 media
1319 2663 1427 2708 plebe
1455 2675 1547 2709 quae

95 2715 302 2749 huiusmodi
328 2715 437 2749 verba
459 2715 637 2758 proferret
661 2723 750 2752 „nos
777 2711 980 2744 Sclerenam
1014 2712 1278 2756 imperatricem
1316 2722 1390 2744 non
1413 2711 1550 2744 tolera-

91 2762 211 2797 »bimus
228 2789 238 2807 ‚
262 2774 380 2809 neque
407 2767 538 2797 matres
565 2766 702 2795 nostras
727 2760 1009 2806 purpurigenas,
1033 2759 1127 2793 Zoen
1147 2770 1188 2793 ac
1206 2757 1445 2802 Theodoram,
1471 2759 1548 2793 eius
