1826 3120
201 126 312 182 320
638 144 924 186 MicuAssus
968 144 1190 189 ωηολε

199 244 484 298 ἀπάγξασθαι.
543 245 630 301 ἀλλ’
667 242 689 284 ὅ
720 242 818 291 θεὸς
847 238 944 284 οὔτε
969 242 1119 296 Τωβήτ
1147 237 1255 288 οὔτί
1273 244 1440 303 Σάρρας
1467 251 1640 305 παρεῖδε

5 327 10 330 -
62 322 102 358 Ρ,
121 309 267 367 ,5111311
295 308 545 362 ὀνειδισμὸν.
622 308 977 361 άποστελλομένου
1006 308 1084 363 γάρ
1111 310 1183 350 τοῦ
1218 313 1379 364 Τωβίου
1404 315 1476 356 ἐπὶ
1501 317 1558 373 τῷ
1583 316 1638 358 τὰ

196 379 255 427 εἰς
284 374 642 430 παρακαταθήκην
676 375 846 426 κείμενα
889 376 1065 430 πατρῷα
1102 373 1285 430 α’ργύρια
1313 381 1456 431 λαβεῖν
1468 413 1489 434 ‚⁴
1507 379 1539 435 ὁἸ
1561 384 1641 423 τοῦ

192 445 339 497 κυρίου
371 437 541 494 ἄγγελος
564 438 758 495 Ῥαφαήλ
776 437 1128 493 συνηκολούθησε.
1158 439 1232 482 καί
1256 444 1356 484 καθ’
1385 442 1491 491 ὁδὸνζ
1514 446 1641 501 ἰχθύ-

192 524 236 557 ος
277 509 476 562 φανέντος
515 505 632 561 παρὰ
675 505 860 558 ποταμὸν
899 501 1081 560 ἐπτοήθη
1120 506 1144 545 ὁ
1174 511 1285 556 παῖς.
1343 508 1364 548 ὅ
1395 510 1442 551 δὲ
1470 505 1679 566 ιῖγγελοςό

189 575 394 626 ἐπέτρεψε
431 574 573 624 λαβεῖν
614 569 744 631 αὐτὸν
771 569 843 612 καί
882 576 1059 626 φαγεῖν,
1096 570 1169 625 τήν
1211 573 1257 614 δὲ
1297 576 1474 628 καρδίαν
1501 578 1573 620 καί
1594 570 1652 630 τᾷ,

189 634 305 692 ἧπαρ
336 637 597 694 φυλάσσειν,
627 632 682 679 τὰ
706 638 781 690 μὲν
804 632 915 691 ἧπαρ
946 638 1005 685 εἰς
1033 637 1240 690 θυμίασιν
1267 642 1345 680 τοῦ
1369 630 1648 696 Ἀσμοδαίοᾎ

189 704 266 758 τήν
295 705 342 745 δὲ
369 705 546 757 καρδίαν
575 706 635 753 εἰς
660 709 805 757 χρῖσιν
834 704 918 744 τῶν
937 705 1145 757 πατρικῶν
1161 700 1414 759 ὀφθαλμῶν.
1474 705 1654 762 α’πήγαι

187 786 234 824 γε
260 771 305 812 δὲ
346 769 479 811 αὐτὸν
523 771 584 818 εἷς
610 768 681 811 τὸν
705 766 913 823 Ῥαγουήλ
951 765 1078 822 οἷκον,
1112 765 1211 811 ὅθεν
1238 770 1312 812 καί
1334 771 1536 826 λαμβάνει
1561 775 1640 826 μὲν

188 837 249 884 εἰς
277 840 458 888 γυναῖκα
484 834 559 890 τὴν
588 833 783 889 Σάρραν,
826 833 896 875 τὸν
925 835 971 875 δὲ
1001 837 1204 889 φιλοῦντα
1227 834 1359 891 αὐτήν
1384 836 1639 890 Ἀσμοδαῖον
1657 861 1716 890 102

151 920 176 952 B
188 903 348 943 ἐκεῖθεν
381 900 534 942 διώκει.
591 898 904 953 ἆναλαβόμενος
932 901 978 942 δὲ
1007 898 1053 941 τὸ
1098 899 1301 954 α’ργύριον
1329 904 1401 944 καί
1426 901 1501 958 τήν
1527 901 1638 958 Σάρ-

188 983 269 1022 ραν
298 967 551 1022 ὖπὲστρεψε.
615 965 745 1023 ταύτῃ
793 981 859 1007 τοι
891 967 963 1007 καί
994 968 1073 1007 τῶν
1104 968 1181 1007 τοῦ
1226 966 1374 1022 Τωβήτ
1403 968 1640 1024 ὀφθαλμῶν

186 1036 448 1089 χρισθέντων
485 1034 634 1085 θαῦμα
676 1033 848 1086 ἐγένετο.
919 1031 1027 1085 μετὰ
1069 1034 1116 1074 δὲ
1145 1034 1276 1074 ταῦτα
1303 1035 1376 1075 καί
1402 1033 1505 1076 τάδε
1533 1034 1639 1090 πρὸς

188 1097 347 1148 αὐτοῦς
374 1099 396 1139 ὁ
425 1097 543 1153 ἅγιος
571 1094 741 1152 ἄγγελος
767 1097 906 1152 ἔλεγεν
931 1098 1217 1153 »ἐλεημοσύνη
1245 1101 1291 1139 ἐκ
1319 1098 1509 1142 θανάτου
1539 1099 1636 1155 ῥύεο

186 1182 285 1217 ται,
321 1164 395 1206 καί
433 1163 542 1218 αὐτή
585 1162 875 1219 ἇποκαθαριεῑ
905 1166 1044 1204 πᾶσαν
1081 1163 1307 1218 ἁμαρτίαν.
1363 1165 1437 1207 καὶ
1462 1168 1537 1208 νῦν
1567 1162 1700 1218 &315

186 1231 407 1285 προσηύξω
436 1230 489 1272 σύ
533 1233 605 1272 καί
630 1228 655 1285 ἦ
697 1228 842 1285 νύμφη
870 1245 946 1271 σου
987 1227 1159 1283 Σάρρα,
1189 1229 1268 1284 ἐγώ
1299 1231 1558 1286 προσήγαγον
1585 1230 1633 1274 τὸ

184 1297 456 1351 μνημόσυνον
492 1299 569 1350 ,τῆς
619 1299 856 1351 προσευχῆς
902 1295 1021 1348 ὑμῶν
1055 1294 1228 1336 ἐνώπιον
1259 1298 1338 1338 τοῦ
1365 1297 1486 1350 ἁγίου
1514 1299 1658 1346 3⁸05„

184 1365 258 1405 καί
287 1359 353 1405 ὅτε
381 1360 560 1411 ἔθαπτες
587 1362 685 1411 τούς
714 1361 882 1415 νεκρούς
900 1396 911 1415 ,
942 1362 1228 1416 συμπαρήμην
1257 1378 1338 1404 σοι.
1366 1365 1439 1405 καί
1466 1360 1534 1406 ὅτε
1562 1363 1636 1406 υῦκ

186 1426 373 1483 ὤκνησας
415 1428 648 1482 ἀναστῆναι
694 1427 768 1469 καί
800 1433 1042 1469 καταλιπεῖν
1081 1426 1126 1468 τὸ
1171 1424 1344 1482 ἄριστόν
1392 1445 1498 1482 σου,
1525 1425 1639 1479 ὅπως

185 1493 381 1535 α’πελθών
410 1495 672 1551 περιστείλῃς
700 1492 772 1535 τὸν
794 1493 950 1547 νεκρόν,
980 1494 1055 1533 οὐκ
1084 1491 1235 1541 ἔλαθές
1264 1509 1316 1545 με
1344 1493 1627 1548 ἀγαθοποιῶν,
1645 1528 1696 1556 20

148 1559 293 1615 ράλλὰ
327 1559 406 1602 σύν
433 1575 497 1602 σοι
527 1555 645 1615 ἤμην.
717 1558 791 1601 καί
818 1561 892 1600 νῦν
921 1555 1138 1601 α’πέστειλέ
1161 1574 1216 1611 με
1245 1558 1267 1599 ὁ
1295 1560 1394 1608 θεὸς
1425 1560 1638 1604 ἰάσασθαί
1663 1598 1669 1603 .

279 1702 312 1745 4.
336 1697 507 1747 Ῥαφαήλ
533 1711 590 1733 om
615 1699 657 1734 V.

188 1814 312 1858 genius
338 1812 571 1845 interfecerat
596 1812 695 1856 prius
721 1821 827 1855 quam
846 1821 925 1843 cum
949 1821 991 1843 ea
1017 1817 1310 1854 consuescerent3
1339 1822 1445 1857 quam
1468 1812 1532 1846 illa
1559 1824 1632 1848 rem

188 1868 259 1893 tam
279 1871 382 1904 aegro
400 1859 484 1892 tulit
499 1859 616 1891 animo
641 1863 681 1891 ut
704 1857 782 1902 ipsa
795 1857 864 1890 sibi
890 1869 1014 1891 manus
1040 1857 1178 1891 adferre
1193 1859 1378 1903 cogitaret.
1402 1870 1521 1892 verum
1542 1860 1631 1894 deus

187 1918 306 1952 neque
332 1906 469 1939 Tobaei
494 1916 613 1950 neque
640 1905 764 1938 Sarrae
803 1904 935 1950 probra
961 1905 1131 1948 neglexit.
1155 1917 1236 1938 nam
1262 1917 1339 1938 cum
1365 1906 1531 1940 Tobaeus
1559 1907 1631 1940 fili-

187 1966 244 1986 um
289 1966 390 1986 suum
423 1952 572 1986 'sobiam
609 1952 810 1996 ablegasset
843 1951 887 1984 ad
928 1951 1163 1996 repetendum
1206 1959 1390 1996 argentum
1416 1953 1512 1998 quod
1541 1954 1630 1988 alibi

187 2002 426 2046 deposuerat,
463 2000 608 2043 angelus
637 1999 695 2031 dei
722 1998 924 2043 Raphaelus
958 2009 1037 2031 eum
1064 1999 1255 2038 comitatus,
1277 2005 1340 2034 est.
1367 2000 1404 2032 in
1428 2011 1470 2032 eo
1495 2000 1626 2034 itinere

185 2060 276 2093 puer
314 2053 505 2091 conspecto
543 2045 588 2078 ad
626 2046 780 2078 fluminis
807 2046 920 2090 ripam
957 2046 1055 2090 pisce
1081 2045 1310 2079 vehementer
1346 2053 1399 2079 est
1421 2049 1630 2091 exterritu³3

185 2106 292 2140 quem
321 2095 476 2138 Angelus
502 2092 666 2125 hortatur
694 2098 734 2125 ut
756 2093 891 2137 piscem
914 2092 1124 2137 prehendat,
1153 2093 1302 2138 eiusque
1327 2099 1445 2138 partes
1470 2099 1629 2129 caeteras

184 2141 370 2181 comedat,
397 2141 511 2172 solum
535 2150 595 2172 cor
618 2145 653 2172 et
676 2139 774 2172 iecur
798 2140 867 2172 sibi
898 2144 1070 2181 reservet3
1096 2150 1246 2184 quorum
1269 2141 1432 2182 alterum,
1458 2140 1630 2176 videlieet

185 2188 307 2233 hepar,
334 2188 483 2220 serviret
507 2186 549 2219 ad
578 2186 794 2230 abigendum
820 2186 938 2219 suffitu
950 2186 1197 2228 Asmodzoeum,
1221 2199 1280 2219 cor
1306 2192 1423 2220 autem
1450 2187 1494 2220 ad
1519 2189 1628 2221 inun-

185 2235 339 2280 gendum
370 2240 538 2279 paternos
570 2233 704 2266 oculos.
745 2233 941 2266 secundum
983 2233 1072 2266 haec
1101 2233 1265 2266 iuvenem
1294 2233 1439 2278 Ragueli
1482 2233 1628 2270 domum

185 2282 350 2321 deducit,
378 2281 439 2326 qui
477 2280 615 2312 Sarram
642 2280 751 2312 filiam
788 2281 864 2314 eius
895 2291 1042 2313 uxorem
1068 2281 1200 2325 accipit
1222 2287 1259 2314 et
1287 2280 1408 2314 Sarrae
1432 2288 1627 2316 amatorem

182 2329 420 2363 Asmodaeum
450 2326 573 2371 abigit.
602 2326 687 2359 hinc
714 2333 854 2372 sumpto
882 2339 1001 2360 secum
1030 2333 1174 2371 argento
1199 2333 1235 2360 et
1259 2328 1408 2372 coniuge
1434 2328 1538 2361 Sarra
1562 2329 1628 2363 do-

182 2388 279 2410 mum
315 2375 515 2408 revertitur.
552 2384 705 2418 cumque
732 2375 897 2418 peruncti
930 2374 1048 2407 forent
1072 2374 1116 2406 ab
1141 2385 1183 2407 eo
1209 2374 1347 2407 Tobaei
1370 2375 1482 2419 patris
1509 2377 1626 2418 oculi,

180 2423 386 2469 prodigium
417 2422 457 2454 fit
483 2422 608 2464 ingens
645 2421 723 2452 visu
746 2422 778 2453 ei
804 2421 982 2454 restituto.
1019 2421 1151 2465 quibus
1169 2423 1207 2454 in
1230 2421 1327 2454 hunc
1347 2421 1493 2455 modum
1517 2424 1629 2467 gestis

183 2471 330 2514 angelus
357 2470 452 2514 ipsos
476 2467 593 2501 verbis
614 2467 746 2500 talibus
775 2469 972 2513 alloquitur
997 2467 1100 2513 (Tob.
1134 2479 1170 2501 12
1195 2469 1248 2515 9):
1277 2468 1517 2502 beneficentia
1541 2482 1627 2515 pro-

183 2518 277 2550 secta
304 2517 348 2549 de
382 2514 692 2548 commiseratione
731 2515 847 2548 cordis
875 2515 1056 2548 hominem
1094 2526 1114 2547 a
1138 2521 1252 2548 morte
1276 2514 1434 2548 vindicat
1458 2521 1495 2549 et
1519 2528 1625 2551 omne

181 2569 366 2609 peccatum
398 2563 528 2608 expiat.
564 2573 635 2606 quo
664 2561 810 2605 quidem
844 2568 1006 2606 tempore
1030 2566 1070 2594 tu
1091 2572 1273 2607 nurusque
1302 2567 1365 2594 tua
1390 2563 1493 2596 Sarra
1518 2563 1624 2598 deum

181 2610 437 2655 precabimini‚
471 2620 535 2653 ego
561 2609 777 2652 precationis
810 2615 946 2642 vestrae
970 2615 1239 2642 monumentum
1267 2620 1384 2641 coram
1410 2616 1533 2643 sancto
1557 2611 1624 2644 illo

182 2656 250 2690 deo
276 2656 526 2690 subvehebam.
556 2666 633 2687 cum
660 2661 699 2688 tu
727 2661 884 2688 mortuos
912 2655 1133 2700 sepeliebas,
1172 2655 1313 2688 aderam
1343 2656 1421 2689 tihi.
1453 2669 1531 2690 cum
1556 2659 1625 2691 mi·

181 2705 277 2737 nime
301 2704 525 2737 cunctabaris
549 2702 636 2747 quin
662 2712 821 2745 surgeres
849 2703 1049 2747 relictoque
1065 2702 1216 2747 prandio
1239 2708 1302 2735 tuo
1326 2701 1530 2737 discederes
1557 2705 1625 2738 ob-

184 2751 339 2787 velatum
374 2750 505 2784 mortui
545 2748 697 2783 hominis
723 2749 890 2790 cadaver,
926 2749 1014 2782 haee
1039 2755 1102 2783 tua
1138 2749 1319 2795 praeclara
1353 2751 1444 2784 sacta
1468 2762 1524 2785 me
1550 2763 1624 2787 non
