1826 3120
558 158 839 202 ANNAmmr
879 161 1016 204 PARS
1039 165 1112 205 ιιι.
1420 144 1526 215 451

96 260 340 318 Ἀμβρὺσιός
367 278 427 312 τις
456 263 560 318 α’νὴρ
594 263 795 319 ἐπίσημος
821 264 894 307 καὶ
931 265 1154 322 φιλολόγος
1178 266 1223 308 ἐκ
1246 267 1321 322 τῆς
1350 266 1573 310 odai-mn

94 329 210 370 η’νου
236 327 439 384 αἱρέσεως
466 327 632 380 ἐκστάς.
663 326 769 372 ἀλλὰ
798 330 872 373 καί
890 332 934 383 ἐν
960 337 1045 381 τοῖς
1072 329 1229 382 ἔξωθεν
1254 333 1386 387 μέγας
1408 334 1535 388 ἐγνω-

94 395 252 450 ρίζετο,
292 398 548 450 γεωμετρίας
590 396 663 437 καί
688 392 741 437 τοὶ
782 395 906 438 λοιποὶ
939 396 1207 453 παραδιδούς
1235 394 1406 448 αὐτοῖς·
1464 394 1538 440 εὖ·

93 458 208 516 φυὴς
235 459 316 515 γὰρ
343 456 397 515 ἦν
422 462 469 503 έκ
495 462 704 518 βρέφους,
728 461 802 504 καί
828 464 1077 518 ἐπέπληττεν
1106 463 1236 506 αὐτὸν
1264 461 1287 505 ὅ
1313 463 1449 520 πατήρ
1475 464 1535 514 ὥς

57 526 192 580 ὄπαρ’
223 523 390 581 ἡλικίαν
416 525 465 570 τοὶ
495 530 594 569 θεῖα
620 529 693 570 καί
706 527 870 582 μεγάλα
899 531 1108 584 ζητοῦντα.
1165 528 1365 581 πολλάκις
1391 531 1438 572 δὲ
1464 531 1538 572 καὶ

91 590 372 643 καθεύδοντος
406 594 537 636 αὐτοῦ
576 593 628 635 τὰ
658 597 807 650 στέρνα
835 597 911 637 τοῦ
936 596 1171 652 Ὠριγένους
1197 595 1218 639 ὃ
1246 596 1393 652 πατὴρ.
1415 613 1536 653 κατε-

91 659 203 714 φίλει
234 655 292 708 αἷς
326 661 446 701 θείου
488 657 720 713 πνεύματος
757 659 911 715 μεστά,
950 663 1024 704 καί
1047 663 1119 717 τῆς
1146 663 1357 712 εὐτεκνίας
1386 659 1536 706 ἑαυτὸν

93 722 350 778 ἐμακάριζε·
405 728 520 774 θεῖος
543 724 627 781 γὰρ
672 726 694 767 ὅ
723 725 853 782 ἀνήρ,
883 726 1026 783 ἐπειδὴ
1059 731 1132 771 καί
1161 728 1327 783 μα’ρτυς
1354 732 1535 784 γέγονεν.

90 789 112 831 ὅ
142 792 190 833 δὲ
225 791 435 847 Ὠριγένης
469 793 666 834 τοσοῦτον
706 788 761 847 ἦν
784 793 987 849 ἐγκρατής
1027 794 1085 844 ὥς
1131 795 1292 848 ὀβολοῖς
1325 789 1534 851 ντέσσαρσι

32 860 188 900 nona-9³
213 855 388 912 ἑκάστην
418 858 672 913 ἀρκεῖσθαι,
701 858 813 901 οἴνου
839 860 912 901 καί
938 860 1081 903 ἐλαίου
1111 861 1384 916 ἀπεχόμενος,
1414 867 1574 904 κατε-0

88 922 274 978 σκληκοός
297 939 340 966 τε
364 918 415 979 ἦν
439 927 514 966 καί
538 927 704 982 ψιαθίῳ
731 928 938 979 κείμενος,
968 928 1012 969 ἓν
1026 925 1147 982 ἔργον
1175 926 1285 982 ἔχων
1312 926 1387 982 τήν
1413 929 1536 971 θειάν

86 991 272 1044 μελέτην.
327 990 395 1045 ἐφ’
425 984 458 1047 ᾧ
490 990 563 1032 καί
587 989 980 1046 πολλούςἝλληνας
1008 994 1087 1034 τοῦ
1110 995 1349 1050 μαρτυρίου
1378 996 1535 1050 στέφα-

86 1053 476 1111 νονοῖναδὴσασθαι
507 1057 741 1113 πεποίηκεν.
820 1056 842 1100 ὅ
882 1061 1028 1111 μέντοι
1058 1060 1309 1115 Ἀμβρόσιος
1347 1058 1400 1102 τοὶ
1430 1060 1536 1115 πρὸς

44 1175 52 1185 ἢ
84 1124 236 1178 χρείαν
275 1122 393 1181 αὐτῷ
428 1125 624 1178 παρέχων
664 1124 709 1165 έν
739 1123 874 1166 ἔτεσιν
902 1125 954 1179 ιη’
984 1123 1060 1180 τὴν
1080 1124 1248 1182 γραφὴν
1275 1124 1536 1181 ἑρμηνεῦσαι

29 1184 307 1244 ιὸἧνοίγκασε.
380 1191 542 1243 λέγεται
571 1191 617 1231 δὲ
645 1185 713 1231 ὅτι
738 1192 812 1233 καί
837 1204 871 1249 ,ς
907 1193 1079 1244 βίβλους
1107 1190 1412 1247 συνεγράψατο.
1468 1208 1534 1234 τε-

86 1257 214 1312 λευτᾷ
249 1256 296 1296 δὲ
334 1255 439 1297 ἐτῶν
487 1254 573 1308 ξθ’,
617 1256 657 1298 εἰ
690 1257 763 1298 καί
803 1258 855 1298 δι’
889 1258 1027 1298 αἰτίαν
1055 1257 1144 1299 τινὰ
1173 1256 1223 1299 τὸ
1254 1261 1369 1308 κλέος
1400 1258 1536 1300 αὐτοῦ

85 1322 213 1376 μέχρι
241 1324 386 1371 τέλους
416 1323 467 1363 ου’
507 1321 711 1375 διέμεινεν
758 1316 961 1376 ἄσβεστον
979 1340 988 1350 ·
1074 1325 1118 1373 ἐξ
1157 1324 1293 1366 αὐτοῦ
1334 1324 1415 1380 γὰρ
1462 1324 1536 1366 καί

85 1388 293 1441 Ἀρειανοί
313 1389 387 1429 καί
404 1386 617 1440 Ἀνόμοιοι
639 1386 712 1436 τοὶς
729 1387 926 1444 α’φορμάς
953 1386 1089 1443 ἔσχον.
1105 1391 1186 1431 τῶν
1200 1389 1405 1443 σωμάτων
1431 1392 1533 1432 α’θε-
1546 1402 1585 1436 v.
1606 1405 1667 1440 133

84 1458 155 1494 τεῖ
175 1451 252 1507 τήν
283 1454 536 1496 α’νάστασιν·
565 1457 679 1503 τέλος
705 1452 870 1506 δοξάζει
903 1458 973 1510 τῆς
995 1455 1201 1505 κολάσεως
1227 1457 1301 1498 καί
1326 1458 1410 1498 τῶν
1438 1458 1575 1500 dat-D

22 1517 222 1574 αομόνων
245 1515 591 1563 ἀποκατάστασιν.
618 1522 825 1576 τοσαύτην
858 1522 904 1564 δὲ
933 1519 1165 1577 μετήρχετο
1195 1519 1371 1577 ἄσκησιν
1388 1522 1445 1572 ὥς
1460 1522 1532 1565 καὶ

84 1726 167 1751 nem
194 1716 311 1750 clarus
339 1717 540 1761 complures
577 1722 651 1750 tum
683 1717 808 1752 fideles
832 1723 907 1751 tum
937 1719 1103 1753 infideles
1132 1719 1178 1753 ad
1204 1721 1392 1754 veritatem
1419 1730 1527 1755 manu

86 1764 187 1809 quusi
211 1763 376 1797 ducebat.
403 1764 499 1797 inter
531 1775 592 1797 eos
615 1765 684 1797 fuit
707 1765 914 1798 Ambrosius
953 1766 1119 1811 quidam,
1153 1768 1207 1800 vir
1231 1768 1381 1801 illustris
1407 1774 1442 1801 et
1465 1769 1529 1802 lit-

83 1817 243 1844 terarum
279 1811 537 1856 doctrinaeque
579 1811 786 1852 studiosus,
825 1813 886 1856 qui
914 1813 989 1845 eius
1016 1814 1229 1847 auctoritate
1253 1820 1370 1848 motus
1395 1821 1529 1849 sectam

83 1858 268 1891 Valentini
306 1858 463 1904 reliquit.
502 1858 598 1890 idem
623 1858 794 1902 Origenes
825 1859 872 1892 ob
898 1865 1060 1893 externas
1087 1861 1194 1893 etiam
1219 1860 1427 1906 disciplinas
1452 1874 1529 1895 ma·-

82 1915 170 1948 gnus
195 1904 419 1946 habebatur,
446 1910 487 1938 ut
512 1906 575 1950 qui
601 1907 832 1948 geometriam
858 1913 1026 1951 artesque
1051 1912 1206 1940 caeteras
1235 1907 1423 1952 discipulis
1453 1911 1527 1943 suis

81 1952 250 1986 traderet.
275 1965 354 1986 num
381 1952 563 1997 praeclara
587 1953 703 1986 fuerat
727 1965 746 1985 a
770 1954 893 1997 primis
918 1954 1020 1986 aunis
1049 1953 1174 1987 indole
1198 1956 1400 2000 praeditus,
1428 1957 1527 2001 ipse-

82 2009 153 2044 que
177 2005 280 2045 pater
309 2011 390 2032 eum
420 2011 678 2044 nonnunquam
712 1999 912 2044 obiurgavit
936 2006 977 2034 ut
1002 2001 1064 2045 qui
1091 2012 1195 2046 supra
1222 2002 1368 2035 modum
1394 2005 1528 2037 aetatis

81 2057 136 2079 res
161 2047 300 2080 divinas
327 2053 363 2080 et
386 2058 529 2092 magnas
549 2047 742 2090 indagaret.
769 2058 875 2092 saepe
893 2053 1012 2080 tamen
1037 2048 1116 2092 ipso
1147 2048 1373 2083 dorminente
1399 2057 1524 2095 pectus

81 2094 155 2127 eius
179 2094 454 2127 exosculabatur
481 2100 582 2139 pater
609 2099 778 2139 tanquam
803 2095 916 2127 saneti
943 2096 1087 2139 spiritus
1113 2095 1279 2141 plenum,
1305 2094 1415 2142 seque
1440 2110 1525 2142 pro-

80 2146 160 2186 pter
187 2142 362 2187 egregiam
387 2141 478 2174 hanc
500 2141 660 2174 sobolem
685 2143 829 2174 beatum
862 2141 1105 2186 praedicabat.
1132 2148 1207 2176 erat
1233 2144 1327 2176 enim
1354 2145 1523 2178 Leontius

79 2194 182 2233 pater
214 2189 270 2221 vir
299 2190 446 2222 omnino
485 2188 651 2229 (livinus,
688 2194 728 2221 ut
761 2189 822 2233 qui
859 2189 962 2221 testis
996 2189 1103 2222 etiam
1142 2190 1301 2224 veritatis
1324 2192 1438 2225 {hctus
1464 2193 1521 2225 sit.

78 2234 171 2268 ‘adeo
193 2246 278 2269 vero
301 2242 543 2281 temperanter
576 2235 766 2269 victitabat
791 2235 961 2280 Origenes
977 2261 986 2276 ,
1022 2241 1061 2269 ut
1083 2237 1121 2269 in
1143 2243 1324 2282 sumptum
1353 2238 1523 2272 cottidia-

79 2293 164 2316 num
189 2288 360 2328 quattuor
387 2283 506 2316 obolis
531 2289 719 2316 contentus
738 2288 839 2316 esset.
867 2294 886 2315 a
908 2283 990 2316 vino
1020 2288 1056 2316 et
1082 2283 1163 2317 oleo
1186 2295 1329 2330 prorsus
1358 2285 1522 2318 abstine-

78 2328 151 2362 bat.
175 2341 300 2374 corpus
326 2331 473 2363 omnino
499 2335 644 2375 propter
668 2329 808 2363 labores
835 2335 1031 2364 exaruerat.
1054 2330 1092 2364 in
1117 2337 1234 2364 storea
1258 2331 1426 2373 cubabat,
1456 2335 1520 2366 uni

78 2376 185 2410 modo
212 2378 264 2410 rei
290 2378 464 2418 intentus,
486 2383 526 2410 ut
546 2377 684 2410 divinas
713 2377 851 2410 scilicet
879 2388 933 2410 res
956 2377 1196 2411 meditaretur.
1223 2390 1295 2423 quo
1321 2380 1399 2424 ipso
1432 2382 1519 2412 elfe-

79 2424 130 2456 cit
153 2429 194 2457 ut
219 2425 325 2458 multi
353 2424 480 2458 Graeci
505 2435 635 2456 corona
657 2424 851 2457 testimonii
878 2424 1114 2468 cingerentur.
1141 2425 1337 2470 praebebat
1364 2426 1517 2459 Ambro-

79 2471 151 2503 sius
178 2471 211 2503 ei
235 2478 362 2505 cuncta
386 2483 477 2517 quae
508 2470 552 2503 ad
580 2483 665 2504 usus
691 2471 906 2504 necessarios
941 2472 1224 2517 requirerentur,
1252 2473 1409 2518 ideoque
1434 2484 1516 2518 per-

77 2517 172 2562 pulit
195 2518 375 2552 hominem
414 2524 454 2551 ut
478 2518 615 2551 litteras
641 2529 753 2551 sacras
790 2529 963 2551 annorum
1000 2522 1039 2554 18
1061 2519 1177 2565 spatio
1205 2520 1513 2565 interpretaretur.

78 2564 211 2598 litteris
240 2566 346 2599 etiam
373 2566 618 2610 consignatum
643 2566 771 2598 scimus
797 2565 984 2609 Origenem
1015 2577 1076 2599 sex
1102 2566 1276 2599 librorum
1302 2567 1402 2599 milia
1427 2578 1515 2600 con-

78 2612 269 2656 scripsisse.
296 2618 456 2646 mortuus
482 2618 538 2645 est
561 2623 655 2645 anno
682 2612 808 2645 aetatis
822 2613 878 2656 69.
907 2622 1011 2646 unam
1027 2619 1146 2647 tamen
1165 2613 1211 2646 ob
1238 2624 1377 2646 causam
1401 2613 1512 2658 ipsius

77 2659 190 2703 gloria
219 2670 331 2705 usque
357 2660 402 2693 ad
429 2660 538 2693 finem
562 2671 634 2692 non
658 2658 885 2703 perduravit:
923 2671 1004 2692 nam
1028 2660 1147 2693 Ariani
1174 2666 1211 2693 et
1234 2660 1404 2693 Anomoei
1431 2672 1512 2694 sua-

77 2717 153 2738 rum
178 2705 377 2740 haeresium
402 2708 606 2740 occasiones
633 2706 771 2750 abipso
797 2706 1000 2740 hauserunt.
1029 2713 1216 2752 praeterea
1242 2718 1426 2751 corporum
1453 2718 1511 2740 re-

76 2754 285 2788 surrectioni
322 2754 428 2788 fidem
465 2760 580 2799 negat,
626 2753 883 2801 suppliciorum
916 2754 1023 2789 finem
1055 2755 1225 2800 opinione
1263 2766 1324 2788 sua
1357 2755 1503 2796 statuit,
