1826 3120
562 159 845 203 ANNALmM
887 163 1022 206 PARS
1062 163 1134 203 111.
1432 144 1544 217 427

103 259 203 307 τούς
230 257 394 300 δώδεκα
426 259 651 312 ἐξελέξατο,
684 262 723 303 εἰ
746 261 819 302 καὶ
843 262 965 316 τιμῆς
995 260 1145 316 ἤξιῖυσε
1173 262 1379 312 πλείονος,
1410 263 1451 304 εἰ
1480 260 1552 303 καί

107 325 180 366 ἐπὶ
206 323 259 378 ιβ’
290 325 457 379 θρόνων
483 323 684 380 ὑπέσχετο
714 326 890 369 καθίσαι
917 328 1074 376 αὐτούς
1113 325 1191 377 τὰς
1219 326 1383 370 δυόδεκα
1411 326 1551 384 φυλὰς

105 389 188 432 τοῦ
209 389 386 446 Ἰσραήλ
421 393 654 446 κρίνοντας,
691 394 730 434 εἰ
758 392 832 434 καί
856 391 1098 434 σύνδειπνοι
1128 395 1242 450 αὐτῷ
1266 391 1434 436 ἔσονται
1463 397 1554 436 κατ’

107 457 268 511 ἐκείνην
293 454 372 511 τὴν
397 453 574 512 ἡμέραν,
603 456 746 513 ἐπειδή
771 456 1029 513 μεμενήκασι
1055 460 1147 512 μετ’
1171 460 1318 513 ατῖτοῦ,
1348 461 1438 502 ἀλλ’
1457 457 1554 513 ἕχο-

70 514 185 575 5μεν
212 523 404 577 α’λλαχοῦ
431 521 504 566 τὸν
534 521 681 579 κύριον
714 520 846 567 αὐτὸν
862 523 968 580 πρὸς
984 523 1086 574 τοὺς
1103 525 1148 566 ἐκ
1164 527 1411 579 Ζεβεδαίου,
1431 525 1555 581 ἡνίκα

108 589 248 638 δεξιὰν
266 586 471 646 ᾐτήσαντο
490 590 564 631 καί
589 589 821 645 α’ριστεροὶν
850 591 1078 645 καθέδραν,
1112 587 1224 633 οὕτω
1250 591 1422 645 λέγοντα
1450 592 1555 646 ,,ου’κ

105 651 209 708 ἐμόν
238 656 326 698 ἐστι
351 658 479 697 τοῦτο
504 658 662 709 δοῦναι,
692 657 779 698 ἀλλ’
809 651 871 706 οἷς
897 653 1147 712 ἧτοιμασται
1167 655 1282 711 παρὰ
1309 658 1382 700 τοῦ
1397 656 1556 713 πατρός

104 720 226 774 μου”.
269 720 421 764 οὗκοῢν
453 724 493 764 εἰ
521 722 573 764 τοὶ
600 723 673 778 τῆς
700 725 826 778 τιμῆς
851 723 1007 778 ἐκείνης
1028 724 1080 764 ου’
1107 724 1271 765 δίδοται
1297 722 1403 766 κατὰ
1427 724 1557 779 χάριν

104 785 214 829 ἀλλὰ
243 785 349 829 κατὰ
376 787 472 838 τοὺς
500 788 665 842 α’γῶνας
693 787 767 838 οὒς
797 787 821 830 0‘
849 790 944 830 καθ’
973 788 1045 831 ἕνα
1075 790 1300 841 ἐνδείξεται
1310 791 1326 843 ,’
1360 789 1419 846 μή
1447 786 1555 832 θαύ-

43 854 213 906 ΙΟμαζε
240 852 325 908 εἴγε
352 854 427 895 καί
453 852 492 895 οἱ
520 853 626 896 κατὰ
660 853 734 896 τὸν
762 857 966 907 Παῦλον,
1010 854 1081 896 ναί
1116 854 1203 909 μήν
1244 855 1317 897 καί
1354 856 1595 909 Ἰιὶκωβονῦ

106 917 181 962 τὸν
215 915 480 976 ἆδελφόθεον
521 916 826 975 ἀγωνισάμενοι
867 920 1061 963 κοινωνοὶ
1091 924 1164 964 καί
1191 923 1450 976 συμμέτοχοι
1485 924 1557 976 τῆς

105 987 188 1028 τῶν
217 985 381 1028 δώδεκα
423 988 547 1041 τιμῆς
577 984 891 1043 εὑρεθήσονται.
958 985 1030 1028 καί
1060 986 1140 1043 γάρ
1181 989 1303 1030 τοῦτο
1331 991 1404 1030 καί
1432 987 1455 1029 ὅ
1483 988 1558 1044 τήν

104 1051 288 1106 γλῶτταν
330 1054 521 1108 χρυσοῦς
558 1050 701 1108 ἔλεγε,
744 1052 927 1095 Παύλου
968 1055 1140 1107 μείζονα
1177 1056 1324 1110 στῆναι
1352 1052 1448 1097 τότε
1477 1072 1560 1110 μη·-

106 1118 289 1173 δέτερον.

46 1176 94 1218 ¹5
205 1181 299 1228 “On
338 1186 386 1228 δὲ
431 1184 470 1227 οἳ
510 1189 706 1242 μαθηταί
743 1189 817 1228 τοῦ
855 1188 1050 1241 Χριστοῦ
1078 1187 1240 1230 δώδεκα
1270 1186 1344 1230 τὸν
1372 1183 1559 1242 ἆριθμόν

105 1254 180 1294 καί
206 1251 256 1293 ού
286 1252 453 1302 πλείους
476 1248 506 1307 ἢ
530 1252 734 1301 ἐλάσσους
762 1249 872 1294 εἶναι
898 1251 1096 1306 ἔμελλον,
1126 1255 1315 1308 α’ρχῆθεν
1338 1256 1461 1297 τοῦτο
1490 1257 1557 1296 δε-

107 1316 309 1372 δήλωται.
364 1320 438 1360 καί
463 1316 665 1373 πρόσχες,
704 1320 744 1361 εἰ
765 1318 935 1372 βούλει,
980 1325 1065 1368 τοῖς
1094 1323 1341 1374 λεγομένοις.
1399 1316 1448 1362 ὃν
1474 1319 1555 1375 γὰρ

105 1383 260 1439 τρόπον
298 1382 320 1426 ὅ
358 1383 562 1439 αἰσθητὸς
602 1379 722 1433 οὗτος
762 1383 877 1439 ἥλιος
918 1384 1001 1427 (ind
1038 1388 1115 1427 τοῦ
1155 1384 1326 1441 πρώτου
1378 1386 1556 1441 σημείου

107 1450 351 1505 α’ρξάμενοζ,
379 1453 451 1492 καί
478 1449 549 1492 διὰ
579 1453 664 1493 τῶν
686 1449 737 1504 ιβ’
767 1453 929 1503 ζωδίων
954 1451 1029 1506 τήν
1059 1453 1193 1494 αὐτοῦ
1219 1452 1397 1507 ποιήσας
1416 1454 1556 1506 περίο-

44 1519 208 1571 2οδον,
250 1518 328 1559 κοῖν
356 1516 523 1567 τούτοις
552 1516 605 1560 τὰ
637 1518 774 1559 αὐτοῦ
803 1518 934 1560 πάντα
967 1516 1221 1574 πληρώσας,
1259 1520 1391 1561 ἐκεῖσε
1429 1517 1555 1560 πάλιν

109 1583 367 1639 ὑποστρέφει
409 1580 510 1625 ὅθεν
552 1586 626 1626 τοῦ
655 1583 815 1639 δρόμου
844 1583 1098 1639 κατήρξατο,
1129 1583 1239 1628 οὕτω
1267 1587 1340 1626 καί
1363 1584 1383 1627 ὃ
1410 1583 1598 1641 νοητὸςῑ)

109 1645 227 1703 ἥλιος
242 1651 318 1704 τῆς
347 1651 624 1705 δικαιοσύνης,
652 1648 674 1691 ὃ
699 1649 841 1704 κύριος
861 1648 980 1705 ἡμῶν
1008 1643 1382 1707 Ἰησοῦς Χριστός,
1411 1651 1434 1693 ὅ
1461 1650 1555 1701 υἱὸς

109 1718 187 1758 τοῦ
210 1716 313 1758 θεοῦ
330 1718 404 1759 καί
418 1716 528 1769 θεός,
562 1715 829 1768 ὲξανατείλας
857 1719 915 1773 τῷ
942 1717 1082 1774 κόσμῳ
1110 1717 1250 1767 καθώς
1279 1717 1404 1768 αύτὸς
1428 1715 1555 1773 ηὐδό-

111 1906 315 1943 quanquam
335 1895 429 1928 enim
449 1895 642 1941 discipulos
663 1896 744 1930 illos
762 1896 950 1929 duodecim
968 1895 1130 1928 dominus
1148 1894 1278 1939 primos
1296 1894 1415 1939 elegit,
1442 1906 1555 1940 quan-

111 1954 217 1990 quam
240 1942 376 1976 honore
398 1943 524 1976 maiori
549 1943 712 1988 dignutus
738 1950 801 1984 est,
827 1954 1030 1988 quanquam
1057 1953 1094 1975 se
1120 1942 1201 1975 illos
1223 1942 1427 1986 promiserit
1449 1953 1555 1987 supra

111 1989 299 2024 duodecim
323 1991 412 2023 solia
439 1991 714 2032 collocaturum,
748 1997 786 2024 ut
812 1990 1000 2024 duodecim
1027 1989 1138 2023 tribus
1160 1989 1343 2023 Israelicas
1369 1988 1554 2030 iudicent,

111 2049 317 2085 quanquam
341 2038 406 2070 illo
437 2038 495 2071 die
521 2038 692 2071 convivae
717 2039 828 2083 ipsius
853 2043 958 2071 erunt
984 2043 1175 2082 propterea
1196 2036 1294 2082 quod
1319 2036 1414 2082 apud
1438 2037 1555 2081 ipsum

109 2084 288 2120 manendo
319 2087 645 2130 perseveraverint,
681 2085 797 2118 nihilo
822 2091 941 2119 tamen
964 2085 1080 2118 minus
1103 2083 1192 2117 alibi
1217 2084 1399 2117 dominum
1425 2084 1472 2117 ad
1493 2084 1556 2117 Ze-

109 2132 240 2167 bedaei
265 2131 381 2174 filios,
421 2144 499 2166 cum
524 2133 579 2165 illi
605 2133 791 2166 dexterum
819 2132 1031 2177 laevumque
1057 2132 1182 2164 solium
1216 2143 1326 2177 penes
1353 2132 1468 2177 ipsum
1491 2143 1558 2176 pe-

111 2181 266 2221 tiissent,
292 2180 347 2213 his
371 2180 492 2214 verbis
519 2181 571 2213 uti
596 2180 755 2213 videmus
782 2180 925 2224 (Matth.
953 2190 996 2213 20
1021 2180 1079 2224 23)
1103 2179 1203 2220 „eius
1226 2179 1278 2212 rei
1304 2179 1557 2213 concedendae

112 2227 263 2261 facultas
288 2239 361 2260 non
388 2239 444 2260 me
472 2239 582 2272 pones
610 2233 673 2268 est,
701 2227 764 2260 sed
789 2227 860 2260 illis
886 2226 955 2260 hoc
970 2226 1134 2271 obtinget
1149 2225 1278 2271 quibus
1298 2238 1317 2259 a
1334 2233 1435 2272 patre
1453 2238 1557 2272 para-

112 2281 188 2308 tum
213 2274 303 2307 erit”
328 2280 546 2319 quapropter
571 2275 600 2307 si
625 2275 738 2308 honos
766 2274 828 2307 ille
853 2285 927 2307 non
951 2273 1129 2307 tribuetur
1155 2285 1198 2307 ex
1229 2275 1366 2319 gratia,
1396 2274 1459 2307 sed
1491 2285 1556 2319 pro

115 2323 252 2355 ratione
280 2323 513 2355 certaminum
549 2333 640 2367 quae
669 2321 824 2367 quilibet
847 2321 1070 2363 exanclabit,
1106 2321 1228 2354 desine
1255 2322 1375 2354 mirari
1401 2322 1558 2355 futurum

114 2374 156 2403 ut
179 2368 323 2414 quidam
349 2370 512 2414 exemplo
546 2368 646 2402 Pauli
673 2376 709 2402 et
732 2369 854 2402 Iacobi
879 2368 1008 2410 huius,
1040 2368 1174 2402 domini
1198 2368 1327 2410 fratris,
1352 2368 1558 2402 certamini-

114 2415 182 2449 bus
207 2417 278 2450 suis
303 2417 456 2462 peractis
483 2417 557 2449 eius
582 2417 775 2461 participes
798 2415 945 2449 honoris
971 2416 1069 2457 fiant,
1093 2416 1151 2462 qui
1175 2415 1357 2461 discipulis
1377 2417 1447 2449 illis
1467 2416 1558 2448 duo-

116 2463 231 2496 decim
258 2469 311 2497 est
337 2464 541 2508 promissus.
577 2463 646 2496 hoc
672 2465 766 2496 enim
801 2469 837 2496 et
862 2462 1128 2507 Chrysostomus
1152 2464 1421 2508 pronuntiavit,
1446 2463 1558 2496 Paulo

117 2509 237 2544 dicens
262 2511 327 2544 illo
357 2517 517 2556 tempore
543 2511 722 2544 neminem
747 2511 990 2555 appariturum
1014 2512 1193 2544 maiorem.

149 2586 152 2591 ⁴
210 2557 423 2603 Caeteroqui
451 2563 591 2592 tantum
618 2558 808 2592 duodecim
835 2557 967 2591 Christi
995 2557 1212 2603 discipulos,
1248 2569 1323 2591 non
1348 2557 1468 2602 plures
1490 2566 1558 2589 nec

108 2605 304 2652 *pauciores
332 2605 453 2646 fuisse,
482 2606 548 2638 iam
579 2611 661 2638 ante
693 2606 1019 2638 demonstravimus.
1060 2605 1228 2645 attende,
1265 2605 1438 2644 obsecro,
1465 2614 1558 2648 (piae

120 2651 288 2685 dicemus.
328 2652 625 2697 quemadmodum
661 2653 713 2686 sol
746 2653 804 2685 hic
829 2652 968 2685 sensilis
1003 2665 1022 2685 a
1046 2652 1161 2698 primo
1195 2653 1294 2696 signo
1325 2662 1468 2684 exorsus
1494 2662 1558 2695 per

120 2699 219 2743 signa
244 2699 430 2734 duodecim
456 2712 557 2733 cursu
592 2711 654 2732 suo
681 2700 844 2732 circulari
872 2699 1058 2740 absoluto,
1096 2705 1284 2744 postquam
1318 2699 1356 2731 in
1393 2699 1434 2730 iis
1470 2698 1557 2742 ipsis

122 2746 324 2781 effectiones
355 2759 433 2781 suas
459 2747 670 2792 complexit2
699 2760 739 2779 eo
769 2747 933 2788 revertit,
968 2747 1062 2780 unde
1089 2758 1206 2780 cursus
1237 2746 1380 2779 initium
1407 2745 1556 2785 fecerat,
