1826 3120
607 134 892 175 ANNALHJM
933 133 1070 174 PARS
1112 103 1164 173 u.
1489 112 1594 186 237

140 235 455 296 χρυσορρήμων
494 234 647 291 φησίνς
689 236 733 276 ἐκ
774 238 846 289 τῆς
889 236 1208 290 ἐναποκειμένης
1250 231 1367 289 αὐτῷ
1415 233 1598 287 φυσικῆς

140 305 350 361 γνώσεως,
398 298 426 358 ἢ
456 303 502 344 ἐκ
532 303 606 356 τῆς
650 300 848 357 δοθείσης
893 301 1010 358 αὐτῷ
1039 300 1155 356 παρὰ
1186 302 1291 341 θεοῦ
1318 300 1482 356 σοφιάς.
1541 299 1601 348 ὥς

141 370 269 415 καλὸν
300 370 327 425 ἦ
359 369 502 424 α’ρετὴ.
572 365 682 424 αὕτη
710 367 785 409 τὸν
814 365 943 420 Ἐνῶχ
971 369 1220 422 μετέθηκεν,
1262 362 1369 420 αὕτη
1400 363 1472 406 τὸν
1500 365 1600 407 Νῶε

141 435 386 481 διεσώσατο.
454 431 533 489 ὅρα
579 433 658 490 γάρ
703 430 764 476 ὅτι
792 433 950 482 πάντας
990 434 1172 483 ἐκείνους
1199 429 1386 489 ἀπωλείᾳ
1415 433 1599 486 παραδι..

109 502 240 554 5ι)“οὑς
269 501 292 544 ὅ
321 500 417 551 θεὸς
446 499 551 556 πρὸς
579 499 648 542 τὸν
675 503 775 542 Νῶε
807 497 945 554 ἔλεγεν
970 497 1165 552 »εἴσελθε
1197 499 1249 542 σύ
1272 498 1345 540 καί
1371 501 1453 549 πᾶς
1482 496 1504 540 0‘
1538 495 1599 540 οἶ-

138 569 211 620 κός
239 585 315 611 σου
347 570 407 617 εἰς
435 566 511 623 την
536 564 737 621 κιβωτόν,
767 562 835 606 ὅτι
864 581 912 608 σε
945 562 1057 607 εἶδον
1086 567 1248 607 δίκαιον
1283 565 1468 607 ἐναντίον
1494 565 1602 618 ἐμοῦ

138 637 183 679 ἑν
210 637 263 694 τῇ
289 636 410 692 γενεᾷ
437 632 568 691 ταύτῃ
598 635 652 690 τῇ
679 633 841 689 πονηρᾷ
868 632 941 674 καί
960 631 1312 690 διεστραμμένῃ.”
1367 629 1475 673 ἄλλα
1507 647 1601 672 και-

140 701 218 758 ρὸν
250 700 396 751 ὁίδούς
425 702 568 749 αὐτοῖς
594 697 891 754 ἑμπρόθεσμον
920 700 980 748 εἰς
1005 695 1231 752 μετάνοιαν
1252 701 1380 753 φησίν
1407 696 1598 751 ,,ἔσονται

139 770 187 810 δὲ
207 768 251 811 αἱ
282 768 440 823 ἡμέραι
470 766 610 808 αὐτῶν
627 764 700 821 ἔτη
730 763 829 819 ρκ’,”
857 766 898 807 εἰ
922 766 1146 807 καὶταῦτα
1175 764 1414 812 πάνταούκ
1443 763 1595 821 ἔζησαν
1608 771 1650 807 V.
1662 773 1708 816 98

78 852 126 878 ιο
140 833 212 878 διὰ
238 835 311 892 τήν
337 831 486 877 κακίαν
516 831 684 875 αὐτῶν·
730 830 768 874 οἱ
790 830 867 888 γὰρ
892 830 950 887 μη
981 831 1223 887 φθάσαντες
1256 829 1327 872 διὰ
1353 833 1484 884 μέσου
1513 834 1634 873 τῶνΒ

137 900 289 944 ἑκατὸν
319 901 574 955 μετανοῆσαι
608 900 706 940 ου’δὲ
744 900 790 940 έν
821 904 908 948 τοῖς
938 896 1066 939 εἴκοσι
1094 895 1346 952 μετενόησαν
1373 893 1439 939 ἄν.
1468 895 1599 951 πρόσ-

137 985 209 1023 εχε
241 970 287 1010 δὲ
315 964 383 1008 ὅτι
411 969 507 1008 ποτε
535 968 614 1019 μὲν
647 963 699 1021 ἢν
729 964 996 1019 ὑπισχνεῖται
1023 965 1169 1006 ὸόὗναι
1212 963 1322 1019 ζωὴν
1348 961 1601 1019 ὑποτέμνει,

138 1031 197 1084 ὥς
227 1035 438 1084 ἐνταῦθα,
473 1031 547 1074 ἐὰν
575 1031 634 1086 μὴ
664 1030 1003 1086 μετανοήσωμεν,
1031 1032 1130 1072 ποτὲ
1160 1031 1207 1072 δὲ
1237 1031 1420 1072 α’πειλῶν
1449 1032 1602 1072 α’πολέ-

137 1117 211 1143 σαι
240 1102 364 1142 τοῦτο
393 1099 446 1140 ου’
476 1104 594 1140 ποιεῖ
630 1098 983 1154 μετανοησάντων,
1016 1094 1160 1152 ἡμῶν,
1209 1096 1267 1148 ὦς
1307 1098 1380 1139 ἐπὶ
1404 1098 1489 1139 τῶν
1517 1099 1602 1140 Νι-

78 1172 125 1214 15
139 1170 311 1210 νευιτῶν
339 1165 451 1208 ἔστιν
479 1167 596 1207 ἰδεῖν.

254 1231 310 1276 Τὸ
343 1234 390 1275 δὲ
418 1228 535 1286 ὕδωρ
566 1231 723 1287 ὑψώθη
751 1228 891 1273 ἐπάνω
911 1234 992 1273 τῶν
1021 1231 1150 1286 ὀρέων
1178 1232 1249 1273 ε’πί
1275 1229 1432 1285 πήχεσι
1460 1246 1602 1272 πεντε-

137 1300 327 1354 καίδεκα,
346 1299 415 1341 ἵνα
433 1298 485 1340 τὰ
500 1299 574 1353 τῆς
588 1299 710 1348 θείας
728 1300 931 1354 πληρωθῇ
953 1298 1220 1353 ἀποφάσεως.
1237 1299 1503 1351 ,,ε’·ξαλει’ψω”
1521 1296 1600 1352 γάρ

140 1382 247 1422 φησι
265 1367 436 1420 „uacant
464 1362 540 1419 τὴν
573 1363 849 1415 ἐξανάστασιν
865 1363 914 1419 ἢν
942 1365 1132 1418 ἐποίησα,
1164 1362 1246 1404 α’πό
1270 1363 1500 1417 ἀνθρώπου
1523 1364 1602 1412 ἕως

139 1429 314 1488 κτήνους
331 1434 403 1474 καί
420 1430 499 1473 α’πὸ
524 1428 710 1486 ἑρπετῶν
731 1432 809 1480 ἕως
828 1433 1026 1472 πετεινῶν
1054 1428 1252 1471 ὑποκάτω
1278 1431 1351 1472 τοῦ
1372 1430 1601 1486 οὕρανοῦ.”

74 1517 128 1544 20
140 1501 180 1542 εἰ
202 1497 262 1555 μὴ
283 1497 366 1554 γάρ
394 1495 555 1553 ὑψώθη
588 1501 795 1549 τοσοῦτον,
830 1498 904 1537 οὐκ
929 1492 979 1538 ἂν
1011 1495 1056 1539 τὸ
1083 1499 1165 1539 τῶν
1190 1499 1386 1539 πετεινῶν
1415 1495 1642 1540 α’πώλετοῦ

137 1567 267 1622 γένος.
296 1562 359 1608 ὅτι
388 1567 434 1607 δὲ
452 1564 647 1620 ὑπεράνω
667 1565 750 1606 τῶν
770 1562 1044 1620 ὑψηλοτέρων
1066 1564 1200 1619 ὀρέων
1229 1561 1395 1620 ἐπήρθη
1415 1562 1461 1605 τὸ
1483 1561 1599 1620 ὕδωρ

141 1755 237 1788 enim
271 1753 520 1798 quaestionem
554 1751 825 1795 Chrysostomus
858 1757 989 1785 movet.
1029 1763 1114 1785 mun
1152 1753 1450 1797 proficiscebatur
1484 1753 1553 1787 hoc
1580 1767 1600 1788 a

139 1801 297 1836 naturali
322 1800 478 1845 quadam
502 1800 732 1843 cognitione,
763 1810 871 1844 quam
898 1798 1079 1840 habebat,
1106 1811 1151 1832 an
1180 1812 1199 1832 a
1226 1802 1401 1844 sapientia
1427 1801 1599 1835 divinitus

141 1850 175 1883 ei
201 1847 398 1882 concessa?
433 1847 616 1893 praeclara
653 1846 815 1891 profecto
843 1857 896 1879 res
919 1847 1029 1880 virtus
1066 1852 1131 1881 est.
1157 1845 1246 1879 haec
1271 1847 1455 1881 Enochum
1483 1854 1603 1882 trans-

141 1897 245 1938 tulit,
280 1895 372 1928 haec
394 1895 508 1928 Noam
545 1893 779 1927 conservavit.
817 1904 900 1925 nam
936 1893 1020 1926 vide
1057 1893 1170 1934 mihi,
1211 1905 1366 1938 quaeso,
1405 1895 1495 1940 quid
1528 1896 1601 1930 fiat.

140 1955 264 1978 omnes
291 1942 330 1975 id
353 1942 527 1988 temporis
555 1941 720 1974 homines
738 1940 826 1973 deus
851 1941 963 1973 exitio
991 1940 1175 1973 destinans
1195 1941 1309 1973 solum
1335 1941 1380 1974 ad
1403 1943 1515 1976 Noam
1542 1944 1602 1977 in-

141 1993 221 2038 quit
243 1990 350 2038 (Gen.
382 2002 399 2035 7
433 1990 464 2036 1)
498 1989 714 2033 „ingredere
748 1994 788 2021 tu
817 1999 888 2020 una
921 1999 1000 2020 cum
1029 1989 1127 2020 omni
1151 1988 1287 2021 familia
1312 1995 1373 2022 tua
1397 1990 1435 2023 in
1463 2002 1601 2033 arcam,

141 2039 315 2085 quoniam
337 2037 486 2083 quidem
509 2043 545 2070 te
571 2035 807 2069 animadverti
834 2045 911 2068 esse
935 2035 1093 2068 omnium
1112 2035 1219 2069 huius
1243 2037 1402 2081 perversi
1423 2039 1602 2084 pravique

142 2086 277 2120 saeculi
305 2096 386 2119 meo
412 2086 451 2118 in
477 2090 671 2129 conspectu
699 2083 805 2116 facile
834 2082 1105 2116 iustissimum.”
1145 2083 1253 2116 simul
1278 2090 1420 2130 tempus
1448 2087 1602 2120 caeteris

142 2134 333 2168 definitum
357 2132 404 2166 ad
438 2131 722 2178 resipiscendum
751 2128 916 2164 tribuens
943 2130 1065 2175 inquit
1088 2130 1274 2176 „reliquos
1302 2132 1351 2165 eis
1380 2133 1508 2166 faciam
1535 2145 1602 2167 an-

141 2194 207 2215 nos
242 2181 337 2214 :203¹
363 2192 569 2226 quanquam
594 2191 640 2213 ne
666 2178 731 2212 hos
758 2177 906 2224 quidem
935 2177 1120 2211 universos
1146 2178 1313 2213 vixerunt
1336 2186 1484 2225 propter
1511 2181 1603 2214 insi-

143 2241 247 2274 gnem
275 2228 557 2274 perversitatem.
581 2238 662 2270 nam
702 2227 764 2272 qui
800 2225 900 2271 prius
929 2224 1080 2258 durante
1114 2236 1176 2258 noo
1206 2237 1379 2260 annorum
1407 2228 1601 2262 intervallo

142 2288 216 2310 non
244 2277 490 2321 resipuerant,
529 2276 622 2308 intra
659 2273 785 2319 viginti
813 2284 924 2305 annos
956 2273 1219 2318 poenitentiam
1246 2275 1360 2307 acturi
1383 2287 1457 2308 non
1488 2282 1601 2310 erant.

144 2330 250 2370 atque
288 2323 358 2356 hoc
395 2323 475 2356 loco
516 2322 605 2355 mihi
629 2321 779 2355 observa
814 2319 921 2353 deum
948 2331 1206 2364 nonnunquam
1243 2321 1348 2355 nobis
1388 2324 1603 2369 resipiscen-

143 2371 242 2404 tibus
270 2382 346 2403 eam
382 2372 492 2405 vitam
531 2369 739 2416 praecidere
775 2379 883 2413 quam
919 2368 1018 2413 prius
1057 2367 1322 2413 pollicebatur,
1361 2375 1402 2403 ut
1426 2370 1508 2404 heic
1536 2372 1603 2404 fie-

146 2419 175 2451 ri
216 2417 400 2460 videmus,
442 2429 703 2463 nonnunquam
743 2416 917 2449 minatum
964 2426 1002 2448 se
1041 2414 1266 2460 perditurum
1311 2428 1438 2462 reapse
1485 2419 1602 2452 minas

143 2477 219 2499 non
245 2466 416 2511 exsequi,
442 2464 546 2498 nobis
576 2463 893 2510 resipiscentibu33
932 2461 971 2496 id
995 2462 1093 2508 quod
1121 2463 1300 2498 Ninevitis
1322 2464 1487 2499 videmus
1515 2478 1603 2499 usu-

144 2524 295 2547 venisse.

240 2559 428 2593 Caeterum
454 2571 546 2605 aqua
574 2571 678 2605 supra
702 2559 799 2604 ipsos
829 2562 969 2590 montes
996 2557 1152 2591 excrevit
1175 2558 1221 2591 ad
1246 2559 1284 2592 15
1309 2570 1422 2604 usque
1448 2558 1601 2601 cubitos,

147 2613 187 2641 ut
211 2608 374 2641 eveniret
398 2607 497 2653 quod
522 2608 682 2640 futurum
710 2606 798 2639 deus
825 2605 981 2638 minatus
1016 2605 1134 2639 fuerat
1159 2606 1264 2651 (Gen.
1291 2607 1313 2639 6
1339 2606 1374 2652 7)
1403 2607 1603 2653 „quicquid

150 2661 266 2688 ortum
294 2660 347 2688 est
371 2654 522 2696 delebo,
551 2667 624 2687 non
655 2653 818 2686 homines
848 2653 981 2693 solum,
1006 2651 1069 2685 sed
1094 2653 1201 2687 etiam
1227 2665 1356 2698 pecora
1384 2660 1419 2687 et
1444 2656 1602 2700 reptilia,

149 2708 186 2734 et
210 2703 388 2743 volucres,
422 2714 516 2748 quae
543 2701 610 2735 sub
639 2702 742 2735 coelo
782 2700 898 2733 sunt.''
923 2699 1060 2746 quippe
1085 2701 1113 2734 si
1140 2706 1277 2734 tantam
1300 2700 1346 2733 ad
1371 2701 1603 2736 altitudinem

148 2759 222 2783 non
248 2750 480 2792 excrevisset,
503 2750 669 2784 volucres
693 2747 791 2782 haud
820 2758 999 2794 quaquam
1013 2747 1218 2793 periissent.
1237 2753 1273 2783 et
1300 2749 1447 2795 quidem
1473 2761 1601 2796 aquam
