1826 3120
609 138 898 181 ANNALHJM
933 141 1067 183 PAns
1103 142 1155 182 11.
1486 123 1592 198 287

149 236 350 296 ὅρθρισον
381 237 426 280 τὸ
456 238 592 293 πρωΐ,
624 242 698 282 καί
724 240 814 282 εἰπὲ
841 240 946 296 πρὸς
978 240 1159 296 Φαραώ.
1218 241 1259 283 εἰ
1280 241 1339 297 μή
1362 242 1598 293 ἐξαποστεί-

146 310 222 364 λῃς
241 305 316 349 τὸν
346 303 448 347 λαόν
478 320 560 359 μου
570 337 584 360 ,
612 305 860 357 ἀποστείλας
885 306 964 362 τήν
988 307 1114 364 χεῖρά
1141 322 1227 361 μου
1252 303 1422 360 πατάξω
1451 323 1500 351 σε
1525 308 1600 350 καὶ

145 371 218 416 τὸν
244 373 345 414 λαόν
369 386 448 415 σου
477 370 726 415 θανατώσω.
794 374 868 416 καί
889 375 1023 416 ἕνεκεν
1051 371 1201 416 τούτου
1230 372 1502 431 διετηρήθης,
1527 375 1597 417 ἵνα

147 439 395 492 ἐνδείξωμαι
421 438 466 480 ἐν
506 440 577 481 σοι’
601 436 677 495 τὴν
705 437 889 493 δύναμίν
912 455 1024 495 μου,
1052 443 1126 483 καί
1153 436 1267 492 ὅπως
1294 442 1520 499 διαγγελθῇ
1546 439 1594 484 τό

109 499 275 559 5ἷὶνομιὶ
301 520 388 557 μου
417 506 465 548 ἐν
497 506 610 563 πάσῃ
640 506 689 562 τῇ
716 507 810 562 γῇ.”

249 570 431 627 Ἑβδόμη
469 570 602 627 πληγὴ
633 570 660 626 ἧ
691 571 763 613 διὰ
798 571 986 629 χαλάζης
1008 571 1081 615 καὶ
1108 572 1255 630 πυρός.
1313 571 1485 631 ,ἔβρεξε
1513 572 1641 630 γὰρΡ.
1663 583 1724 616 153

143 637 167 680 ὅ
196 637 339 694 κύριος
363 636 559 693 χάλαζαν
587 636 660 680 ἐπὶ
685 640 825 680 πᾶσαν
852 641 928 694 γῆν
953 639 1204 694 Αἰγύπτου,
1233 640 1307 682 καί
1332 642 1520 698 διέτρεχε
1547 641 1594 684 τῦ

141 706 230 762 πῦρ
278 703 351 747 ἐπὶ
394 706 468 760 τῆς
492 705 582 759 γῆς.
658 702 834 756 ἐπάταξε
863 706 911 749 δὲ
939 703 967 761 ἦ
994 703 1167 760 χάλαζα
1193 705 1331 749 πάντα
1361 703 1442 751 ὅσα
1470 703 1524 763 ἧν
1550 709 1598 751 ἐν

141 773 200 829 τῷ
227 769 383 831 πεδίῳ,
413 768 496 813 α’πό
528 771 759 826 ἀνθρώπου
787 772 866 821 ἕως
902 769 1091 828 κτήνους.
1147 770 1255 828 πλήν
1284 773 1410 831 ἐνγῇ
1435 776 1474 817 Γ
1472 776 1597 829 casp«,

83 833 195 880 ιοοῦ
220 832 331 894 ἦσαν
369 834 410 879 οἷ
442 834 540 882 &vioe
577 836 773 893 Ἰσραήλ,
810 837 886 880 οὔκ
912 839 1072 893 ἐγένετο
1115 837 1143 894 ἦ
1178 839 1390 894 χάλαζα.”
1454 840 1599 884 δέεται

141 899 218 948 οὖν
248 902 322 946 καὶ
354 897 485 952 αὖθις
513 901 537 944 ὅ
566 905 734 959 Μωσῆς
762 905 841 947 τοῦ
875 906 984 946 θεοῦ
1009 903 1118 947 κατά
1151 904 1224 948 τὸν
1250 903 1373 962 λόγον
1405 908 1596 963 Φαραώ,

138 972 215 1014 καί
240 967 479 1013 ἐπαύσαντο
507 967 554 1012 αἱ
584 971 727 1027 φωναί
752 970 824 1013 καί
847 970 875 1025 ἦ
905 969 1090 1025 χάλαζα.
1118 973 1295 1027 γίνωσκε
1323 974 1372 1015 δὲ
1399 969 1467 1015 ὅτι
1495 973 1598 1025 τούς

136 1038 400 1093 Αἰγυπτίους
442 1037 495 1078 οὔ
532 1032 662 1090 μόνον
697 1035 726 1093 ἦ
751 1036 933 1089 ἐξαίσιος
971 1036 1085 1095 φορὰ
1109 1036 1301 1095 χαλάζης
1327 1054 1375 1082 τε
1401 1037 1492 1094 ἅμα
1523 1043 1599 1083 καί

138 1103 297 1160 πυρός,
326 1101 435 1146 ἄλλα
464 1101 539 1145 καί
564 1102 611 1145 τὸ
639 1105 717 1146 τοῦ
745 1102 991 1160 πράγματος
1016 1104 1291 1161 κατέπληττεν
1323 1102 1479 1163 ἄηθες·
1524 1107 1596 1150 οὕ·-

79 1175 126 1218 15
140 1172 187 1214 δὲ
213 1168 295 1227 γὰρ
324 1168 398 1226 τὴν
421 1167 666 1226 χειμερινὴν
695 1164 814 1224 ὥραν
841 1169 869 1225 ἦ
888 1167 1107 1225 Αἴγυπτος
1133 1172 1423 1228 παραδέχεται
1453 1173 1526 1216 διά
1546 1189 1594 1229 γε

136 1235 184 1280 τὸ
216 1235 276 1294 μὴ
303 1237 451 1292 πόρρω
477 1238 553 1291 τῆς
580 1237 838 1291 κεκαυμένης
876 1231 984 1279 εἶναι
1023 1236 1178 1293 ζώνης·
1233 1241 1313 1281 τοῦ
1340 1237 1424 1294 γάρ
1450 1238 1632 1295 nopai-B

137 1305 238 1354 ὃους
285 1305 446 1347 ἐκεῖθεν
485 1301 655 1359 ῥέοντος
694 1302 871 1360 α’φανῶς
905 1302 960 1346 τὰ
1004 1303 1141 1363 κύκλῳ
1178 1301 1320 1348 πάντα
1347 1304 1594 1350 λεαίνεσθαι
1641 1300 1643 1302 ’

136 1371 339 1428 πέφυκεν.

240 1431 392 1492 Ὀγὸόη
413 1436 546 1493 πληγή
576 1436 603 1492 ἦ
637 1435 708 1479 διὰ
738 1438 820 1479 τῶν
846 1435 1044 1492 ἀκρίδων.
1100 1438 1229 1494 ἐπῆρε
1258 1438 1340 1495 γάρ
1371 1438 1394 1480 ὃ
1423 1440 1593 1495 Μωσῆς

69 1519 122 1548 20
135 1502 212 1559 τήν
251 1502 411 1559 ῥάβδον
451 1503 512 1552 εἰς
549 1502 622 1545 τὸν
648 1501 858 1558 ου’ρανόν·
932 1505 1007 1546 καί
1031 1503 1174 1559 κύριος
1202 1504 1408 1561 ἐπήγαγεν
1438 1501 1592 1559 ἄνεμον

132 1569 254 1613 νότον
279 1565 379 1625 ὃλην
403 1566 482 1623 τήν
503 1565 665 1625 ἡμέραν
695 1570 769 1611 καί
796 1564 897 1623 ὅλην
924 1569 1002 1623 τήν
1031 1570 1174 1624 νύκτα,
1202 1571 1277 1613 καί
1309 1571 1487 1625 α’νέλαβε
1515 1571 1591 1627 τήν

135 1788 261 1820 sistere
289 1796 406 1819 coram
421 1785 523 1819 Mose
547 1796 620 1819 non
644 1789 801 1830 possent.
829 1786 1024 1820 secundum
1050 1786 1137 1820 haec
1161 1787 1250 1819 deus
1279 1786 1348 1820 hoc
1377 1788 1485 1821 modo
1510 1788 1590 1821 Mo-

135 1845 210 1868 sem
235 1833 485 1878 compellavit:
513 1844 589 1865 cras
614 1843 751 1866 summo
777 1843 881 1865 mane
909 1833 960 1866 sic
985 1833 1206 1867 Pharaonem
1232 1833 1431 1878 alloquere.
1455 1835 1493 1868 ni
1522 1847 1590 1880 po-

133 1881 260 1927 pulum
293 1892 413 1914 meum
452 1880 650 1920 dimiseris,
679 1885 819 1913 exserta
855 1891 963 1913 manu
1000 1891 1079 1913 mea
1106 1886 1143 1913 te
1169 1881 1368 1925 percutiam
1392 1882 1587 1927 populum-

133 1939 205 1974 que
244 1935 344 1962 tuum
382 1933 498 1961 morte
522 1927 696 1960 multabo.
720 1927 885 1972 scitoque
907 1926 999 1960 adeo
1026 1933 1063 1960 to
1084 1927 1147 1960 illa
1176 1927 1222 1960 (le
1247 1937 1354 1961 causa
1381 1928 1589 1963 incolumen

134 1976 315 2022 relinqui,
354 1981 394 2009 ut
418 1980 637 2020 potestatem
667 1975 706 2008 in
731 1979 768 2007 te
798 1986 914 2007 meam
941 1974 1120 2008 declarem
1145 1985 1339 2020 meumque
1366 1987 1498 2010 nomen
1524 1988 1589 2023 per

134 2024 338 2059 universum
363 2028 537 2056 terrarum
561 2022 686 2055 orbem
714 2021 927 2054 celebretur.

226 2071 387 2116 Septima
421 2070 525 2115 plaga
564 2069 634 2102 suit
670 2069 842 2102 immissio
879 2067 1061 2114 grandinis
1103 2074 1140 2102 et
1165 2068 1267 2114 ignis.
1306 2081 1388 2104 nam
1413 2073 1588 2116 grandine

132 2119 232 2164 prius
259 2129 324 2164 per
348 2118 554 2152 universum
568 2117 722 2162 Aegypti
752 2116 867 2150 solum
903 2115 1052 2161 delapsa
1074 2117 1181 2150 etiam
1201 2117 1294 2162 ignis
1320 2118 1483 2164 undique
1510 2120 1586 2153 dis-

133 2167 252 2199 currit.
287 2165 422 2210 grando
459 2165 539 2210 ipsa
565 2164 660 2197 nihil
685 2175 758 2198 non
791 2174 915 2196 eorum
939 2164 1135 2208 prostravit
1160 2175 1254 2209 quae
1278 2165 1316 2197 in
1341 2171 1435 2199 terra
1461 2173 1586 2210 erant,

132 2219 207 2247 tum
233 2213 397 2246 homines
438 2217 515 2246 tum
550 2212 722 2245 iumenta.
765 2222 838 2244 non
865 2216 984 2244 tamen
1009 2211 1047 2244 in
1076 2211 1248 2245 Gesemae
1274 2213 1372 2255 solo,
1401 2215 1500 2259 quod
1528 2216 1585 2248 in·-

133 2260 305 2294 colebunt
336 2259 514 2301 Israelici,
537 2259 671 2303 grando
703 2259 898 2304 quicquam
929 2257 1137 2292 detrimenti
1178 2258 1293 2292 dedit.
1331 2272 1470 2296 rursum
1497 2273 1584 2296 vero

131 2308 250 2342 Moses
278 2306 489 2340 obsecrante
514 2306 697 2340 Pharaone
724 2306 829 2339 deum
850 2310 990 2346 exorat,
1014 2316 1086 2350 quo
1110 2306 1206 2339 facto
1230 2306 1392 2341 tonitrua
1419 2314 1457 2342 et
1478 2321 1583 2354 gran-

133 2355 237 2388 ‹linez
263 2359 458 2388 cessarunt.
482 2359 592 2399 atque
620 2354 701 2387 heic
723 2358 848 2386 notato
873 2364 946 2386 non
969 2353 1083 2385 solum
1111 2354 1292 2397 grandinis
1317 2360 1355 2388 et
1379 2355 1470 2400 ignis
1500 2357 1583 2390 inu-

132 2403 272 2436 sitatam
300 2413 344 2435 ex
368 2406 450 2436 a'c're
477 2401 696 2434 delationem
720 2400 903 2445 Aegyptiis
932 2401 1058 2433 terrori
1082 2400 1211 2442 fuisse,
1241 2400 1305 2434 sed
1331 2403 1440 2435 etiam
1469 2403 1584 2449 ipsius

133 2449 362 2482 insolentiam
390 2450 452 2481 rei.
478 2461 561 2482 nam
587 2448 741 2481 hiemem
772 2449 951 2492 Aegyptus
976 2447 1110 2480 nullam
1138 2450 1331 2494 experitur,
1359 2450 1472 2495 idque
1497 2462 1582 2495 pro-

132 2502 255 2542 pterea
279 2495 377 2542 quod
403 2509 422 2529 a
457 2507 546 2529 zona
573 2507 679 2542 quam
703 2495 876 2528 torridam
905 2500 1034 2527 vocant
1060 2506 1173 2541 prope
1197 2495 1301 2529 adsit.
1330 2497 1499 2530 nimirum
1525 2510 1583 2530 ar-

134 2545 221 2577 dore
248 2543 348 2576 illinc
372 2544 515 2577 occulte
540 2549 794 2589 promanante,
831 2542 970 2576 vicinae
995 2541 1033 2575 in
1058 2542 1180 2577 orbem
1205 2544 1369 2588 regiones
1394 2545 1581 2579 universae

134 2591 263 2623 leniori
288 2590 389 2623 coelo
413 2591 592 2625 fruuntur.

228 2638 361 2671 Octava
385 2638 556 2684 deinceps
590 2637 693 2683 plaga
718 2637 862 2670 vexavit
887 2636 1100 2681 Aegyptios,
1137 2647 1231 2682 quae
1256 2637 1474 2672 locustarum
1504 2647 1580 2675 erat

134 2685 305 2718 immissio
330 2685 455 2727 (Exod.
488 2697 525 2718 10
552 2687 617 2731 12).
642 2696 722 2718 nam
747 2684 847 2716 Mose
871 2683 1035 2716 baculum
1061 2684 1099 2717 in
1125 2689 1208 2718 aera
1233 2685 1486 2730 protendente,
1514 2687 1579 2722 do-

133 2734 250 2767 minus
287 2732 476 2766 australem
503 2739 650 2769 ventum
691 2731 841 2765 adduxit
867 2730 925 2764 die
954 2736 1031 2765 toto
1060 2736 1210 2778 totaque
1235 2738 1363 2770 nocte.
1389 2734 1450 2780 qui
1478 2735 1577 2769 locu-
