1826 3120
579 128 871 173 ἈΝΝΑιιυΜ
909 131 1047 173 PARS
1088 101 1121 171 i.
1471 131 1488 165 1
1502 131 1576 185 09

121 232 254 281 miro&
273 228 396 285 σῶμα
415 230 665 285 προδίδωσι,
693 229 768 286 τήν
800 232 848 273 δὲ
874 229 1064 287 κεφαλὴν
1087 227 1220 272 αὑτοῦ
1246 226 1434 285 κρύπτει,
1465 231 1579 272 ἐπει-

120 299 173 356 δὴ
211 297 286 356 τὴν
325 296 482 340 ἑαυτοῦ
521 294 632 352 ζωήν
668 296 792 346 εἰδώς
826 294 966 354 ἑαυτῷ
1006 298 1295 353 περιέχεσθαι.
1372 293 1480 338 οὕτω
1507 299 1581 339 καὶ

114 363 242 422 ἡμεῖς
280 367 325 407 ἐν
369 364 503 421 καιρῷ
534 364 722 418 διωγμοῦ
759 363 985 419 ’ὀφείλομεν
1014 369 1174 416 ποιεῖν,
1206 359 1339 405 πάντα
1367 364 1445 417 μὲν
1475 378 1579 418 προ-

120 434 255 485 ἴέναι,
289 428 367 486 τὴν
395 427 586 486 κεφαλήν
617 430 663 470 δὲ
685 429 922 484 φυλάσσειν
940 462 952 482 ,
984 425 1077 483 ἥτις
1107 430 1218 471 ἐστίν
1245 427 1265 470 ὃ
1293 427 1480 483 Χριστὸς
1507 429 1581 470 καί

82 495 146 554 5ἢ
175 500 314 548 πίστις
346 496 481 552 ἡμῶν.
520 489 620 551 ὄφις
646 491 836 550 γηράσας
867 491 926 544 ὥς
957 492 1008 536 τοὶ
1038 493 1172 536 πολλὰ
1201 497 1274 537 καί
1301 496 1579 550 ιῖμβλυωπίαν

117 561 299 619 νοσήσας
329 563 496 617 πρῶτον
520 561 600 613 μὲν
642 556 942 614 ἐγκρατεύεται
975 559 1047 602 καί
1074 562 1218 615 νῆστις
1248 563 1467 614 διαμένει,
1500 556 1579 602 εἷθ’

118 626 250 679 οὕτως
278 628 350 671 διὰ
379 627 598 670 στενωποῦ
633 623 748 674 τινὸς
774 623 1090 679 καταδυόμενος
1123 627 1197 668 καί
1223 628 1359 681 δέρμα
1388 625 1579 682 παραδό-

115 699 197 747 ξως
223 691 337 737 ἅπαν
377 690 689 744 α’πεκδυόμενος
718 693 809 741 νὲος
837 687 966 741 αὖθις
995 694 1165 747 γίνεται,
1225 690 1337 735 οὕτω
1358 695 1431 735 καί
1458 694 1580 748 ἡμεῖς

114 764 168 820 τῇ
198 758 384 818 ἁμαρτίᾳ
415 755 780 814 καταγηράσαντες
820 756 891 801 διοὶ
921 761 995 815 τῆς
1026 761 1172 814 στενῆς
1200 762 1274 801 καί
1298 762 1580 814 τεθλιμμένης
1612 792 1614 794 v

55 825 221 870 1οόδοῦ
248 827 462 883 βαδίζειν,
491 827 565 867 καί
593 820 726 875 οὕτως
755 823 1054 878 ἀνανεούμενοι
1099 828 1157 875 εἷς
1185 825 1259 881 τήν
1287 814 1475 880 ἀρχαίαν
1499 825 1618 870 ποί-(3

112 899 182 938 λιν
222 890 562 936 α’ποκατοίστασιν
605 890 835 946 ἔρχεσθαι..
909 886 1007 948 ὄφις
1050 892 1239 947 διψήσας
1282 893 1380 933 ποτὲ
1426 891 1499 933 καὶ
1535 893 1580 934 ἐν

112 955 267 1017 φρέατι
303 960 469 1012 μέλλων
503 954 660 1006 ὕδατος
689 953 892 1010 ἅψασθαι
934 960 1081 1013 πρῶτα
1110 960 1188 1012 μὲν
1220 959 1365 1011 ἐξεμεῖ
1389 958 1462 999 τὸν
1490 958 1578 1012 ἰόν,

111 1023 194 1069 εἶθ’
227 1021 363 1074 οὕτως
404 1025 454 1082 τῇ
482 1026 595 1081 πηγῇ
622 1025 918 1079 προσέρχεται.
989 1021 1102 1066 οὕτω
1134 1024 1209 1066 καί
1237 1021 1358 1079 ἡμεῖς
1387 1027 1446 1082 τῷ
1473 1026 1577 1081 θείῳ

110 1093 330 1144 μέλλοντες
376 1093 626 1145 προσελθεῖν
652 1092 858 1148 ποτηρίῳ,
902 1087 973 1132 ἅτε
1001 1089 1052 1145 δὴ
1082 1089 1157 1144 τήν
1183 1090 1438 1132 ἐκκαιόυσαν
1466 1091 1579 1145 ἡμᾶς

52 1158 327 1212 ιῧοῖμαρτίαν
382 1157 612 1210 ἰάσασθαι,
668 1159 810 1198 πᾶσαν
855 1157 1003 1198 κακίαν
1052 1154 1256 1212 πρότερον
1306 1156 1579 1212 ἀπορρίπτειν

111 1225 362 1280 ὀφείλομεν,
393 1222 467 1264 καί
495 1218 607 1264 οὕτω
637 1229 722 1271 τοῖς
759 1224 1009 1277 μυστηρίοις
1034 1224 1364 1278 προσέρχεσθαι.
1441 1224 1579 1272 καλῶς

113 1285 190 1332 οὖν
211 1289 283 1331 ἐπὶ
298 1287 466 1337 τούτοις
488 1288 511 1329 ὅ
534 1287 679 1343 κύριος
704 1287 818 1344 ἔλεγε
838 1290 1034 1343 ,,γίνεσθε
1056 1286 1258 1345 φρόνιμοι
1278 1289 1336 1339 ὥς
1362 1287 1401 1331 οἱ
1421 1283 1578 1345 ὅφεις.”

118 1355 194 1399 καί
218 1355 318 1410 περὶ
339 1357 418 1409 μὲν
445 1354 604 1397 τούτων
639 1351 781 1404 οὕτως.

223 1424 264 1464 Γ
262 1424 410 1464 ι’νωσκε
440 1423 510 1475 δέ,
539 1423 751 1476 α’γαπητέ,
783 1417 846 1463 ὅτι
875 1420 1065 1477 διάφορά
1098 1422 1180 1463 εἰσι
1208 1423 1282 1464 καί
1310 1423 1477 1463 ποικίλα
1506 1424 1576 1476 γε’-

45 1509 97 1536 20
109 1505 159 1545 νη
182 1489 267 1531 τῶν
297 1483 454 1544 ὄφεων.
530 1486 568 1529 οἱ
596 1488 674 1541 μὲν
700 1485 781 1543 γὰρ
824 1487 966 1530 αὐτῶν
998 1489 1154 1529 θᾶττον
1182 1487 1431 1543 ἀναιροῦσιν
1460 1486 1499 1529 οἱ
1529 1489 1618 1529 δὲΙ)

107 1553 273 1611 βραδύ,
305 1554 379 1596 καί
406 1549 527 1596 ἄλλοι
563 1555 642 1606 μὲν
673 1554 861 1610 δήγμασι
897 1551 971 1596 τὸν
1001 1548 1179 1609 ὄλεθρον
1208 1555 1409 1610 φέρουσιν
1437 1557 1574 1609 ἕτεροι

940 1618 954 1633 t

109 1623 156 1663 δὲ
183 1624 282 1663 καθ’
329 1621 473 1676 ἕτερον
510 1618 682 1676 τρόπον.
741 1615 896 1662 αὐτίκα
930 1637 951 1661 ο
999 1615 1097 1676 ὄφις
1126 1619 1381 1674 καλούμενος
1407 1621 1574 1674 βασιλί-

200 1733 232 1756 2.
262 1721 384 1769 εἰδῶς]
412 1720 517 1758 οἶδεν
541 1721 668 1768 aurii?
768 1732 821 1757 11.
846 1720 1045 1769 ἔρχεσθαι]
1076 1720 1168 1754 adde
1195 1720 1411 1769 ὀφείλομεν.
1520 1723 1571 1764 ι4.

200 1767 279 1818 ἅτε]
307 1767 430 1803 affare?
1237 1774 1240 1775 ⁷

106 1880 173 1921 put
195 1874 285 1919 tegit
303 1899 313 1915 ,
351 1872 454 1918 quasi
483 1873 591 1906 sciret
623 1882 665 1905 eo
706 1872 811 1905 vitam
837 1883 937 1904 suam
963 1871 1153 1904 contineri.
1179 1871 1230 1903 sic
1257 1870 1364 1903 etiam
1388 1880 1454 1903 nos
1478 1873 1570 1903 tem-

106 1933 195 1968 pore
219 1920 477 1967 persecutionis
503 1920 621 1952 facere
659 1918 851 1952 debemus:
883 1919 1130 1963 relinquemus
1157 1918 1294 1950 scilicet
1325 1917 1468 1958 omnia,
1493 1928 1572 1950 mo-

108 1969 154 2003 do
180 1974 288 2015 caput
316 1968 536 2001 retineamus
561 1973 670 2012 atque
696 1977 894 2006 servemus,
921 1965 1020 2010 quod
1038 1965 1197 1998 Christus
1221 1970 1274 1998 est
1301 1969 1338 1997 et
1362 1964 1440 2009 ipsa
1467 1964 1569 1997 fides.

106 2016 204 2051 idem
229 2026 375 2061 serpens
403 2015 469 2047 ubi
498 2014 689 2048 consenuit
716 2019 753 2047 et
780 2012 967 2046 oculorum
993 2011 1217 2045 hebetudine
1247 2010 1412 2044 laborare
1438 2012 1570 2056 coepit,

106 2064 261 2110 primum
282 2067 526 2108 temperanter
551 2061 693 2095 victitat
712 2067 748 2094 et
773 2060 916 2093 ieiunus
944 2059 1158 2105 aliquandiu
1184 2064 1316 2100 manet,
1346 2057 1480 2091 deinde
1505 2070 1571 2104 per

108 2117 225 2145 artum
261 2109 441 2156 quendam
464 2114 622 2143 meatum
646 2109 684 2141 in
708 2114 839 2142 terram
871 2112 1084 2152 penetrans,
1112 2112 1150 2140 et
1172 2105 1280 2139 modo
1308 2105 1464 2151 quodam
1488 2106 1571 2140 inu-

108 2159 216 2193 sitato
251 2163 369 2191 cutem
400 2163 516 2191 totam
546 2167 701 2197 exuens,
739 2154 879 2189 iuvenis
911 2153 997 2187 inde
1031 2153 1194 2186 discedit.
1228 2154 1277 2186 sic
1305 2164 1371 2186 nos
1396 2163 1569 2198 quoque,

108 2218 188 2239 cum
215 2216 260 2239 ex
281 2205 436 2250 peccatis
461 2204 732 2244 consenuimus,
765 2214 829 2248 per
855 2206 965 2234 artam
995 2201 1088 2234 viam
1115 2199 1284 2234 incedere
1311 2199 1507 2241 dehemus,
1528 2205 1570 2233 ut

108 2253 178 2286 hoc
201 2258 307 2298 pacto
348 2252 511 2286 innovati
538 2251 584 2284 ad
610 2256 740 2284 statum
776 2248 1100 2293 condicionemque
1125 2248 1313 2293 pristinam
1339 2253 1569 2282 revertamur.

109 2299 238 2346 quodsi
274 2298 471 2345 aliquando
508 2299 607 2332 sitiat
640 2300 750 2342 inque
784 2302 897 2341 puteo
933 2301 1160 2328 contacturus
1193 2301 1246 2328 est
1271 2306 1423 2339 aquam,
1451 2295 1567 2340 primo

106 2348 202 2380 virus
227 2359 330 2380 suum
356 2347 500 2387 evomit,
527 2357 568 2379 ac
594 2345 726 2378 deinde
754 2344 800 2376 ad
824 2344 962 2376 fontem
986 2342 1136 2376 accedit.
1163 2342 1214 2375 sic
1238 2343 1345 2375 etiam
1370 2353 1458 2383 nos,
1487 2353 1569 2374 cum

108 2394 154 2427 ad
193 2393 355 2428 divinum
389 2393 485 2426 illud
519 2393 689 2438 poculum
726 2391 903 2424 accessuri
939 2402 1077 2433 sumus,
1104 2395 1142 2422 et
1164 2390 1307 2422 urentia
1331 2399 1396 2421 nos
1421 2394 1569 2434 peccata
1594 2409 1597 2411 >

109 2452 291 2483 sanemus»,
331 2452 472 2474 omnem
496 2441 596 2486 prius
620 2440 859 2474 vitiositatem
889 2436 1060 2471 debemus
1088 2436 1264 2477 abiicere,
1293 2441 1403 2481 atque
1428 2437 1478 2468 ita
1502 2446 1568 2468 nos

109 2487 156 2521 ad
181 2495 406 2522 sacrosancta
433 2488 602 2532 mysteria
629 2487 802 2520 conferre.
831 2484 1063 2530 quamobrem
1091 2495 1110 2516 a
1129 2483 1275 2516 domino
1301 2483 1484 2528 praeclare
1509 2482 1568 2514 ‹li-

109 2540 206 2568 ctum
230 2535 289 2569 vel
313 2535 358 2569 de
384 2535 668 2569 commemoratis
692 2533 930 2577 intelligimus
955 2532 1055 2574 „sitis
1080 2531 1192 2565 astuti
1219 2536 1260 2564 ut
1283 2530 1500 2574 serpentes.”
1525 2540 1567 2562 ac

111 2582 156 2615 de
181 2581 236 2615 his
261 2582 410 2628 quidem
434 2582 617 2616 hactenus.

202 2628 320 2663 Debes
347 2635 467 2664 autem
494 2635 679 2675 praeterea
706 2627 796 2660 scire
818 2630 1023 2670 serpentum
1047 2635 1123 2658 esse
1150 2624 1249 2657 varia
1273 2622 1485 2668 diversaque
1504 2634 1565 2667 ge-

109 2686 205 2708 nera.
229 2687 311 2709 nam
337 2677 400 2710 alii
430 2677 615 2710 celerrime
642 2675 846 2720 perimunt,
874 2672 936 2704 alii
963 2671 1109 2705 tardius.
1139 2672 1226 2705 item
1252 2670 1315 2702 alii
1337 2681 1456 2703 morsu
1482 2681 1566 2714 per-

109 2723 241 2756 niciem
268 2723 457 2765 adserunt,
482 2724 545 2757 alii
570 2721 727 2769 quodam
752 2721 823 2754 alio
851 2718 972 2752 modo.
997 2729 1142 2764 serpens
1168 2718 1197 2751 is
1223 2727 1328 2762 quem
1355 2717 1563 2750 Basiliscum
