1826 3120
611 124 896 168 ANNALmM
935 124 1074 167 PARS
1110 125 1165 167 u.
1488 101 1603 179 375

265 223 397 270 Μετὰ
428 225 475 267 δὲ
501 224 637 267 ταῦτα
672 224 898 281 στρατεύει
925 220 1351 277 κατάΒαβυλωνίων
1379 220 1611 277 6,-Δαρεῖος

155 291 263 338 κατὰ
293 291 369 347 τὴν
409 293 488 334 τοῦ
514 290 681 346 Δανιὴλ
704 289 960 348 πρόρρησιν,
1005 289 1078 333 καί
1110 285 1205 345 ιῖγει
1233 288 1312 332 σὺν
1339 292 1651 340 τοῖςλοιποΐςρ

154 356 442 414 αἰχμαλώτοις
478 358 553 400 καί
589 355 714 400 αὐτὸν
738 356 807 400 τὸν
845 357 1033 412 Δανιὴλ,
1073 355 1120 399 ὃν
1158 357 1231 398 καί
1269 356 1342 398 διά
1375 357 1497 412 τιμῆς
1525 350 1614 407 εἶχε

154 427 326 481 πολλῆς.
406 425 641 482 φθονοῦσιν
671 425 787 480 αὐτῷ
813 422 851 465 οἱ
878 421 1109 475 σατράπαι,
1164 422 1364 466 πείθουσι
1391 420 1464 465 τὸν
1492 424 1616 477 βασι·-

107 493 142 535 75
157 493 233 534 λεόι
262 490 430 534 τοιάνδε
471 493 632 532 θέσθαι
673 490 886 543 κέλευσιν,
927 487 974 538 ὃς
1000 485 1054 532 ἄν
1074 489 1271 545 εὑρεθείη
1302 488 1529 543 εὐξάμενος
1556 490 1616 538 εἰς
1629 497 1752 538 V,156

153 555 282 611 θεόν,
327 558 388 616 τῷ
414 558 498 599 τῶν
534 553 710 598 λεόντων
751 557 1017 612 ἐμβληθῆναι
1056 553 1206 613 λάκκῳ.
1267 553 1289 596 ὃ
1321 558 1424 610 γοῦν
1451 554 1617 609 Δανιὴλ

151 625 287 680 μηδὲν
320 623 481 666 τούτων
527 624 757 680 φροντίσας
794 618 952 677 ηὔχετο
989 623 1048 671 εἰς
1087 621 1201 664 θεόν.
1243 663 1245 665 ,
1272 623 1343 679 ἐφ’
1368 616 1402 680 ᾧ
1429 624 1503 664 καί
1531 628 1618 672 τοῖς

144 691 300 737 ,λέουσι
343 689 638 745 παραδίδοται.
715 687 824 730 α’λλιὶ
862 690 970 738 σῶος
1011 690 1063 746 τῇ
1098 690 1302 744 ἐπαύριον
1341 691 1419 731 τοῦ
1459 688 1617 731 λάκκου

152 756 382 813 ἐξέρχεται.
438 757 522 797 τῶν
552 756 598 797 δὲ
628 756 824 802 εἰπόντων
858 754 917 809 μὴ
948 749 1087 804 ἄλλως
1116 754 1187 798 τὸν
1216 754 1380 817 Δανιῂλ
1408 756 1618 810 σωθῆναι,

92 837 140 866 ιο
153 823 193 865 εἰ
209 821 270 878 μή
301 827 545 875 κατακορεῐς
574 816 683 875 ἦσαν
705 820 744 862 οἱ
773 824 948 875 λέοντες,
977 822 1022 863 τί
1044 822 1200 875 γίνεται
1210 838 1224 874 ;
1258 828 1344 872 τοῖς
1372 822 1516 864 λέουσι
1546 823 1621 863 καί

151 885 282 932 advoc·
306 890 635 942 παρατίθενται,
665 886 739 929 καί
765 888 926 938 εόθέως
955 885 1061 943 βορά
1089 883 1253 938 τούτοις
1280 888 1472 943 γίνονται.
1510 886 1616 940 μετά

150 955 314 1009 ταῦτα,
345 949 476 1010 ἤγουν
502 952 607 1007 μετὰ
637 952 733 1003 τούς
760 954 956 1007 λέοντας,
988 951 1042 1008 τά
1064 955 1120 996 Υ«ἐκ
1145 957 1221 1009 τῆς
1244 952 1464 1010 θαλάσσης
1493 956 1620 1010 α’νερ-

140 1019 314 1076 ,χόμενα
341 1022 526 1075 τέσσαρα
550 1021 686 1076 θηρία
714 1019 795 1077 6ρᾷ
810 1037 822 1049 ·
878 1020 952 1063 καὶ
978 1017 1208 1077 ὅΓαβριὴλ
1238 1022 1285 1063 δὲ
1312 1020 1357 1064 ἐν
1377 1022 1506 1079 πεδίῳ
1536 1024 1662 1063 τινιῚ)

128 1088 391 1142 ’διαλέγεται
422 1088 540 1145 αὐτῷ
566 1087 642 1128 καί
668 1084 720 1129 τά
753 1088 959 1141 μέλλοντα
988 1085 1198 1139 διδάσκει.
1598 1139 1602 1142 ,

76 1155 138 1201 >¹5
261 1151 388 1198 Μετὰ
419 1155 555 1198 ταῦτα
576 1159 727 1208 κρατεῖ
741 1156 890 1208 Κῦρος
919 1152 941 1195 ὅ
964 1156 1140 1210 Πέρσης
1167 1152 1242 1197 τὸν
1271 1158 1349 1197 τοῦ
1378 1152 1614 1209 Ἀστυάγου

146 1222 331 1277 Δαρεῖον
363 1218 523 1262 α’νελαὶν
550 1222 624 1261 καί
653 1218 727 1261 τὸν
757 1221 946 1275 Κροῖσον
974 1218 1205 1277 ἆφανίσας.
1262 1221 1354 1264 τότε
1384 1220 1437 1276 δη
1466 1218 1557 1263 τότε
1588 1221 1611 1263 ὃ

148 1286 316 1343 Δανιὴλ
354 1287 428 1328 καί
453 1285 500 1328 τὸ
529 1289 615 1329 τῶν
643 1287 930 1341 Βαβυλωνίων
958 1285 1158 1341 εἴδωλον,
1189 1283 1321 1330 αὐτόν
1350 1285 1512 1344 δηλαδή
1543 1286 1619 1347 τόν

148 1352 266 1408 Reiz,
296 1355 345 1396 ἐκ
370 1356 504 1406 μέσου
534 1356 751 1408 πεποίηκε,
781 1355 854 1395 καί
882 1352 958 1408 τὴν
986 1355 1071 1396 τῶν
1096 1353 1244 1409 ἱερέων
1269 1356 1524 1408 κακουργίαν
1544 1351 1617 1395 διά

149 1422 222 1477 τῆς
247 1419 431 1475 αἰθάλης
460 1416 704 1475 οἷπήλεγξεν.
761 1420 936 1475 οἶναιρεϊ
953 1421 1000 1462 δὲ
1027 1421 1103 1462 καί
1125 1419 1200 1464 τόν
1231 1427 1329 1476 παρ’
1355 1420 1528 1468 ἐκείνοις
1556 1436 1619 1462 τι-

86 1502 138 1541 20
150 1484 346 1541 μώμενον
374 1485 600 1541 δράκοντα.
669 1481 760 1528 εἶτα
787 1485 854 1539 τίς
899 1485 1327 1541 ε’πανάττανταιῃκατά
1357 1489 1434 1530 τοῦ
1463 1484 1617 1541 Κύρου

152 1553 209 1603 ὥς
251 1555 384 1608 δῆθεν
423 1553 710 1603 ἰουδαΐζοντος
752 1551 792 1594 οἱ
831 1550 988 1608 ἱερεῖς,
1035 1551 1204 1596 ἔκδοτον
1246 1552 1511 1608 λαμβάνουσι
1545 1552 1618 1596 τὸν

151 1618 334 1676 Δανιὴλ,
363 1621 437 1662 καί
464 1620 509 1661 ἐν
540 1621 583 1669 εξ
613 1619 790 1675 ἡμέραις
818 1621 953 1678 λάκκῳ
983 1623 1328 1674 κατακλείουσιν,
1360 1617 1462 1663 ἑπτά
1495 1621 1615 1662 λέου-

152 1703 197 1729 σι
225 1685 489 1742 παραδόντες
532 1685 675 1731 αὕτόν.
746 1685 854 1729 ἄλλα
882 1689 1054 1746 βληθείς
1083 1688 1156 1730 καί
1181 1685 1274 1731 τότε
1303 1685 1493 1743 ἀβλαβὴς
1522 1690 1745 1734 d‘ca-P.202

246 1890 454 1926 Secundum
480 1892 570 1925 haec
596 1892 722 1925 Darius
759 1894 956 1926 exercitum
981 1893 1020 1926 in
1051 1892 1269 1937 Babylonios
1294 1893 1413 1936 ducit,
1437 1895 1613 1941 quemad-

150 1939 297 1978 modum
312 1940 487 1972 Danielus
516 1939 678 1973 futurum
696 1939 937 1984 praedixerat.
954 1941 985 1973 is
1005 1941 1100 1973 inter
1123 1942 1282 1985 captivos
1308 1948 1469 1976 caeteros
1494 1943 1614 1988 ipsum

151 1999 300 2034 quoque
328 1987 523 2020 Danielum
550 1986 718 2028 abduxit,
743 1993 781 2020 et
803 1999 932 2031 magno
959 1987 1129 2032 deinceps
1158 1988 1196 2021 in
1221 1989 1339 2033 pretio
1364 1988 1503 2023 habuit.
1528 1991 1615 2025 hinc

153 2041 234 2069 orta
266 2039 487 2079 satraparum
524 2034 681 2067 invidia:
723 2035 945 2079 persuadent
986 2035 1059 2078 regi
1081 2035 1291 2070 mandatum
1324 2043 1365 2070 ut
1387 2037 1613 2082 publicaret,

153 2094 227 2128 quo
251 2082 513 2127 significaretur
529 2082 676 2116 leonum
694 2082 732 2115 in
760 2082 900 2116 foveam
914 2081 1159 2117 abii‹·iendum
1178 2094 1266 2125 esse,
1294 2085 1357 2129 qui
1382 2096 1402 2117 a
1427 2085 1494 2119 deo
1510 2086 1614 2131 quic-

151 2141 262 2175 quam
290 2135 413 2174 petere
452 2129 798 2173 deprehenderetur.
831 2130 900 2162 hoc
925 2129 1082 2162 edictum
1106 2131 1280 2165 Danielus
1305 2132 1453 2166 minime
1479 2134 1616 2167 reveri-

151 2183 235 2218 tus,
260 2177 367 2210 deum
405 2177 573 2221 precibus
611 2176 840 2222 implorabat.
867 2176 1102 2221 quamobrem
1126 2177 1296 2215 leonibus
1331 2178 1522 2222 obiicitur,
1548 2180 1614 2214 sed

152 2225 268 2258 altero
293 2235 375 2257 mox
406 2223 465 2257 die
491 2225 608 2258 salvus
635 2236 654 2256 e
681 2225 783 2257 fovea
809 2224 1049 2268 progreditur,
1084 2223 1166 2260 heic
1191 2226 1245 2260 illi
1272 2225 1393 2260 dicere
1419 2228 1613 2261 Danielum

152 2272 225 2305 alia
249 2271 353 2304 nulla
379 2270 424 2303 de
449 2283 555 2304 causa
575 2271 792 2305 incolumem
809 2271 961 2304 evasisse
981 2283 1086 2316 quam
1111 2272 1208 2318 quod
1234 2273 1359 2308 leones
1385 2275 1497 2308 saturi
1522 2276 1614 2309 fuis-

153 2324 244 2352 sent.
272 2317 362 2363 quid
386 2318 473 2352 inde
502 2319 663 2352 factum?
689 2319 759 2364 ipsi
785 2329 933 2363 quoque
956 2318 1123 2352 leonibus
1151 2320 1396 2362 obiiciuntur‚
1422 2327 1460 2356 et
1489 2322 1534 2355 ab
1562 2324 1614 2357 eis

152 2367 327 2400 continuo
354 2365 584 2399 devorantur.
608 2371 690 2411 post
716 2366 755 2398 id
780 2366 953 2410 temporis
978 2365 1130 2401 Danielo
1155 2368 1270 2402 visum
1297 2371 1464 2411 offertur,
1494 2382 1567 2415 quo
1595 2381 1615 2403 e

153 2413 244 2447 mari
268 2413 438 2446 animalia
465 2419 638 2458 quattuor
662 2413 784 2457 egredi
814 2414 951 2455 cernit;
990 2414 1213 2461 angelusque
1231 2415 1433 2450 Gabrielus
1457 2417 1616 2462 quodam

155 2461 195 2494 in
218 2465 321 2506 prato
345 2472 424 2493 cuni
451 2461 530 2505 ipso
554 2461 766 2505 colloquens
792 2459 914 2493 sutura
940 2460 1109 2495 declarat.

247 2507 424 2553 Deinceps
451 2509 604 2552 imperio
633 2508 742 2551 Cyrus
770 2508 877 2541 Persa
899 2509 1049 2552 potitur,
1074 2509 1186 2545 Dario
1210 2509 1372 2555 Astyagis
1390 2511 1427 2543 F.
1457 2512 1618 2545 extincto

154 2551 375 2599 sublatoque
406 2555 450 2588 de
481 2555 599 2588 medio
626 2566 707 2597 rege
730 2555 872 2588 Croeso.
897 2554 935 2588 id
964 2557 1134 2600 temporis
1152 2557 1326 2591 Danielus
1355 2558 1480 2592 Belum
1507 2559 1617 2591 simu-

154 2600 288 2633 lacrum
301 2601 582 2645 Babyloniorum
600 2602 771 2642 abolevit,
787 2608 824 2636 et
839 2602 1104 2647 improbitatem
1121 2605 1361 2639 sacrificorum
1378 2616 1443 2650 per
1460 2607 1617 2640 cinerem

155 2649 330 2692 coarguit.
354 2650 504 2683 sustulit
535 2651 621 2684 item
655 2649 846 2683 draconem
879 2650 982 2683 illum
1008 2662 1115 2696 quem
1150 2652 1316 2696 religiose
1341 2653 1618 2688 venerabantur.

154 2694 239 2728 hinc
263 2697 394 2729 tactum
418 2702 459 2730 ut
483 2702 562 2732 orta
587 2697 823 2730 sacrificorum
849 2696 1028 2731 seditione
1054 2697 1224 2733 adversus
1243 2699 1392 2742 Cyrum,
1418 2702 1521 2745 quasi
1545 2703 1617 2734 iani

154 2747 273 2787 §perte
305 2742 583 2786 inanissimum,
612 2744 785 2778 Danielus
810 2745 859 2777 eis
892 2744 1086 2782 dederetur
1115 2753 1152 2781 et
1176 2752 1270 2782 totos
1295 2758 1357 2781 sex
1383 2746 1459 2783 dies
1487 2748 1526 2783 in
1556 2760 1617 2783 ea»
