1826 3120
654 154 936 198 ANNAuUM
974 153 1110 196 PARS
1150 155 1220 195 ιν.
1428 194 1430 197 ⁴
1521 138 1598 205 46
1615 157 1633 192 1

201 258 276 310 ἐμὲ
301 249 328 311 ἢ
356 256 565 297 τοσούτων
600 256 771 311 βρεφῶν
810 253 1194 310 καταψηφίσασθαι
1226 250 1456 296 θάνατον.”
1510 258 1580 312 ἐφ’
1605 273 1638 313 ῳ

201 324 274 364 καί
298 321 447 370 νυκτός
483 323 732 376 ἐφίστανται
764 321 884 378 αὐτῷ
908 318 946 362 οἱ
986 320 1207 362 ἀπόστολοι
1236 319 1422 374 λέγοντες
1449 322 1524 364 τὸν
1551 322 1643 365 έπί-

202 403 355 430 σκοπον
383 390 633 442 ,Σίλβεστρον
671 389 859 429 καλέσαι.
918 391 1104 428 καλεῖται
1131 382 1205 427 οὖν
1232 385 1254 426 ὅ
1285 382 1401 440 ἅγιος
1419 419 1432 440 ,
1459 391 1533 430 καί
1557 392 1638 442 βα-

199 458 347 504 πτίσας
389 453 522 495 αὐτὸν
558 455 632 508 τῆς
675 455 831 507 λέπρας
868 454 1098 506 ἐλευθεροῖ.
1164 449 1185 493 ὁ
1217 453 1263 494 δὲ
1305 454 1436 508 μέγας
1462 450 1678 510 ὕστερονΒ

160 521 397 563 5τοσοῧτον
422 517 529 575 ὑπὲρ
558 520 736 568 πίστεως
758 519 987 574 ἠγωνίσατο
1015 515 1072 567 ὥς
1099 519 1173 560 καί
1201 519 1335 560 πάντα
1363 523 1642 575 μεταποιῆσαι

196 585 248 629 τὰ
277 585 430 641 ἔθιμα,
477 584 658 640 τετράδα
697 584 770 628 καὶ
803 583 1071 639 παρασκευὴν
1098 583 1309 639 νηστεύειν
1337 575 1641 643 καίκυριακην

195 654 364 708 α’ργεῖν,
408 652 506 702 τούς
548 653 774 703 Ἰουδαίους
812 653 971 701 οἰκέτας
1006 648 1068 706 μὴ
1108 651 1330 706 αἰνεῖσθαι,
1370 654 1444 694 καί
1469 656 1642 710 σταυρῷ

196 721 343 774 μηκέτι
369 718 730 769 καταδικάζεσθαί
759 734 854 761 τινα
886 715 956 760 διὰ
989 715 1034 759 τὸ
1064 716 1170 772 πρὸς
1190 716 1262 760 τὸν
1286 719 1424 772 τίμιον
1451 718 1640 774 σταυρόν

194 787 268 827 τοῦ
297 787 487 841 Χριστοῦ
514 786 653 838 σέβας.
719 783 822 838 μετὰ
863 785 946 827 τῶν
973 778 1111 826 ἄλλων
1151 784 1197 826 δὲ
1218 785 1292 826 καί
1319 784 1398 834 τοὶς
1421 786 1492 840 τῆς
1520 782 1640 840 ἑβδο-

136 852 328 906 τομάδος
353 849 513 907 ἡμέρας
539 849 835 905 μετονομάζει,
875 849 957 892 ἀπὸ
989 849 1159 904 Κρόνου
1188 849 1262 892 καί
1278 846 1430 907 ’Ἄρεος
1455 849 1529 894 καί
1554 853 1640 894 τῶν

194 919 350 962 λοιπῶν
373 918 563 972 ἀστέρων
597 919 906 971 ὀνομαζομένας
932 915 977 959 τὸ
1009 916 1222 971 πρότερον.

297 981 357 1027 ‘H
389 986 528 1038 μέντοι
567 984 640 1026 τοῦ
673 982 857 1038 μεγάλου
890 982 1071 1036 σύζυγος
1103 984 1279 1025 (Daiara
1307 981 1494 1040 θυγάτηρ
1523 986 1632 1027 Μα-

194 1052 401 1106 ξιμιανοῦ,
430 1048 482 1106 ἣν
507 1051 551 1092 ἐν
578 1052 736 1108 λουτρῷ
768 1049 956 1105 πυρώδει
979 1048 1057 1104 την
1075 1047 1222 1103 ψυχήν
1239 1050 1476 1105 α’πορρῆξαι
1504 1057 1671 1097 norst-c

192 1118 239 1161 τὸ
284 1120 331 1160 δὲ
375 1115 505 1160 αἴτιον
550 1116 571 1158 ὂ
603 1117 802 1172 πρόγονος
841 1112 970 1169 αὐτῆς
1012 1116 1225 1170 Κρίσπος,
1264 1113 1314 1158 ὃν
1344 1118 1390 1158 ἐκ
1419 1119 1632 1171 παλλακῆς

134 1189 180 1230 15
194 1183 316 1240 ἔσχεν
352 1184 375 1226 ὅ
417 1187 558 1238 μέγας.
627 1182 699 1224 τὸν
734 1185 875 1236 μέντοι
920 1184 1236 1224 Κωνσταντῖνον
1274 1179 1527 1226 Κώνσταντα
1563 1186 1768 1247 ”al'V.192

195 1251 485 1293 Κωνστοίντιον
530 1251 575 1291 ἐκ
622 1252 869 1302 Μαξιμίνας
913 1246 1011 1302 ἔσχε
1055 1248 1268 1303 θυγατρὸς
1313 1251 1629 1305 Διοκλητιανοῦ.

193 1319 238 1360 ἐν
265 1317 311 1358 δέ
338 1333 384 1371 γε
411 1318 469 1373 τῷ
501 1318 756 1373 Καπετωλίῳ
793 1313 953 1369 Ῥώμης
982 1312 1027 1355 ἔν
1056 1330 1137 1356 τινι
1179 1314 1408 1357 καταδύσει
1435 1316 1633 1370 βαθμούς

192 1384 346 1442 ἐχούσῃ
373 1383 446 1434 τ’ξέ
489 1382 653 1438 δράκων
692 1377 741 1438 ἦν
770 1380 945 1430 πολλοὺς
982 1382 1175 1435 βλάπτων
1201 1383 1257 1438 τῷ
1293 1381 1534 1437 φυσήματι,
1565 1380 1632 1424 ὅτε

192 1452 267 1506 τῆς
295 1451 563 1498 καταδύσεως
589 1451 872 1503 παρέκυπτεν·
931 1446 979 1489 ὃν
1009 1447 1031 1488 ὅ
1061 1449 1190 1501 μέγας
1223 1446 1472 1502 Σιλβεστρος
1499 1446 1630 1489 ἔκλει-

128 1527 264 1560 2οσεν
289 1519 421 1560 ἐκεῖσε
450 1516 744 1570 παρακληθείς.
818 1512 925 1567 μετὰ
958 1515 1004 1556 δέ
1028 1529 1075 1568 γε
1111 1512 1156 1556 τὸ
1188 1516 1340 1567 θαῦμα
1369 1515 1498 1556 έκεῖνο
1527 1511 1629 1569 ὅπερ

192 1583 263 1626 ἐπὶ
307 1584 364 1642 τῷ
402 1581 532 1640 α’γρίῳ
573 1581 714 1639 ταύρῳ
762 1583 978 1635 πεποίηκεν
1021 1579 1044 1622 ὁ
1073 1582 1345 1636 Σίλβεστρος,
1379 1580 1500 1635 ἡνίκα
1523 1579 1628 1634 μετὰ

289 1710 338 1752 ι4.
362 1708 536 1752 Πρίσκος
550 1706 702 1740 codices.

191 1811 394 1857 „praestat”
420 1811 541 1855 inquit
565 1821 642 1851 „me
668 1809 736 1843 hoc
768 1809 873 1843 modo
899 1810 1092 1842 excruciari
1127 1820 1231 1854 quam
1255 1813 1312 1843 tot
1335 1809 1489 1842 infantes
1517 1810 1630 1845 inter-

191 1859 283 1893 fici.”
311 1864 531 1905 quapropter
554 1863 663 1891 noctu
690 1857 757 1890 sibi
782 1857 901 1890 videre
934 1858 1029 1891 visus
1050 1862 1104 1889 est
1128 1856 1308 1889 adstantes
1333 1857 1538 1901 apostema,
1566 1861 1630 1904 qui

190 1911 382 1940 monerent
420 1912 459 1938 ut
483 1905 695 1938 Silvestrum
718 1905 916 1937 antistitem
951 1908 1156 1937 arcesseret.
1191 1903 1221 1936 is
1260 1914 1340 1936 cum
1365 1902 1559 1949 perductus
1583 1906 1630 1939 ad

192 1953 466 1987 Constantinum
504 1958 615 1993 esset,
654 1951 889 1997 baptissatum
927 1951 1026 1996 lepra
1058 1950 1234 1984 liberavit.
1261 1962 1303 1984 ex
1327 1962 1399 1996 quo
1425 1962 1511 1984 sane
1539 1958 1631 1986 tem-

190 2011 280 2046 pore
303 2012 450 2046 magnus
477 2000 534 2032 hic
557 2000 751 2044 imperator
788 2004 977 2043 tantopere
1013 1997 1120 2031 fidem
1147 1999 1383 2044 propugnavit
1400 2024 1410 2040 ‚
1451 2003 1493 2032 ut
1522 2001 1631 2034 etiam

189 2049 267 2094 ipse
292 2047 504 2094 praestanda
529 2048 726 2091 susciperet
749 2047 869 2079 omnia
893 2056 986 2091 quae
1010 2046 1048 2078 in
1073 2056 1169 2079 more
1190 2044 1401 2079 Christianis
1425 2051 1480 2078 est
1505 2047 1629 2081 obser-

188 2106 280 2128 vare.
307 2107 390 2129 nam
416 2100 452 2128 et
469 2100 594 2140 quarta
619 2094 707 2126 feria
735 2098 772 2126 et
792 2093 1074 2138 praeparationis
1090 2092 1148 2125 die
1162 2092 1370 2138 'piunabat3
1395 2093 1493 2126 omni
1518 2105 1629 2140 opere

189 2142 248 2176 die
274 2142 454 2176 dominico
477 2141 647 2184 vacabat;
673 2140 853 2185 mancipia
878 2139 1003 2173 ludaei
1027 2150 1072 2172 ne
1095 2139 1264 2185 deinceps
1280 2145 1441 2174 emerent
1463 2142 1626 2184 vetabat;

186 2189 233 2223 ad
259 2201 397 2224 crucem
424 2190 605 2222 neminem
630 2188 782 2233 amplius
810 2186 1085 2227 condemnabat,
1110 2192 1150 2220 ut
1176 2187 1356 2232 pretiosae
1383 2189 1478 2221 cruci
1492 2189 1627 2223 Christi

187 2238 394 2282 religiosum
419 2237 516 2270 hunc
542 2236 716 2269 honorem
748 2234 917 2269 deferret.
945 2235 1040 2267 inter
1065 2234 1134 2267 alia
1166 2233 1294 2268 diebus
1320 2234 1429 2268 etiam
1457 2237 1627 2281 septima-

186 2295 274 2326 nae,
302 2285 365 2330 qui
392 2285 490 2330 prius
518 2295 537 2316 a
562 2284 740 2323 Saturno,
766 2282 900 2323 Marte,
934 2280 1107 2315 sideribus
1131 2282 1279 2316 caeteris
1306 2289 1626 2327 nuncuparentur,

187 2333 274 2365 alias
300 2332 563 2377 appellationes
588 2329 724 2363 indidit

280 2381 431 2412 Uxorem
474 2379 655 2418 Faustam,
695 2386 787 2422 quae
820 2375 1029 2408 Maximiani
1062 2380 1137 2409 erat
1159 2375 1255 2416 filia,
1292 2376 1328 2409 in
1360 2374 1491 2409 balneo
1517 2387 1624 2423 supra

187 2425 331 2460 modum
368 2426 516 2459 calfacto
550 2425 702 2458 necavit.
741 2424 817 2456 eius
846 2434 949 2455 causa
979 2423 1048 2456 suit
1070 2423 1220 2464 Priscus,
1243 2423 1394 2456 Faustae
1418 2423 1623 2468 privignus,

189 2473 235 2505 ob
260 2484 430 2506 novercae
470 2473 736 2505 criminationes
767 2470 995 2511 interfectus,
1030 2481 1135 2515 quem
1165 2471 1421 2504 Constantinus
1448 2481 1466 2502 e
1491 2481 1625 2504 concu-

188 2519 275 2552 bina
300 2521 503 2554 sustulerat.
541 2520 636 2553 filios
662 2524 779 2551 autem
807 2517 984 2561 reliquos,
1023 2517 1298 2551 Constantinum
1327 2517 1559 2551 Constantem
1585 2524 1623 2553 et

187 2567 455 2608 Constantium,
500 2579 544 2600 ex
567 2566 761 2599 Maximina
787 2565 1000 2597 Diocletiani
1031 2564 1104 2597 filia
1140 2565 1307 2610 suscepit.
1345 2570 1524 2598 caeterum
1551 2564 1622 2599 hoc

185 2620 346 2658 tempore
377 2616 532 2647 Romano
568 2614 605 2645 in
633 2612 813 2657 Capitolio
841 2611 983 2656 quidam
1007 2618 1082 2645 erat
1105 2611 1209 2646 draco
1228 2637 1236 2653 ‚
1264 2610 1409 2645 abditus
1435 2613 1472 2644 in
1499 2618 1621 2654 antro,

186 2662 285 2693 cuius
316 2661 506 2694 descensus
543 2661 610 2693 365
655 2658 784 2703 gradus
818 2658 986 2693 habebat.
1021 2659 1051 2691 is
1082 2660 1213 2692 multos
1251 2659 1417 2692 mortales
1451 2658 1621 2694 laedebat

185 2708 316 2741 adfiatu
349 2719 436 2749 suo,
463 2709 490 2741 si
517 2706 661 2753 quando
688 2712 787 2739 extra
814 2705 906 2738 illud
938 2712 1076 2739 antrum
1100 2711 1355 2751 prospectaret.
1384 2706 1446 2739 sed
1471 2718 1618 2750 magnus

184 2756 248 2789 ille
277 2756 446 2793 Silvester
471 2767 548 2788 eum
575 2759 714 2799 rogatus
739 2752 874 2787 ibidem
903 2754 1062 2788 occlusit.
1094 2754 1226 2788 deinde
1249 2759 1329 2799 post
1354 2753 1487 2788 editum
1510 2754 1618 2788 inira-
