1826 3120
590 170 874 213 ANNALmM
914 171 1050 213 PARS
1081 175 1134 213 11.
1472 152 1578 227 257

130 276 334 325 εἶ’-θέλεις
351 308 363 328 ‚
394 275 606 329 ιίγαπητέ,
633 276 789 327 μαθεῖν
819 270 896 328 ὅση
924 277 995 329 τῆς
1027 275 1127 316 καθ’
1158 274 1270 328 ἡμᾶς
1295 273 1524 331 ἱερωσύνης
1557 274 1582 327 ἦ

130 340 343 397 ὑπεροχή,
373 344 433 400 τῷ
459 340 779 395 χρυσορρήμονι
803 338 985 396 πρόσχες
1006 341 1190 398 Ἰωάννῃ.
1248 344 1293 385 ἐν
1317 340 1398 397 γὰρ
1424 343 1480 399 τῷ
1509 357 1583 382 κα-
1595 342 1631 377 Ρ-
1651 342 1714 376 136

131 407 184 450 τοὶ
229 406 441 451 Ἰουδαίων
483 409 654 464 πέμπτῳ
693 406 801 464 λόγῳ
843 406 972 462 φησίν
998 403 1062 448 ὅτι
1097 409 1172 448 καὶ
1204 410 1248 450 ἐν
1272 414 1356 458 τοῖς
1384 405 1583 461 τύποιςῆ

131 476 231 516 καθ’
257 474 370 529 ἡμᾶς
404 471 593 529 ὖπεροχὴ
623 474 698 527 τῆς
725 472 957 528 ἱερωσύνης
978 474 1199 516 δείκνυται.
1230 474 1252 516 ὃ
1282 474 1363 532 γὰρ
1386 472 1589 530 Ἀβραὰμ

90 541 205 582 ἱστοῦ
240 539 388 584 Ἰσαὰκ
429 539 566 596 πατὴρ
604 534 653 595 ἦν
683 539 757 580 καί
781 540 859 580 τοῦ
885 537 1032 592 Ἰακώβ
1070 538 1239 590 πάππος
1265 544 1340 584 καί
1363 543 1443 584 τοῦ
1475 542 1592 584 Λευί

131 605 356 662 πρόγονος·
428 608 504 649 τοῦ
539 603 620 660 γάρ
650 604 797 658 Ἰακώβ
826 603 918 653 υἱὸς
959 602 980 645 ὃ
1012 605 1148 657 Λευί,
1179 606 1260 648 α’πὸ
1293 610 1339 650 δὲ
1371 610 1448 649 τοῦ
1475 607 1594 650 Λευὶ

130 670 157 728 ἦ
187 672 394 729 ἱερωσύνη
442 671 558 727 παρὰ
601 673 821 721 Ἰουδαίοις
854 670 931 726 τήν
961 667 1099 727 ἆρχὴν
1125 671 1284 726 ἔλαβεν.
1344 674 1437 716 ἀλλ’
1465 669 1590 722 οὗτος

133 740 156 780 δ
184 739 380 794 Ἀβραάμ
422 736 444 781 ὅ
477 737 678 794 πρόγονος
711 739 793 780 τῶν
827 740 1048 791 Λευιτῶν,
1082 741 1166 780 ταῖν
1187 736 1433 782 Ἰουδαϊκῶν
1461 742 1590 795 δηλα-

133 803 184 860 δή
217 805 386 861 ἱερέων,
417 807 489 847 ἐπὶ
518 805 595 846 τοῦ
615 806 900 859 ΖΙἸελχισεδέκ,
932 802 979 854 ὃς
1009 800 1063 860 ἦν
1092 803 1221 855 τύπος
1249 807 1326 861 τῆς
1351 809 1450 848 καθ’
1478 806 1591 861 ἡμᾶς

68 870 383 927 ιοὶερωσύνης,
429 873 578 914 λαϊκοῦ
619 869 735 922 τάξιν
774 872 931 925 ἐπεῖχε.
1000 870 1219 914 καὶτοῦτο
1251 874 1307 914 δι’
1338 869 1592 928 ἀμφοτέρων

132 937 340 994 ἐδήλωσε,
385 937 459 980 καί
500 936 572 979 δια
616 939 695 979 τοῦ
740 939 887 979 δοῦναι
930 937 1136 992 δεκάτας,
1179 937 1253 980 καί
1281 934 1343 980 ὅτι
1374 936 1589 996 ηὖλογήθη

132 1007 236 1061 παρ’
261 1004 422 1047 αὐτοῦ·
481 1003 519 1046 οἱ
544 1002 624 1059 γάρ
653 1004 791 1046 λαϊκοί
819 1003 893 1046 καί
933 1004 1111 1055 δεκάτας
1142 1004 1311 1047 διδόασι
1337 1010 1423 1053 τοῖς
1451 1002 1626 1059 ἱερεῦ-Β

131 1087 177 1114 σι
207 1073 279 1113 καί
315 1073 413 1125 παρ’
457 1071 596 1113 αὐτῶν
636 1072 921 1124 ετῖλογοῧνται.
981 1070 1088 1113 α’λλοὶ
1119 1072 1192 1114 καί
1215 1073 1287 1114 τοῦ
1317 1071 1589 1125 ῙΙίῙελχισεδὲκ

133 1136 323 1180 ἐλάσσων
366 1137 390 1178 ὅ
418 1136 618 1193 Ἀβρααμ
648 1133 669 1178 ὅ
699 1135 774 1186 τὰς
805 1139 1052 1192 ἐπαγγελίας
1081 1135 1316 1191 δεξάμενος.
1374 1136 1447 1179 καί
1471 1139 1592 1188 πῶς;

71 1200 200 1248 ιόὅτι
233 1203 279 1247 τὸ
311 1203 490 1247 ἔλασσον
533 1202 616 1244 ὑπὸ
646 1205 720 1246 τοῦ
767 1205 998 1257 κρείττονος
1026 1205 1272 1259 εὐλογεῖται.
1330 1203 1435 1246 ἄλλα
1466 1205 1538 1246 καί
1565 1198 1586 1243 ὃ

133 1269 310 1321 δεκάτας
347 1270 575 1324 λαμβάνων
600 1273 717 1312 Λευί
762 1270 1068 1323 δεδεκάτωται,
1108 1269 1165 1321 ὥς
1206 1269 1227 1312 ὃ
1260 1270 1440 1320 Παῦλός
1483 1285 1590 1326 φησι

132 1339 340 1391 »δεκάτας
369 1336 449 1392 γὰρ
491 1336 619 1378 ἔδωκε
648 1339 719 1379 καί
745 1333 874 1386 αὐτὸς
913 1339 972 1394 τῷ
1001 1339 1271 1391 Μελχισεδὲκ
1302 1339 1358 1378 δι’
1388 1335 1591 1392 Ἀβραὰμ

132 1405 211 1445 τοῦ
254 1402 413 1457 πατρὸς
442 1402 605 1456 αύτοῦ,
645 1401 719 1444 καί
757 1401 883 1458 μήπω
913 1403 1182 1458 γεννηθείς·”
1248 1401 1311 1445 ἔτι
1342 1402 1422 1459 γὰρ
1465 1404 1510 1444 ἐν
1537 1402 1590 1459 τῇ

132 1466 271 1525 ὀσφύϊ
297 1470 372 1510 τοῦ
397 1469 594 1524 Ἀβραάμ
626 1465 700 1524 ἧν,
730 1467 798 1511 ὅτε
828 1467 1082 1525 συνήντησεν
1110 1468 1429 1524 ὄΜελχισεδέκ.
1459 1484 1586 1525 προσ-

66 1544 203 1589 ’ὶῡεχε
232 1531 308 1578 οὖν
338 1531 399 1577 ὅτι
451 1534 549 1577 σκιά
584 1535 658 1578 καί
697 1537 825 1584 τύπος
858 1531 967 1590 ἦσαν
997 1534 1050 1578 τὰ
1076 1535 1303 1578 Ἰουδαϊκά.
1335 1538 1375 1579 εἰ
1400 1535 1481 1591 γάρ
1514 1534 1585 1576 διὰ

131 1604 205 1658 τῆς
229 1601 460 1657 Ἰουδαϊκῆς
504 1600 692 1657 ἱστορίας
735 1602 808 1644 καί
831 1600 1063 1657 ἱερωσύνης
1089 1605 1300 1651 τελείωσις
1329 1597 1407 1658 ἦν,
1439 1605 1498 1651 τίς
1527 1600 1588 1644 ἔτι

134 1782 336 1818 similitudo
362 1782 504 1816 Christi.
530 1783 762 1828 quamobrem
789 1784 818 1817 si
843 1795 1055 1829 cognoscere
1081 1784 1192 1825 voles,
1220 1783 1352 1817 dilecte
1379 1784 1442 1824 fili,
1468 1795 1585 1830 quan-

134 1838 171 1865 ta
196 1831 244 1864 sit
269 1831 385 1863 nostri
410 1830 600 1863 sacerdotii
626 1832 866 1876 praestantia,
900 1831 1071 1865 Iohannis
1096 1831 1339 1875 Chrysostomi
1363 1831 1482 1864 verbis
1507 1833 1586 1864 ani-

134 1890 230 1912 mum
259 1877 450 1919 advertito,
477 1878 541 1923 qui
564 1880 601 1911 in
627 1879 790 1911 oratione
818 1879 984 1912 adversus
997 1879 1151 1911 Iudaeos
1180 1879 1306 1923 quinta
1331 1878 1454 1923 inquit
1476 1879 1584 1912 etiam

135 1927 174 1960 in
198 1925 285 1971 ipsis
318 1925 441 1970 figuris
475 1926 618 1959 ostendi
654 1932 829 1971 quantum
863 1937 883 1959 a
913 1932 1037 1959 nostro
1077 1925 1316 1958 sacerdotium
1354 1924 1447 1958 illud
1481 1930 1584 1959 vetus

134 1978 334 2018 superetur.
390 1971 612 2006 Abrahamus
650 1974 745 2006 enim
771 1978 874 2018 pater
896 1974 1019 2006 'Isaaci
1043 1978 1079 2006 et
1103 1972 1226 2005 Iacobi
1254 1984 1338 2005 avus
1363 1978 1456 2013 erat,
1481 1972 1582 2006 Levii

134 2031 302 2067 proavus,
330 2025 371 2054 ut
387 2021 450 2065 qui
465 2020 587 2054 Iacobi
621 2020 717 2054 filius
746 2022 922 2054 existeret.
952 2026 988 2053 at
1017 2021 1112 2053 enim
1135 2019 1376 2053 sacerdotium
1400 2019 1494 2052 illud
1520 2021 1581 2052 Iu-

134 2068 274 2102 daicum
308 2068 347 2101 in
374 2067 480 2101 Levio
516 2068 743 2114 principium⁴
768 2068 905 2101 habuit.
928 2067 1164 2101 nihilominus
1199 2067 1420 2100 Abrahamus
1444 2069 1583 2111 generis

133 2115 340 2149 Levitarum
359 2120 494 2156 auctor,
518 2115 588 2149 hoc
613 2122 667 2148 est
688 2115 914 2148 Iudaicorum
941 2115 1183 2155 sacerdotum,
1211 2114 1278 2148 sub
1302 2114 1580 2156 Melchisedeco‚

134 2163 199 2208 qui
224 2163 337 2196 nostri
367 2162 562 2196 sacerdotii
591 2163 738 2208 figuram
773 2162 1084 2208 repraesentabat,
1112 2174 1176 2207 pro
1199 2162 1292 2195 laico
1318 2173 1397 2195 sese
1425 2163 1583 2206 gerebat.

134 2215 244 2256 atque
263 2209 333 2244 hoc
359 2210 476 2255 ipsum
502 2210 640 2244 duabus
664 2211 769 2244 rebus
786 2210 1028 2255 significabat,
1054 2215 1130 2243 tum
1155 2209 1253 2255 quod
1277 2209 1445 2242 decumas
1470 2208 1582 2249 daret,

134 2263 211 2291 *tum
236 2257 335 2302 quod
369 2258 627 2291 ominationem
664 2258 709 2291 ab
735 2269 777 2291 eo
803 2258 956 2290 faustam
980 2257 1167 2303 acciperet.
1194 2269 1275 2290 nam
1300 2257 1384 2289 laici
1412 2256 1581 2290 decumas

135 2305 383 2339 sacerdotibus
419 2304 606 2350 pendunt,
639 2311 675 2339 et
713 2305 906 2339 eorundem
935 2304 1100 2350 precibus
1125 2305 1356 2346 felicitantur.
1382 2305 1584 2349 quinetiam

136 2352 382 2393 Abrahamus,
424 2363 632 2398 quanquam
669 2354 849 2398 promissis
889 2352 1019 2386 divinis
1043 2353 1173 2386 beatus
1200 2358 1320 2393 esset,
1346 2351 1583 2385 nihilominus

138 2399 404 2433 Melchisedeco
435 2400 554 2432 minor
590 2406 676 2433 erat.
703 2402 849 2446 quinam
879 2400 996 2433 istuc?
1030 2401 1115 2445 quia
1139 2400 1268 2433 minori
1295 2399 1410 2432 maior
1432 2399 1583 2431 benedi-

139 2446 200 2479 cit.
222 2453 406 2492 praeterea
431 2447 559 2481 Levius
599 2448 697 2492 ipse,
735 2449 792 2480 cui
820 2448 1046 2481 decumarum
1079 2448 1133 2480 ius
1165 2458 1373 2481 concessum
1399 2452 1472 2486 est,
1502 2445 1582 2478 heic

140 2493 347 2528 decumatus
372 2494 458 2536 fuit,
486 2494 790 2540 quemadmodum
818 2495 948 2528 Paulus
981 2493 1105 2544 (Hebr.
1134 2507 1151 2539 7
1178 2496 1215 2540 9)
1241 2495 1415 2539 loquitur.
1441 2504 1521 2525 nam
1548 2499 1585 2526 et

139 2542 218 2586 ipse
246 2541 510 2575 Melchisedeco
551 2553 616 2587 per
647 2543 885 2575 Abrahamum
926 2547 1062 2587 patrem
1098 2542 1266 2575 decumas
1293 2541 1416 2581 solvit,
1441 2541 1586 2573 tametsi

139 2587 294 2621 necdum
328 2589 444 2622 editus
484 2589 522 2621 in
547 2590 663 2622 lucem
695 2590 804 2623 foret:
841 2589 975 2635 quippe
1012 2589 1128 2622 adhue
1156 2590 1193 2622 in
1227 2587 1418 2622 Abrahami
1453 2587 1586 2620 lumbis

142 2641 237 2676 erat,
267 2647 346 2669 cum
379 2636 645 2670 Melchisedeco
685 2638 714 2670 is
745 2642 957 2670 occurreret.
984 2636 1028 2670 de
1064 2648 1135 2682 quo
1161 2637 1248 2670 licet
1273 2635 1452 2679 intelligas
1477 2634 1584 2667 hasce

140 2682 303 2716 Iudaicas
330 2694 383 2715 res
408 2695 481 2716 non
507 2685 577 2717 nisi
602 2684 763 2717 umbram
789 2691 824 2717 et
849 2685 993 2728 figuram
1021 2684 1200 2730 quandam
1228 2685 1447 2716 fuisse-‚nam
1473 2682 1501 2715 si
1522 2693 1585 2727 per

142 2730 325 2763 Iudaicum
359 2730 596 2764 sacerdotium
628 2732 885 2776 perfectionem
919 2732 1078 2765 licuisset
1105 2731 1276 2776 adsequi,
1306 2729 1434 2774 ecquid
1459 2741 1584 2762 caus-ae

143 2778 238 2811 soret
262 2777 493 2822 quamobrem
521 2780 692 2813 constitui
717 2779 881 2813 sacerdos
908 2779 997 2812 alius
1023 2778 1220 2813 secundum
1243 2777 1407 2810 ordinem
1433 2776 1584 2809 Melchi-

219 2849 362 2892 Glycas.
920 2867 928 2873 ,
1285 2858 1294 2878 ¹
1307 2859 1320 2889 ἶ
