<?xml version="1.0" encoding="UTF-8"?>
<!DOCTYPE html PUBLIC "-//W3C//DTD XHTML 1.0 Transitional//EN"
    "http://www.w3.org/TR/xhtml1/DTD/xhtml1-transitional.dtd">
<html xmlns="http://www.w3.org/1999/xhtml" xml:lang="en" lang="en">
 <head>
  <title>
</title>
<meta http-equiv="Content-Type" content="text/html;charset=utf-8" />
  <meta name='ocr-system' content='tesseract 3.04.00' />
  <meta name='ocr-capabilities' content='ocr_page ocr_carea ocr_par ocr_line ocrx_word'/>
</head>
<body>
  <div class='ocr_page' id='page_1' title='image "./corpusscriptorum37niebuoft_0095.png"; bbox 0 0 1826 3120; ppageno 0'>
   <div class='ocr_carea' id='block_1_1' title="bbox 591 111 1569 182">
    <p class='ocr_par' dir='ltr' id='par_1_1' title="bbox 591 111 1569 182">
     <span class='ocr_line' id='line_1_1' title="bbox 591 111 1569 182; baseline 0 -21"><span class='ocrx_word' id='word_1_1' title='bbox 591 119 874 162; x_wconf 69' lang='lat' dir='ltr'>ANNAMUM</span> <span class='ocrx_word' id='word_1_2' title='bbox 914 119 1051 162; x_wconf 77' lang='lat' dir='ltr'>PARS</span> <span class='ocrx_word' id='word_1_3' title='bbox 1082 122 1115 161; x_wconf 90' lang='lat'><strong>1.</strong></span> <span class='ocrx_word' id='word_1_4' title='bbox 1500 111 1569 182; x_wconf 84' lang='lat'><strong>73</strong></span> 
     </span>
    </p>
   </div>
   <div class='ocr_carea' id='block_1_2' title="bbox 62 216 1681 1667">
    <p class='ocr_par' dir='ltr' id='par_1_2' title="bbox 129 216 1608 478">
     <span class='ocr_line' id='line_1_2' title="bbox 131 216 1608 283; baseline 0.004 -22"><span class='ocrx_word' id='word_1_5' title='bbox 131 220 314 273; x_wconf 72' lang='grc' dir='ltr'><em>καρίδες.</em></span> <span class='ocrx_word' id='word_1_6' title='bbox 343 221 475 263; x_wconf 78' lang='grc' dir='ltr'><em>ταῦτα</em></span> <span class='ocrx_word' id='word_1_7' title='bbox 505 222 551 264; x_wconf 79' lang='grc' dir='ltr'><em>δὲ</em></span> <span class='ocrx_word' id='word_1_8' title='bbox 572 216 672 263; x_wconf 71' lang='grc' dir='ltr'><em>ἄνευ</em></span> <span class='ocrx_word' id='word_1_9' title='bbox 702 222 782 263; x_wconf 76' lang='grc' dir='ltr'><em>τῶν</em></span> <span class='ocrx_word' id='word_1_10' title='bbox 802 224 984 278; x_wconf 83' lang='grc' dir='ltr'><em>καρίδων</em></span> <span class='ocrx_word' id='word_1_11' title='bbox 1003 219 1138 279; x_wconf 73' lang='grc' dir='ltr'><em>χηλάς</em></span> <span class='ocrx_word' id='word_1_12' title='bbox 1161 219 1342 279; x_wconf 80' lang='grc' dir='ltr'><em>ἔχουσιν,</em></span> <span class='ocrx_word' id='word_1_13' title='bbox 1369 226 1422 268; x_wconf 83' lang='grc' dir='ltr'><strong>ου’</strong></span> <span class='ocrx_word' id='word_1_14' title='bbox 1442 226 1608 283; x_wconf 71' lang='grc' dir='ltr'><em>χάρινΒ</em></span> 
     </span>
     <span class='ocr_line' id='line_1_3' title="bbox 129 284 1574 344; baseline 0.007 -18"><span class='ocrx_word' id='word_1_15' title='bbox 129 287 212 327; x_wconf 78' lang='grc' dir='ltr'><strong>τοῦ</strong></span> <span class='ocrx_word' id='word_1_16' title='bbox 228 293 481 340; x_wconf 80' lang='grc' dir='ltr'><strong><em>περιπατεῖν,</em></strong></span> <span class='ocrx_word' id='word_1_17' title='bbox 499 291 574 330; x_wconf 83' lang='grc' dir='ltr'><strong>τοῦ</strong></span> <span class='ocrx_word' id='word_1_18' title='bbox 600 286 906 342; x_wconf 79' lang='grc' dir='ltr'><em>συλλαμβάνειν</em></span> <span class='ocrx_word' id='word_1_19' title='bbox 935 290 981 331; x_wconf 85' lang='grc' dir='ltr'><em>δέ</em></span> <span class='ocrx_word' id='word_1_20' title='bbox 1008 305 1059 330; x_wconf 84' lang='grc' dir='ltr'><strong>τι.</strong></span> <span class='ocrx_word' id='word_1_21' title='bbox 1092 284 1192 331; x_wconf 71' lang='grc' dir='ltr'><em>ὅθεν</em></span> <span class='ocrx_word' id='word_1_22' title='bbox 1219 291 1292 332; x_wconf 83' lang='grc' dir='ltr'><em>καί</em></span> <span class='ocrx_word' id='word_1_23' title='bbox 1315 291 1499 344; x_wconf 85' lang='grc' dir='ltr'><em>μείζονες</em></span> <span class='ocrx_word' id='word_1_24' title='bbox 1528 293 1574 337; x_wconf 79' lang='grc' dir='ltr'><strong>αἱ</strong></span> 
     </span>
     <span class='ocr_line' id='line_1_4' title="bbox 132 352 1576 415; baseline 0.006 -23"><span class='ocrx_word' id='word_1_25' title='bbox 132 352 286 402; x_wconf 75' lang='grc' dir='ltr'><em>δεξιαί·</em></span> <span class='ocrx_word' id='word_1_26' title='bbox 341 358 430 402; x_wconf 83' lang='grc' dir='ltr'><em>τοῖς</em></span> <span class='ocrx_word' id='word_1_27' title='bbox 453 352 534 408; x_wconf 75' lang='grc' dir='ltr'><em>γὰρ</em></span> <span class='ocrx_word' id='word_1_28' title='bbox 565 355 714 404; x_wconf 78' lang='grc' dir='ltr'><em>δεξιοῖς</em></span> <span class='ocrx_word' id='word_1_29' title='bbox 739 355 899 409; x_wconf 79' lang='grc' dir='ltr'><em>πέφυκε</em></span> <span class='ocrx_word' id='word_1_30' title='bbox 923 352 973 395; x_wconf 74' lang='grc' dir='ltr'><strong>τὰ</strong></span> <span class='ocrx_word' id='word_1_31' title='bbox 1005 355 1091 405; x_wconf 76' lang='grc' dir='ltr'><strong>ζῶα</strong></span> <span class='ocrx_word' id='word_1_32' title='bbox 1121 355 1226 409; x_wconf 83' lang='grc' dir='ltr'><em>δρᾶν</em></span> <span class='ocrx_word' id='word_1_33' title='bbox 1251 358 1420 408; x_wconf 76' lang='grc' dir='ltr'><em>μᾶλλον.</em></span> <span class='ocrx_word' id='word_1_34' title='bbox 1476 359 1576 415; x_wconf 77' lang='grc' dir='ltr'><em>περὶ</em></span> 
     </span>
     <span class='ocr_line' id='line_1_5' title="bbox 131 416 1573 478; baseline 0.006 -18"><span class='ocrx_word' id='word_1_35' title='bbox 131 416 291 460; x_wconf 71' lang='grc' dir='ltr'><em>τούτων</em></span> <span class='ocrx_word' id='word_1_36' title='bbox 340 417 363 460; x_wconf 80' lang='grc' dir='ltr'>ὅ</span> <span class='ocrx_word' id='word_1_37' title='bbox 407 418 622 476; x_wconf 79' lang='grc' dir='ltr'><em>προφήτης</em></span> <span class='ocrx_word' id='word_1_38' title='bbox 648 420 790 462; x_wconf 89' lang='grc' dir='ltr'><em>Δαυίδ</em></span> <span class='ocrx_word' id='word_1_39' title='bbox 826 417 906 472; x_wconf 69' lang='lat' dir='ltr'><strong>„wi</strong></span> <span class='ocrx_word' id='word_1_40' title='bbox 934 420 1266 474; x_wconf 88' lang='grc' dir='ltr'><em>διαπορευόμενα</em></span> <span class='ocrx_word' id='word_1_41' title='bbox 1295 425 1464 478; x_wconf 77' lang='grc' dir='ltr'><em>τρίβους</em></span> <span class='ocrx_word' id='word_1_42' title='bbox 1490 429 1573 468; x_wconf 67' lang='lat' dir='ltr'><strong>aa-</strong></span> 
     </span>
    </p>

    <p class='ocr_par' dir='ltr' id='par_1_3' title="bbox 93 484 1571 605">
     <span class='ocr_line' id='line_1_6' title="bbox 93 484 1571 540; baseline 0.005 -14"><span class='ocrx_word' id='word_1_43' title='bbox 93 485 339 526; x_wconf 60' lang='lat' dir='ltr'><strong>fizoeumfivss’</strong></span> <span class='ocrx_word' id='word_1_44' title='bbox 391 489 538 540; x_wconf 86' lang='grc' dir='ltr'><em>σηπίαι</em></span> <span class='ocrx_word' id='word_1_45' title='bbox 569 486 615 527; x_wconf 81' lang='grc' dir='ltr'><em>δὲ</em></span> <span class='ocrx_word' id='word_1_46' title='bbox 634 486 825 535; x_wconf 72' lang='grc' dir='ltr'><em>τευθίδες</em></span> <span class='ocrx_word' id='word_1_47' title='bbox 844 486 917 526; x_wconf 79' lang='grc' dir='ltr'><strong>καί</strong></span> <span class='ocrx_word' id='word_1_48' title='bbox 934 484 1167 536; x_wconf 76' lang='grc' dir='ltr'><em>πολύποδες</em></span> <span class='ocrx_word' id='word_1_49' title='bbox 1196 484 1276 530; x_wconf 64' lang='lat' dir='ltr'><strong>dmi</strong></span> <span class='ocrx_word' id='word_1_50' title='bbox 1303 489 1436 540; x_wconf 86' lang='grc' dir='ltr'><em>πόδας</em></span> <span class='ocrx_word' id='word_1_51' title='bbox 1463 490 1571 534; x_wconf 78' lang='grc' dir='ltr'><em>ὀκτώ</em></span> 
     </span>
     <span class='ocr_line' id='line_1_7' title="bbox 134 546 1080 605; baseline 0.003 -15"><span class='ocrx_word' id='word_1_52' title='bbox 134 546 335 605; x_wconf 78' lang='grc' dir='ltr'><em>ἔχουσιν,</em></span> <span class='ocrx_word' id='word_1_53' title='bbox 360 550 557 604; x_wconf 84' lang='grc' dir='ltr'><em>μείζονας</em></span> <span class='ocrx_word' id='word_1_54' title='bbox 586 552 632 592; x_wconf 83' lang='grc' dir='ltr'><em>δὲ</em></span> <span class='ocrx_word' id='word_1_55' title='bbox 659 550 783 604; x_wconf 84' lang='grc' dir='ltr'><em>μόνος</em></span> <span class='ocrx_word' id='word_1_56' title='bbox 813 548 833 591; x_wconf 80' lang='grc' dir='ltr'><em>ὃ</em></span> <span class='ocrx_word' id='word_1_57' title='bbox 855 549 1080 600; x_wconf 77' lang='grc' dir='ltr'><em>πολύπους.</em></span> 
     </span>
    </p>

    <p class='ocr_par' dir='ltr' id='par_1_4' title="bbox 127 613 1575 808">
     <span class='ocr_line' id='line_1_8' title="bbox 239 613 1569 675; baseline 0.005 -16"><span class='ocrx_word' id='word_1_58' title='bbox 239 614 465 672; x_wconf 79' lang='grc' dir='ltr'><em>Διαφοριὶν</em></span> <span class='ocrx_word' id='word_1_59' title='bbox 501 614 541 657; x_wconf 83' lang='grc' dir='ltr'><strong>οἱ</strong></span> <span class='ocrx_word' id='word_1_60' title='bbox 581 613 732 670; x_wconf 73' lang='grc' dir='ltr'><em>ἰχθύες</em></span> <span class='ocrx_word' id='word_1_61' title='bbox 770 618 843 659; x_wconf 87' lang='grc' dir='ltr'>καί</span> <span class='ocrx_word' id='word_1_62' title='bbox 877 618 977 671; x_wconf 79' lang='grc' dir='ltr'><em>περί</em></span> <span class='ocrx_word' id='word_1_63' title='bbox 1010 616 1053 659; x_wconf 84' lang='grc' dir='ltr'><strong>τό</strong></span> <span class='ocrx_word' id='word_1_64' title='bbox 1109 617 1245 672; x_wconf 84' lang='grc' dir='ltr'><strong><em>στόμα</em></strong></span> <span class='ocrx_word' id='word_1_65' title='bbox 1285 620 1456 675; x_wconf 80' lang='grc' dir='ltr'><em>ἔχουσι·</em></span> <span class='ocrx_word' id='word_1_66' title='bbox 1515 623 1569 666; x_wconf 78' lang='grc' dir='ltr'><strong>τὰ</strong></span> 
     </span>
     <span class='ocr_line' id='line_1_9' title="bbox 129 679 1571 743; baseline 0.005 -19"><span class='ocrx_word' id='word_1_67' title='bbox 129 683 208 735; x_wconf 80' lang='grc' dir='ltr'><em>μὲν</em></span> <span class='ocrx_word' id='word_1_68' title='bbox 245 679 326 737; x_wconf 78' lang='grc' dir='ltr'><em>γὰρ</em></span> <span class='ocrx_word' id='word_1_69' title='bbox 364 681 618 735; x_wconf 81' lang='grc' dir='ltr'><em>καταντικρὺ</em></span> <span class='ocrx_word' id='word_1_70' title='bbox 663 681 752 736; x_wconf 83' lang='grc' dir='ltr'><em>ἔχει</em></span> <span class='ocrx_word' id='word_1_71' title='bbox 788 682 832 724; x_wconf 83' lang='grc' dir='ltr'><strong>τό</strong></span> <span class='ocrx_word' id='word_1_72' title='bbox 875 681 1009 736; x_wconf 87' lang='grc' dir='ltr'><em>στόμα</em></span> <span class='ocrx_word' id='word_1_73' title='bbox 1040 686 1114 726; x_wconf 83' lang='grc' dir='ltr'><em>καί</em></span> <span class='ocrx_word' id='word_1_74' title='bbox 1149 686 1208 734; x_wconf 82' lang='grc' dir='ltr'><strong>εἷς</strong></span> <span class='ocrx_word' id='word_1_75' title='bbox 1235 686 1281 727; x_wconf 87' lang='grc' dir='ltr'><strong>τό</strong></span> <span class='ocrx_word' id='word_1_76' title='bbox 1312 686 1571 743; x_wconf 73' lang='grc' dir='ltr'><em>ἔμπροσθεν,</em></span> 
     </span>
     <span class='ocr_line' id='line_1_10' title="bbox 127 743 1575 808; baseline 0.005 -20"><span class='ocrx_word' id='word_1_77' title='bbox 127 745 178 789; x_wconf 75' lang='grc' dir='ltr'><strong>τὰ</strong></span> <span class='ocrx_word' id='word_1_78' title='bbox 207 748 248 789; x_wconf 84' lang='grc' dir='ltr'><em>δ’</em></span> <span class='ocrx_word' id='word_1_79' title='bbox 274 749 320 791; x_wconf 79' lang='grc' dir='ltr'><em>ἒν</em></span> <span class='ocrx_word' id='word_1_80' title='bbox 344 746 530 800; x_wconf 75' lang='grc' dir='ltr'><em>ὖπτίοις,</em></span> <span class='ocrx_word' id='word_1_81' title='bbox 577 743 663 792; x_wconf 82' lang='grc' dir='ltr'><em>οἷον</em></span> <span class='ocrx_word' id='word_1_82' title='bbox 708 743 747 790; x_wconf 77' lang='grc' dir='ltr'><strong>οἱ</strong></span> <span class='ocrx_word' id='word_1_83' title='bbox 787 749 977 805; x_wconf 80' lang='grc' dir='ltr'><em>δελφῖνες</em></span> <span class='ocrx_word' id='word_1_84' title='bbox 1010 751 1083 792; x_wconf 86' lang='grc' dir='ltr'>καί</span> <span class='ocrx_word' id='word_1_85' title='bbox 1120 747 1170 792; x_wconf 77' lang='grc' dir='ltr'><strong>τὰ</strong></span> <span class='ocrx_word' id='word_1_86' title='bbox 1196 751 1374 808; x_wconf 80' lang='grc' dir='ltr'><em>σελάχη,</em></span> <span class='ocrx_word' id='word_1_87' title='bbox 1406 752 1471 794; x_wconf 81' lang='grc' dir='ltr'><em>διὸ</em></span> <span class='ocrx_word' id='word_1_88' title='bbox 1502 756 1575 796; x_wconf 72' lang='grc' dir='ltr'><strong>καὶ</strong></span> 
     </span>
    </p>

    <p class='ocr_par' dir='ltr' id='par_1_5' title="bbox 73 810 1612 1136">
     <span class='ocr_line' id='line_1_11' title="bbox 73 810 1574 872; baseline 0.006 -20"><span class='ocrx_word' id='word_1_89' title='bbox 73 810 258 856; x_wconf 82' lang='grc' dir='ltr'><em>ιοῦ’πτια</em></span> <span class='ocrx_word' id='word_1_90' title='bbox 306 811 568 869; x_wconf 81' lang='grc' dir='ltr'><em>στρεφόμενα</em></span> <span class='ocrx_word' id='word_1_91' title='bbox 609 811 817 868; x_wconf 77' lang='grc' dir='ltr'><em>λαμβάνει</em></span> <span class='ocrx_word' id='word_1_92' title='bbox 858 813 935 870; x_wconf 79' lang='grc' dir='ltr'><em>τήν</em></span> <span class='ocrx_word' id='word_1_93' title='bbox 962 814 1133 872; x_wconf 81' lang='grc' dir='ltr'><em>τροφήν.</em></span> <span class='ocrx_word' id='word_1_94' title='bbox 1190 811 1332 870; x_wconf 73' lang='grc' dir='ltr'><em>ὄρχεις</em></span> <span class='ocrx_word' id='word_1_95' title='bbox 1361 820 1407 861; x_wconf 82' lang='grc' dir='ltr'><em>δὲ</em></span> <span class='ocrx_word' id='word_1_96' title='bbox 1436 815 1574 869; x_wconf 78' lang='grc' dir='ltr'><em>οὗδείς</em></span> 
     </span>
     <span class='ocr_line' id='line_1_12' title="bbox 129 874 1573 934; baseline 0.006 -14"><span class='ocrx_word' id='word_1_97' title='bbox 129 877 219 933; x_wconf 80' lang='grc' dir='ltr'><em>ἔχει</em></span> <span class='ocrx_word' id='word_1_98' title='bbox 261 879 390 933; x_wconf 77' lang='grc' dir='ltr'><em>ἰχθύς</em></span> <span class='ocrx_word' id='word_1_99' title='bbox 401 913 415 933; x_wconf 86' lang='grc'><strong><em>,</em></strong></span> <span class='ocrx_word' id='word_1_100' title='bbox 464 875 559 921; x_wconf 70' lang='grc' dir='ltr'><em>οἷὲτε</em></span> <span class='ocrx_word' id='word_1_101' title='bbox 601 878 719 929; x_wconf 78' lang='grc' dir='ltr'><em>ἐντός</em></span> <span class='ocrx_word' id='word_1_102' title='bbox 759 874 854 922; x_wconf 69' lang='grc' dir='ltr'><em>οὔτε</em></span> <span class='ocrx_word' id='word_1_103' title='bbox 899 880 1036 934; x_wconf 78' lang='grc' dir='ltr'><em>ἐκτός,</em></span> <span class='ocrx_word' id='word_1_104' title='bbox 1081 877 1175 923; x_wconf 66' lang='grc' dir='ltr'><em>οὔτε</em></span> <span class='ocrx_word' id='word_1_105' title='bbox 1205 877 1306 924; x_wconf 74' lang='grc' dir='ltr'><em>ἄλλο</em></span> <span class='ocrx_word' id='word_1_106' title='bbox 1339 885 1463 927; x_wconf 75' lang='grc' dir='ltr'><em>οὐδὲν</em></span> <span class='ocrx_word' id='word_1_107' title='bbox 1489 888 1573 927; x_wconf 77' lang='grc' dir='ltr'><em>τῶν</em></span> 
     </span>
     <span class='ocr_line' id='line_1_13' title="bbox 128 940 1612 1006; baseline 0.005 -20"><span class='ocrx_word' id='word_1_108' title='bbox 128 943 321 998; x_wconf 54' lang='lat' dir='ltr'><strong>dadam,</strong></span> <span class='ocrx_word' id='word_1_109' title='bbox 351 943 415 986; x_wconf 83' lang='grc' dir='ltr'><em>διό</em></span> <span class='ocrx_word' id='word_1_110' title='bbox 450 946 548 987; x_wconf 80' lang='grc' dir='ltr'><em>ου’δὲ</em></span> <span class='ocrx_word' id='word_1_111' title='bbox 577 946 617 988; x_wconf 87' lang='grc' dir='ltr'><strong>οἱ</strong></span> <span class='ocrx_word' id='word_1_112' title='bbox 649 940 780 1002; x_wconf 72' lang='grc' dir='ltr'><em>ὄφεις.</em></span> <span class='ocrx_word' id='word_1_113' title='bbox 839 945 878 988; x_wconf 81' lang='grc' dir='ltr'><strong>οἱ</strong></span> <span class='ocrx_word' id='word_1_114' title='bbox 907 949 953 990; x_wconf 81' lang='grc' dir='ltr'><em>δὲ</em></span> <span class='ocrx_word' id='word_1_115' title='bbox 980 949 1170 1004; x_wconf 82' lang='grc' dir='ltr'><em>δελφῖνες</em></span> <span class='ocrx_word' id='word_1_116' title='bbox 1199 949 1274 990; x_wconf 82' lang='grc' dir='ltr'><em>καί</em></span> <span class='ocrx_word' id='word_1_117' title='bbox 1300 948 1344 991; x_wconf 84' lang='grc' dir='ltr'><strong>αἱ</strong></span> <span class='ocrx_word' id='word_1_118' title='bbox 1371 950 1612 1006; x_wconf 71' lang='grc' dir='ltr'><em>φάλαιναιο</em></span> 
     </span>
     <span class='ocr_line' id='line_1_14' title="bbox 127 1008 1573 1069; baseline 0.006 -17"><span class='ocrx_word' id='word_1_119' title='bbox 127 1013 202 1052; x_wconf 78' lang='grc' dir='ltr'>καί</span> <span class='ocrx_word' id='word_1_120' title='bbox 236 1008 369 1053; x_wconf 82' lang='grc' dir='ltr'><em>πάντα</em></span> <span class='ocrx_word' id='word_1_121' title='bbox 406 1009 459 1054; x_wconf 74' lang='grc' dir='ltr'><strong>τὰ</strong></span> <span class='ocrx_word' id='word_1_122' title='bbox 497 1011 660 1068; x_wconf 77' lang='grc' dir='ltr'><em>κητώδη</em></span> <span class='ocrx_word' id='word_1_123' title='bbox 707 1012 893 1068; x_wconf 80' lang='grc' dir='ltr'><em>βράγχια</em></span> <span class='ocrx_word' id='word_1_124' title='bbox 932 1014 1011 1067; x_wconf 83' lang='grc' dir='ltr'><em>μὲν</em></span> <span class='ocrx_word' id='word_1_125' title='bbox 1036 1015 1112 1054; x_wconf 86' lang='grc' dir='ltr'><em>ου’κ</em></span> <span class='ocrx_word' id='word_1_126' title='bbox 1140 1012 1336 1069; x_wconf 80' lang='grc' dir='ltr'><em>ἔχουσιν,</em></span> <span class='ocrx_word' id='word_1_127' title='bbox 1366 1015 1497 1059; x_wconf 68' lang='grc' dir='ltr'><em>αὐλὸν</em></span> <span class='ocrx_word' id='word_1_128' title='bbox 1525 1020 1573 1060; x_wconf 84' lang='grc' dir='ltr'><em>δὲ</em></span> 
     </span>
     <span class='ocr_line' id='line_1_15' title="bbox 130 1074 1574 1136; baseline 0.006 -18"><span class='ocrx_word' id='word_1_129' title='bbox 130 1074 202 1118; x_wconf 76' lang='grc' dir='ltr'><em>διὰ</em></span> <span class='ocrx_word' id='word_1_130' title='bbox 234 1074 280 1118; x_wconf 82' lang='grc' dir='ltr'><strong>τό</strong></span> <span class='ocrx_word' id='word_1_131' title='bbox 326 1075 439 1131; x_wconf 73' lang='grc' dir='ltr'><em>ἔχειν</em></span> <span class='ocrx_word' id='word_1_132' title='bbox 477 1075 705 1131; x_wconf 77' lang='grc' dir='ltr'><em>πνεύμονα.</em></span> <span class='ocrx_word' id='word_1_133' title='bbox 773 1077 825 1121; x_wconf 72' lang='grc' dir='ltr'><strong>τὰ</strong></span> <span class='ocrx_word' id='word_1_134' title='bbox 860 1080 937 1133; x_wconf 81' lang='grc' dir='ltr'><em>μὲν</em></span> <span class='ocrx_word' id='word_1_135' title='bbox 967 1078 1046 1135; x_wconf 74' lang='grc' dir='ltr'><em>γάρ</em></span> <span class='ocrx_word' id='word_1_136' title='bbox 1077 1077 1263 1134; x_wconf 76' lang='grc' dir='ltr'><em>βράγχια</em></span> <span class='ocrx_word' id='word_1_137' title='bbox 1283 1082 1474 1136; x_wconf 82' lang='grc' dir='ltr'><em>χρήσιμα</em></span> <span class='ocrx_word' id='word_1_138' title='bbox 1502 1085 1574 1127; x_wconf 78' lang='grc' dir='ltr'><em>ἐπὶ</em></span> 
     </span>
    </p>

    <p class='ocr_par' dir='ltr' id='par_1_6' title="bbox 69 1141 1681 1467">
     <span class='ocr_line' id='line_1_16' title="bbox 69 1141 1681 1201; baseline 0.004 -18"><span class='ocrx_word' id='word_1_139' title='bbox 69 1149 115 1190; x_wconf 73' lang='lat'><strong>15</strong></span> <span class='ocrx_word' id='word_1_140' title='bbox 128 1148 214 1192; x_wconf 87' lang='grc' dir='ltr'><em>τοῖς</em></span> <span class='ocrx_word' id='word_1_141' title='bbox 240 1141 299 1199; x_wconf 80' lang='grc' dir='ltr'><strong>μὴ</strong></span> <span class='ocrx_word' id='word_1_142' title='bbox 333 1143 629 1198; x_wconf 82' lang='grc' dir='ltr'><em>ἀναπνέουσιν,</em></span> <span class='ocrx_word' id='word_1_143' title='bbox 680 1143 891 1187; x_wconf 77' lang='grc' dir='ltr'><em>ἀδύνατον</em></span> <span class='ocrx_word' id='word_1_144' title='bbox 932 1146 978 1188; x_wconf 82' lang='grc' dir='ltr'><em>δὲ</em></span> <span class='ocrx_word' id='word_1_145' title='bbox 1016 1144 1060 1188; x_wconf 76' lang='grc' dir='ltr'><strong>τό</strong></span> <span class='ocrx_word' id='word_1_146' title='bbox 1091 1143 1199 1192; x_wconf 65' lang='grc' dir='ltr'><em>αὐτοὶ</em></span> <span class='ocrx_word' id='word_1_147' title='bbox 1229 1145 1342 1201; x_wconf 79' lang='grc' dir='ltr'><em>ἔχειν</em></span> <span class='ocrx_word' id='word_1_148' title='bbox 1370 1149 1443 1194; x_wconf 80' lang='grc' dir='ltr'><em>καί</em></span> <span class='ocrx_word' id='word_1_149' title='bbox 1470 1149 1625 1197; x_wconf 74' lang='grc' dir='ltr'><em>ἄνα-ν,</em></span> <span class='ocrx_word' id='word_1_150' title='bbox 1638 1163 1681 1197; x_wconf 85' lang='lat'><strong>30</strong></span> 
     </span>
     <span class='ocr_line' id='line_1_17' title="bbox 125 1207 1572 1268; baseline 0.004 -18"><span class='ocrx_word' id='word_1_151' title='bbox 125 1215 256 1251; x_wconf 87' lang='grc' dir='ltr'><em>πνεῖν.</em></span> <span class='ocrx_word' id='word_1_152' title='bbox 310 1207 398 1252; x_wconf 77' lang='grc' dir='ltr'><em>ἔστι</em></span> <span class='ocrx_word' id='word_1_153' title='bbox 428 1211 474 1251; x_wconf 79' lang='grc' dir='ltr'><em>δὲ</em></span> <span class='ocrx_word' id='word_1_154' title='bbox 505 1213 643 1251; x_wconf 84' lang='grc' dir='ltr'><em>ταῦτα</em></span> <span class='ocrx_word' id='word_1_155' title='bbox 669 1210 823 1266; x_wconf 81' lang='grc' dir='ltr'><em>τρόπον</em></span> <span class='ocrx_word' id='word_1_156' title='bbox 846 1210 936 1253; x_wconf 78' lang='grc' dir='ltr'><em>τινὰ</em></span> <span class='ocrx_word' id='word_1_157' title='bbox 964 1211 1068 1264; x_wconf 80' lang='grc' dir='ltr'><em>πεζὰ</em></span> <span class='ocrx_word' id='word_1_158' title='bbox 1091 1215 1163 1254; x_wconf 87' lang='grc' dir='ltr'><em>καί</em></span> <span class='ocrx_word' id='word_1_159' title='bbox 1189 1212 1367 1268; x_wconf 83' lang='grc' dir='ltr'><em>ἔνυδρα,</em></span> <span class='ocrx_word' id='word_1_160' title='bbox 1401 1216 1474 1257; x_wconf 81' lang='grc' dir='ltr'><em>καί</em></span> <span class='ocrx_word' id='word_1_161' title='bbox 1498 1231 1572 1256; x_wconf 92' lang='grc' dir='ltr'><strong>πε-</strong></span> 
     </span>
     <span class='ocr_line' id='line_1_18' title="bbox 127 1273 1572 1335; baseline 0.006 -19"><span class='ocrx_word' id='word_1_162' title='bbox 127 1273 179 1326; x_wconf 82' lang='grc' dir='ltr'><strong>ζοὶ</strong></span> <span class='ocrx_word' id='word_1_163' title='bbox 212 1277 290 1329; x_wconf 86' lang='grc' dir='ltr'><em>μὲν</em></span> <span class='ocrx_word' id='word_1_164' title='bbox 329 1275 387 1323; x_wconf 76' lang='grc' dir='ltr'><strong>ὥς</strong></span> <span class='ocrx_word' id='word_1_165' title='bbox 426 1276 531 1329; x_wconf 80' lang='grc' dir='ltr'><em>α’έρα</em></span> <span class='ocrx_word' id='word_1_166' title='bbox 580 1277 805 1329; x_wconf 85' lang='grc' dir='ltr'><em>δεχόμενα,</em></span> <span class='ocrx_word' id='word_1_167' title='bbox 848 1276 1006 1334; x_wconf 80' lang='grc' dir='ltr'><em>ἔνυδρα</em></span> <span class='ocrx_word' id='word_1_168' title='bbox 1057 1281 1103 1321; x_wconf 84' lang='grc' dir='ltr'><em>δὲ</em></span> <span class='ocrx_word' id='word_1_169' title='bbox 1145 1280 1201 1329; x_wconf 67' lang='grc' dir='ltr'><em>αἱς</em></span> <span class='ocrx_word' id='word_1_170' title='bbox 1227 1276 1366 1322; x_wconf 70' lang='grc' dir='ltr'><em>ἄποδα</em></span> <span class='ocrx_word' id='word_1_171' title='bbox 1393 1283 1466 1323; x_wconf 87' lang='grc' dir='ltr'><em>καί</em></span> <span class='ocrx_word' id='word_1_172' title='bbox 1493 1280 1572 1335; x_wconf 83' lang='grc' dir='ltr'><em>τὴν</em></span> 
     </span>
     <span class='ocr_line' id='line_1_19' title="bbox 124 1340 1572 1400; baseline 0.004 -18"><span class='ocrx_word' id='word_1_173' title='bbox 124 1340 285 1398; x_wconf 77' lang='grc' dir='ltr'><em>τροφήν</em></span> <span class='ocrx_word' id='word_1_174' title='bbox 327 1343 373 1384; x_wconf 81' lang='grc' dir='ltr'><strong>ἐκ</strong></span> <span class='ocrx_word' id='word_1_175' title='bbox 417 1344 492 1382; x_wconf 74' lang='grc' dir='ltr'><strong>τοῦ</strong></span> <span class='ocrx_word' id='word_1_176' title='bbox 522 1341 657 1396; x_wconf 74' lang='grc' dir='ltr'><em>ὑγροῦ</em></span> <span class='ocrx_word' id='word_1_177' title='bbox 685 1344 907 1397; x_wconf 87' lang='grc' dir='ltr'><em>δεχόμενα.</em></span> <span class='ocrx_word' id='word_1_178' title='bbox 979 1343 1031 1385; x_wconf 80' lang='grc' dir='ltr'><strong>τὰ</strong></span> <span class='ocrx_word' id='word_1_179' title='bbox 1061 1347 1200 1398; x_wconf 78' lang='grc' dir='ltr'><em>μέντοι</em></span> <span class='ocrx_word' id='word_1_180' title='bbox 1233 1345 1442 1400; x_wconf 80' lang='grc' dir='ltr'><em>μαλάκια,</em></span> <span class='ocrx_word' id='word_1_181' title='bbox 1486 1343 1572 1389; x_wconf 81' lang='grc' dir='ltr'><em>οἷον</em></span> 
     </span>
     <span class='ocr_line' id='line_1_20' title="bbox 118 1406 1570 1467; baseline 0.003 -18"><span class='ocrx_word' id='word_1_182' title='bbox 118 1408 321 1456; x_wconf 69' lang='grc' dir='ltr'><em>’τευθίδες</em></span> <span class='ocrx_word' id='word_1_183' title='bbox 353 1414 530 1462; x_wconf 84' lang='grc' dir='ltr'><em>σηπυῖαι</em></span> <span class='ocrx_word' id='word_1_184' title='bbox 560 1407 633 1451; x_wconf 79' lang='grc' dir='ltr'>καί</span> <span class='ocrx_word' id='word_1_185' title='bbox 668 1406 748 1450; x_wconf 74' lang='grc' dir='ltr'><strong>ὅσα</strong></span> <span class='ocrx_word' id='word_1_186' title='bbox 776 1412 972 1463; x_wconf 80' lang='grc' dir='ltr'><em>τοιαῦτα,</em></span> <span class='ocrx_word' id='word_1_187' title='bbox 1003 1407 1082 1452; x_wconf 78' lang='grc' dir='ltr'><strong>ὅλα</strong></span> <span class='ocrx_word' id='word_1_188' title='bbox 1110 1411 1304 1467; x_wconf 79' lang='grc' dir='ltr'><em>σαρκώδη</em></span> <span class='ocrx_word' id='word_1_189' title='bbox 1333 1414 1406 1454; x_wconf 76' lang='grc' dir='ltr'><em>καί</em></span> <span class='ocrx_word' id='word_1_190' title='bbox 1431 1417 1570 1465; x_wconf 87' lang='grc' dir='ltr'><em>μαλα-</em></span> 
     </span>
    </p>

    <p class='ocr_par' dir='ltr' id='par_1_7' title="bbox 62 1470 1610 1667">
     <span class='ocr_line' id='line_1_21' title="bbox 62 1470 1571 1534; baseline 0.003 -19"><span class='ocrx_word' id='word_1_191' title='bbox 62 1473 176 1526; x_wconf 64' lang='lat' dir='ltr'><strong>gomi</strong></span> <span class='ocrx_word' id='word_1_192' title='bbox 196 1490 206 1501; x_wconf 91' lang='lat'><strong>·</strong></span> <span class='ocrx_word' id='word_1_193' title='bbox 236 1473 336 1516; x_wconf 72' lang='grc' dir='ltr'><em>οὐδὲ</em></span> <span class='ocrx_word' id='word_1_194' title='bbox 363 1473 442 1529; x_wconf 78' lang='grc' dir='ltr'><em>γὰρ</em></span> <span class='ocrx_word' id='word_1_195' title='bbox 480 1470 657 1523; x_wconf 79' lang='grc' dir='ltr'><em>ὀστῶδες</em></span> <span class='ocrx_word' id='word_1_196' title='bbox 686 1474 796 1528; x_wconf 86' lang='grc' dir='ltr'><em>ἔχειν</em></span> <span class='ocrx_word' id='word_1_197' title='bbox 825 1474 974 1530; x_wconf 81' lang='grc' dir='ltr'><em>ἔτυχεν</em></span> <span class='ocrx_word' id='word_1_198' title='bbox 1002 1478 1102 1519; x_wconf 82' lang='grc' dir='ltr'><em>ου’δὲ</em></span> <span class='ocrx_word' id='word_1_199' title='bbox 1129 1475 1278 1533; x_wconf 76' lang='grc' dir='ltr'><em>γεηρὸν</em></span> <span class='ocrx_word' id='word_1_200' title='bbox 1306 1478 1571 1534; x_wconf 85' lang='grc' dir='ltr'><em>α’ποκεκρυμ-</em></span> 
     </span>
     <span class='ocr_line' id='line_1_22' title="bbox 125 1537 1567 1598; baseline 0.003 -17"><span class='ocrx_word' id='word_1_201' title='bbox 125 1541 260 1593; x_wconf 82' lang='grc' dir='ltr'><em>μένον.</em></span> <span class='ocrx_word' id='word_1_202' title='bbox 327 1538 429 1595; x_wconf 88' lang='grc' dir='ltr'><em>πρὸς</em></span> <span class='ocrx_word' id='word_1_203' title='bbox 462 1541 507 1581; x_wconf 84' lang='grc' dir='ltr'><em>δὲ</em></span> <span class='ocrx_word' id='word_1_204' title='bbox 546 1539 591 1582; x_wconf 83' lang='grc' dir='ltr'><strong>τό</strong></span> <span class='ocrx_word' id='word_1_205' title='bbox 623 1540 682 1595; x_wconf 71' lang='grc' dir='ltr'><strong>μὴ</strong></span> <span class='ocrx_word' id='word_1_206' title='bbox 725 1537 970 1598; x_wconf 75' lang='grc' dir='ltr'><em>εὕφθαρτον</em></span> <span class='ocrx_word' id='word_1_207' title='bbox 1010 1539 1116 1585; x_wconf 85' lang='grc' dir='ltr'><em>εἶναι</em></span> <span class='ocrx_word' id='word_1_208' title='bbox 1150 1541 1196 1584; x_wconf 85' lang='grc' dir='ltr'><strong>τὸ</strong></span> <span class='ocrx_word' id='word_1_209' title='bbox 1240 1545 1363 1596; x_wconf 75' lang='grc' dir='ltr'><em>σῶμα</em></span> <span class='ocrx_word' id='word_1_210' title='bbox 1404 1544 1567 1598; x_wconf 72' lang='grc' dir='ltr'><em>αΰτῶν,</em></span> 
     </span>
     <span class='ocr_line' id='line_1_23' title="bbox 126 1603 1610 1667; baseline 0.004 -20"><span class='ocrx_word' id='word_1_211' title='bbox 126 1603 239 1654; x_wconf 69' lang='grc' dir='ltr'><strong>καθὰ</strong></span> <span class='ocrx_word' id='word_1_212' title='bbox 271 1603 323 1662; x_wconf 79' lang='grc' dir='ltr'><em>δὴ</em></span> <span class='ocrx_word' id='word_1_213' title='bbox 369 1604 442 1648; x_wconf 84' lang='grc' dir='ltr'><em>καί</em></span> <span class='ocrx_word' id='word_1_214' title='bbox 475 1604 526 1648; x_wconf 81' lang='grc' dir='ltr'><strong>τὰ</strong></span> <span class='ocrx_word' id='word_1_215' title='bbox 566 1604 784 1664; x_wconf 79' lang='grc' dir='ltr'><em>σαρκώδη,</em></span> <span class='ocrx_word' id='word_1_216' title='bbox 826 1607 979 1661; x_wconf 79' lang='grc' dir='ltr'><em>μεταξὺ</em></span> <span class='ocrx_word' id='word_1_217' title='bbox 1026 1607 1182 1665; x_wconf 79' lang='grc' dir='ltr'><em>σαρκὸς</em></span> <span class='ocrx_word' id='word_1_218' title='bbox 1223 1608 1296 1656; x_wconf 82' lang='grc' dir='ltr'><em>καί</em></span> <span class='ocrx_word' id='word_1_219' title='bbox 1320 1608 1472 1667; x_wconf 80' lang='grc' dir='ltr'><em>νεύρου</em></span> <span class='ocrx_word' id='word_1_220' title='bbox 1496 1609 1610 1667; x_wconf 69' lang='grc' dir='ltr'><em>τῆνο,</em></span> 
     </span>
    </p>
   </div>
   <div class='ocr_carea' id='block_1_3' title="bbox 125 1770 1568 2763">
    <p class='ocr_par' dir='ltr' id='par_1_8' title="bbox 125 1770 1568 2005">
     <span class='ocr_line' id='line_1_24' title="bbox 129 1770 1568 1820; baseline 0.004 -16"><span class='ocrx_word' id='word_1_221' title='bbox 129 1770 204 1805; x_wconf 75' lang='lat' dir='ltr'><strong>dim</strong></span> <span class='ocrx_word' id='word_1_222' title='bbox 233 1775 338 1813; x_wconf 76' lang='lat' dir='ltr'><strong>sunt,</strong></span> <span class='ocrx_word' id='word_1_223' title='bbox 373 1782 448 1806; x_wconf 89' lang='lat' dir='ltr'><strong>non</strong></span> <span class='ocrx_word' id='word_1_224' title='bbox 486 1771 742 1806; x_wconf 78' lang='lat' dir='ltr'>ambulationis</span> <span class='ocrx_word' id='word_1_225' title='bbox 772 1784 876 1807; x_wconf 86' lang='lat' dir='ltr'><strong>causa</strong></span> <span class='ocrx_word' id='word_1_226' title='bbox 916 1774 980 1809; x_wconf 88' lang='lat' dir='ltr'><strong>sed</strong></span> <span class='ocrx_word' id='word_1_227' title='bbox 1005 1773 1266 1819; x_wconf 87' lang='lat' dir='ltr'><strong>prehensionis.</strong></span> <span class='ocrx_word' id='word_1_228' title='bbox 1295 1786 1365 1820; x_wconf 81' lang='lat' dir='ltr'><strong>qun</strong></span> <span class='ocrx_word' id='word_1_229' title='bbox 1391 1775 1435 1808; x_wconf 92' lang='lat' dir='ltr'><strong>de</strong></span> <span class='ocrx_word' id='word_1_230' title='bbox 1461 1786 1568 1810; x_wconf 85' lang='lat' dir='ltr'><strong>causa</strong></span> 
     </span>
     <span class='ocr_line' id='line_1_25' title="bbox 128 1818 1568 1866; baseline 0.003 -15"><span class='ocrx_word' id='word_1_231' title='bbox 128 1818 248 1852; x_wconf 78' lang='lat' dir='ltr'><strong>chelas</strong></span> <span class='ocrx_word' id='word_1_232' title='bbox 286 1818 428 1852; x_wconf 80' lang='lat' dir='ltr'><strong>dextras</strong></span> <span class='ocrx_word' id='word_1_233' title='bbox 464 1821 616 1852; x_wconf 87' lang='lat' dir='ltr'><strong>maiores</strong></span> <span class='ocrx_word' id='word_1_234' title='bbox 658 1820 811 1854; x_wconf 85' lang='lat' dir='ltr'><strong>habent:</strong></span> <span class='ocrx_word' id='word_1_235' title='bbox 846 1832 928 1854; x_wconf 86' lang='lat' dir='ltr'><strong>nam</strong></span> <span class='ocrx_word' id='word_1_236' title='bbox 967 1821 1100 1854; x_wconf 76' lang='lat' dir='ltr'><strong>dextris</strong></span> <span class='ocrx_word' id='word_1_237' title='bbox 1137 1822 1298 1866; x_wconf 73' lang='lat' dir='ltr'><strong>partibus</strong></span> <span class='ocrx_word' id='word_1_238' title='bbox 1323 1822 1376 1855; x_wconf 87' lang='lat' dir='ltr'><strong>uti</strong></span> <span class='ocrx_word' id='word_1_239' title='bbox 1402 1824 1568 1857; x_wconf 77' lang='lat' dir='ltr'><strong>animalia</strong></span> 
     </span>
     <span class='ocr_line' id='line_1_26' title="bbox 126 1866 1567 1910; baseline 0.003 -12"><span class='ocrx_word' id='word_1_240' title='bbox 126 1866 235 1910; x_wconf 81' lang='lat' dir='ltr'><strong>magis</strong></span> <span class='ocrx_word' id='word_1_241' title='bbox 264 1873 536 1900; x_wconf 82' lang='lat' dir='ltr'><strong>consueverunt.</strong></span> <span class='ocrx_word' id='word_1_242' title='bbox 575 1867 620 1899; x_wconf 90' lang='lat' dir='ltr'><strong>de</strong></span> <span class='ocrx_word' id='word_1_243' title='bbox 648 1866 702 1900; x_wconf 82' lang='lat' dir='ltr'><strong>his</strong></span> <span class='ocrx_word' id='word_1_244' title='bbox 735 1873 834 1900; x_wconf 80' lang='lat' dir='ltr'><strong>vates</strong></span> <span class='ocrx_word' id='word_1_245' title='bbox 868 1869 931 1904; x_wconf 86' lang='lat' dir='ltr'><strong>ille</strong></span> <span class='ocrx_word' id='word_1_246' title='bbox 958 1868 1111 1901; x_wconf 80' lang='lat' dir='ltr'><strong>Davides</strong></span> <span class='ocrx_word' id='word_1_247' title='bbox 1147 1869 1200 1901; x_wconf 84' lang='lat' dir='ltr'><strong>ait</strong></span> <span class='ocrx_word' id='word_1_248' title='bbox 1222 1869 1390 1909; x_wconf 80' lang='lat' dir='ltr'><strong>„semitas</strong></span> <span class='ocrx_word' id='word_1_249' title='bbox 1416 1871 1567 1904; x_wconf 85' lang='lat' dir='ltr'><strong>marium</strong></span> 
     </span>
     <span class='ocr_line' id='line_1_27' title="bbox 125 1914 1567 1960; baseline 0.004 -15"><span class='ocrx_word' id='word_1_250' title='bbox 125 1914 342 1958; x_wconf 85' lang='lat' dir='ltr'><strong>permeant.&#39;&#39;</strong></span> <span class='ocrx_word' id='word_1_251' title='bbox 366 1914 509 1958; x_wconf 77' lang='lat' dir='ltr'>sepiae,</span> <span class='ocrx_word' id='word_1_252' title='bbox 536 1914 717 1958; x_wconf 85' lang='lat' dir='ltr'><strong>loligines,</strong></span> <span class='ocrx_word' id='word_1_253' title='bbox 744 1915 869 1960; x_wconf 85' lang='lat' dir='ltr'>polypi</span> <span class='ocrx_word' id='word_1_254' title='bbox 890 1914 1000 1960; x_wconf 85' lang='lat' dir='ltr'><strong>pedes</strong></span> <span class='ocrx_word' id='word_1_255' title='bbox 1027 1915 1155 1959; x_wconf 81' lang='lat' dir='ltr'><strong>singuli</strong></span> <span class='ocrx_word' id='word_1_256' title='bbox 1182 1921 1329 1949; x_wconf 86' lang='lat' dir='ltr'><strong>octonos</strong></span> <span class='ocrx_word' id='word_1_257' title='bbox 1359 1916 1505 1958; x_wconf 86' lang='lat' dir='ltr'><strong>habent,</strong></span> <span class='ocrx_word' id='word_1_258' title='bbox 1530 1923 1567 1951; x_wconf 88' lang='lat' dir='ltr'><strong>et</strong></span> 
     </span>
     <span class='ocr_line' id='line_1_28' title="bbox 126 1959 641 2005; baseline 0.002 -13"><span class='ocrx_word' id='word_1_259' title='bbox 126 1960 297 1993; x_wconf 82' lang='lat' dir='ltr'><strong>maximos</strong></span> <span class='ocrx_word' id='word_1_260' title='bbox 322 1959 450 1993; x_wconf 72' lang='lat' dir='ltr'><strong>horum</strong></span> <span class='ocrx_word' id='word_1_261' title='bbox 478 1962 641 2005; x_wconf 86' lang='lat' dir='ltr'><strong>polypus.</strong></span> 
     </span>
    </p>

    <p class='ocr_par' dir='ltr' id='par_1_9' title="bbox 125 2008 1567 2763">
     <span class='ocr_line' id='line_1_29' title="bbox 221 2008 1567 2053; baseline 0.004 -13"><span class='ocrx_word' id='word_1_262' title='bbox 221 2008 335 2040; x_wconf 77' lang='lat' dir='ltr'><strong>Etiam</strong></span> <span class='ocrx_word' id='word_1_263' title='bbox 363 2019 425 2040; x_wconf 89' lang='lat' dir='ltr'><strong>ora</strong></span> <span class='ocrx_word' id='word_1_264' title='bbox 458 2008 595 2041; x_wconf 84' lang='lat' dir='ltr'><strong>diversa</strong></span> <span class='ocrx_word' id='word_1_265' title='bbox 630 2008 744 2053; x_wconf 82' lang='lat' dir='ltr'><strong>pisces</strong></span> <span class='ocrx_word' id='word_1_266' title='bbox 780 2008 926 2041; x_wconf 79' lang='lat' dir='ltr'><strong>habent.</strong></span> <span class='ocrx_word' id='word_1_267' title='bbox 950 2020 1031 2041; x_wconf 86' lang='lat' dir='ltr'><strong>nam</strong></span> <span class='ocrx_word' id='word_1_268' title='bbox 1064 2009 1145 2042; x_wconf 86' lang='lat' dir='ltr'><strong>aliis</strong></span> <span class='ocrx_word' id='word_1_269' title='bbox 1171 2019 1211 2042; x_wconf 87' lang='lat' dir='ltr'><strong>os</strong></span> <span class='ocrx_word' id='word_1_270' title='bbox 1236 2008 1421 2043; x_wconf 87' lang='lat' dir='ltr'><strong>adversum</strong></span> <span class='ocrx_word' id='word_1_271' title='bbox 1448 2017 1502 2044; x_wconf 85' lang='lat' dir='ltr'><strong>est</strong></span> <span class='ocrx_word' id='word_1_272' title='bbox 1529 2016 1567 2045; x_wconf 81' lang='lat' dir='ltr'><strong>et</strong></span> 
     </span>
     <span class='ocr_line' id='line_1_30' title="bbox 127 2055 1567 2102; baseline 0.003 -16"><span class='ocrx_word' id='word_1_273' title='bbox 127 2055 297 2088; x_wconf 80' lang='lat' dir='ltr'><strong>anteriori</strong></span> <span class='ocrx_word' id='word_1_274' title='bbox 323 2065 342 2087; x_wconf 88' lang='lat' dir='ltr'><strong>a</strong></span> <span class='ocrx_word' id='word_1_275' title='bbox 368 2059 491 2099; x_wconf 88' lang='lat' dir='ltr'><strong>parte,</strong></span> <span class='ocrx_word' id='word_1_276' title='bbox 517 2067 594 2087; x_wconf 88' lang='lat' dir='ltr'><strong>cum</strong></span> <span class='ocrx_word' id='word_1_277' title='bbox 615 2056 692 2088; x_wconf 87' lang='lat' dir='ltr'><strong>aliis</strong></span> <span class='ocrx_word' id='word_1_278' title='bbox 717 2056 764 2088; x_wconf 86' lang='lat' dir='ltr'><strong>sit</strong></span> <span class='ocrx_word' id='word_1_279' title='bbox 788 2056 975 2100; x_wconf 71' lang='lat' dir='ltr'><strong>supinum,</strong></span> <span class='ocrx_word' id='word_1_280' title='bbox 1004 2057 1103 2089; x_wconf 88' lang='lat' dir='ltr'><strong>cuius</strong></span> <span class='ocrx_word' id='word_1_281' title='bbox 1128 2057 1266 2101; x_wconf 84' lang='lat' dir='ltr'><strong>generis</strong></span> <span class='ocrx_word' id='word_1_282' title='bbox 1293 2057 1457 2102; x_wconf 81' lang='lat' dir='ltr'><strong>delphini</strong></span> <span class='ocrx_word' id='word_1_283' title='bbox 1482 2063 1567 2091; x_wconf 80' lang='lat' dir='ltr'><strong>sunt</strong></span> 
     </span>
     <span class='ocr_line' id='line_1_31' title="bbox 127 2100 1566 2150; baseline 0.003 -16"><span class='ocrx_word' id='word_1_284' title='bbox 127 2107 165 2134; x_wconf 86' lang='lat' dir='ltr'><strong>et</strong></span> <span class='ocrx_word' id='word_1_285' title='bbox 191 2101 469 2146; x_wconf 76' lang='lat' dir='ltr'><strong>cartilaginatae.</strong></span> <span class='ocrx_word' id='word_1_286' title='bbox 498 2108 685 2148; x_wconf 84' lang='lat' dir='ltr'><strong>propterea</strong></span> <span class='ocrx_word' id='word_1_287' title='bbox 710 2103 830 2148; x_wconf 88' lang='lat' dir='ltr'><strong>supini</strong></span> <span class='ocrx_word' id='word_1_288' title='bbox 857 2103 1114 2136; x_wconf 83' lang='lat' dir='ltr'><strong>nutrimentum</strong></span> <span class='ocrx_word' id='word_1_289' title='bbox 1140 2103 1298 2148; x_wconf 86' lang='lat' dir='ltr'><strong>capiunt.</strong></span> <span class='ocrx_word' id='word_1_290' title='bbox 1321 2100 1430 2138; x_wconf 80' lang='lat' dir='ltr'><strong>testes</strong></span> <span class='ocrx_word' id='word_1_291' title='bbox 1454 2106 1566 2150; x_wconf 89' lang='lat' dir='ltr'><strong>pisci-</strong></span> 
     </span>
     <span class='ocr_line' id='line_1_32' title="bbox 125 2148 1566 2191; baseline 0.003 -11"><span class='ocrx_word' id='word_1_292' title='bbox 125 2160 186 2180; x_wconf 87' lang='lat' dir='ltr'><strong>um</strong></span> <span class='ocrx_word' id='word_1_293' title='bbox 223 2149 346 2183; x_wconf 90' lang='lat' dir='ltr'><strong>nullus</strong></span> <span class='ocrx_word' id='word_1_294' title='bbox 381 2148 514 2190; x_wconf 86' lang='lat' dir='ltr'><strong>habet,</strong></span> <span class='ocrx_word' id='word_1_295' title='bbox 546 2161 614 2189; x_wconf 86' lang='lat' dir='ltr'><strong>nec</strong></span> <span class='ocrx_word' id='word_1_296' title='bbox 653 2150 749 2183; x_wconf 87' lang='lat' dir='ltr'><strong>intus</strong></span> <span class='ocrx_word' id='word_1_297' title='bbox 789 2161 856 2182; x_wconf 88' lang='lat' dir='ltr'><strong>nec</strong></span> <span class='ocrx_word' id='word_1_298' title='bbox 881 2149 988 2191; x_wconf 88' lang='lat' dir='ltr'><strong>foris,</strong></span> <span class='ocrx_word' id='word_1_299' title='bbox 1014 2156 1054 2182; x_wconf 86' lang='lat' dir='ltr'><strong>ut</strong></span> <span class='ocrx_word' id='word_1_300' title='bbox 1078 2150 1212 2183; x_wconf 87' lang='lat' dir='ltr'><strong>eisdem</strong></span> <span class='ocrx_word' id='word_1_301' title='bbox 1236 2152 1403 2184; x_wconf 85' lang='lat' dir='ltr'><strong>animalia</strong></span> <span class='ocrx_word' id='word_1_302' title='bbox 1427 2158 1566 2186; x_wconf 75' lang='lat' dir='ltr'><strong>caetera</strong></span> 
     </span>
     <span class='ocr_line' id='line_1_33' title="bbox 127 2196 1566 2242; baseline 0.003 -15"><span class='ocrx_word' id='word_1_303' title='bbox 127 2206 274 2242; x_wconf 88' lang='lat' dir='ltr'><strong>quoque</strong></span> <span class='ocrx_word' id='word_1_304' title='bbox 311 2202 457 2237; x_wconf 83' lang='lat' dir='ltr'><strong>carent,</strong></span> <span class='ocrx_word' id='word_1_305' title='bbox 499 2208 736 2242; x_wconf 87' lang='lat' dir='ltr'><strong>quaecunque</strong></span> <span class='ocrx_word' id='word_1_306' title='bbox 778 2208 797 2228; x_wconf 92' lang='lat' dir='ltr'><strong>a</strong></span> <span class='ocrx_word' id='word_1_307' title='bbox 834 2196 985 2242; x_wconf 88' lang='lat' dir='ltr'><strong>pedibus</strong></span> <span class='ocrx_word' id='word_1_308' title='bbox 1019 2196 1280 2239; x_wconf 82' lang='lat' dir='ltr'><strong>destituuntur,</strong></span> <span class='ocrx_word' id='word_1_309' title='bbox 1312 2203 1348 2232; x_wconf 82' lang='lat' dir='ltr'><strong>et</strong></span> <span class='ocrx_word' id='word_1_310' title='bbox 1372 2199 1467 2232; x_wconf 86' lang='lat' dir='ltr'><strong>inter</strong></span> <span class='ocrx_word' id='word_1_311' title='bbox 1493 2201 1566 2232; x_wconf 83' lang='lat' dir='ltr'><strong>alia</strong></span> 
     </span>
     <span class='ocr_line' id='line_1_34' title="bbox 127 2243 1565 2290; baseline 0.002 -15"><span class='ocrx_word' id='word_1_312' title='bbox 127 2249 323 2287; x_wconf 84' lang='lat' dir='ltr'><strong>serpentes.</strong></span> <span class='ocrx_word' id='word_1_313' title='bbox 359 2243 542 2288; x_wconf 86' lang='lat' dir='ltr'><strong>delphini,</strong></span> <span class='ocrx_word' id='word_1_314' title='bbox 577 2244 772 2284; x_wconf 80' lang='lat' dir='ltr'><strong>balaenae,</strong></span> <span class='ocrx_word' id='word_1_315' title='bbox 807 2250 843 2277; x_wconf 89' lang='lat' dir='ltr'><strong>et</strong></span> <span class='ocrx_word' id='word_1_316' title='bbox 866 2244 984 2277; x_wconf 87' lang='lat' dir='ltr'><strong>omnia</strong></span> <span class='ocrx_word' id='word_1_317' title='bbox 1020 2255 1112 2288; x_wconf 81' lang='lat' dir='ltr'><strong>quae</strong></span> <span class='ocrx_word' id='word_1_318' title='bbox 1141 2246 1276 2278; x_wconf 76' lang='lat' dir='ltr'><strong>cetacei</strong></span> <span class='ocrx_word' id='word_1_319' title='bbox 1300 2251 1384 2280; x_wconf 86' lang='lat' dir='ltr'><strong>sunt</strong></span> <span class='ocrx_word' id='word_1_320' title='bbox 1409 2248 1565 2290; x_wconf 77' lang='lat' dir='ltr'><strong>generis,</strong></span> 
     </span>
     <span class='ocr_line' id='line_1_35' title="bbox 125 2288 1563 2338; baseline 0.003 -16"><span class='ocrx_word' id='word_1_321' title='bbox 125 2288 314 2323; x_wconf 80' lang='lat' dir='ltr'><strong>branchias</strong></span> <span class='ocrx_word' id='word_1_322' title='bbox 349 2291 467 2330; x_wconf 83' lang='lat' dir='ltr'><strong>nullas</strong></span> <span class='ocrx_word' id='word_1_323' title='bbox 502 2290 656 2332; x_wconf 86' lang='lat' dir='ltr'><strong>habent,</strong></span> <span class='ocrx_word' id='word_1_324' title='bbox 698 2290 761 2325; x_wconf 85' lang='lat' dir='ltr'><strong>sed</strong></span> <span class='ocrx_word' id='word_1_325' title='bbox 786 2292 862 2324; x_wconf 90' lang='lat' dir='ltr'><strong>eius</strong></span> <span class='ocrx_word' id='word_1_326' title='bbox 895 2291 975 2324; x_wconf 90' lang='lat' dir='ltr'><strong>loco</strong></span> <span class='ocrx_word' id='word_1_327' title='bbox 1002 2291 1126 2324; x_wconf 78' lang='lat' dir='ltr'><strong>tibiam</strong></span> <span class='ocrx_word' id='word_1_328' title='bbox 1153 2292 1255 2336; x_wconf 87' lang='lat' dir='ltr'><strong>quasi</strong></span> <span class='ocrx_word' id='word_1_329' title='bbox 1282 2293 1481 2338; x_wconf 70' lang='lat' dir='ltr'><strong>quandam,</strong></span> <span class='ocrx_word' id='word_1_330' title='bbox 1512 2295 1563 2326; x_wconf 67' lang='lat' dir='ltr'><strong>uti</strong></span> 
     </span>
     <span class='ocr_line' id='line_1_36' title="bbox 125 2337 1564 2383; baseline 0.001 -14"><span class='ocrx_word' id='word_1_331' title='bbox 125 2337 298 2383; x_wconf 87' lang='lat' dir='ltr'><strong>pulmone</strong></span> <span class='ocrx_word' id='word_1_332' title='bbox 326 2337 502 2382; x_wconf 85' lang='lat' dir='ltr'><strong>praedita.</strong></span> <span class='ocrx_word' id='word_1_333' title='bbox 538 2339 673 2383; x_wconf 83' lang='lat' dir='ltr'><strong>quippe</strong></span> <span class='ocrx_word' id='word_1_334' title='bbox 711 2349 784 2372; x_wconf 88' lang='lat' dir='ltr'><strong>non</strong></span> <span class='ocrx_word' id='word_1_335' title='bbox 818 2337 1071 2382; x_wconf 80' lang='lat' dir='ltr'><strong>respirantibus</strong></span> <span class='ocrx_word' id='word_1_336' title='bbox 1105 2339 1213 2372; x_wconf 84' lang='lat' dir='ltr'><strong>utiles</strong></span> <span class='ocrx_word' id='word_1_337' title='bbox 1241 2345 1325 2373; x_wconf 86' lang='lat' dir='ltr'><strong>sunt</strong></span> <span class='ocrx_word' id='word_1_338' title='bbox 1349 2340 1564 2380; x_wconf 76' lang='lat' dir='ltr'><strong>branchiae,</strong></span> 
     </span>
     <span class='ocr_line' id='line_1_37' title="bbox 127 2385 1563 2430; baseline 0.002 -14"><span class='ocrx_word' id='word_1_339' title='bbox 127 2394 216 2430; x_wconf 85' lang='lat' dir='ltr'><strong>quas</strong></span> <span class='ocrx_word' id='word_1_340' title='bbox 234 2389 275 2417; x_wconf 88' lang='lat' dir='ltr'><strong>ut</strong></span> <span class='ocrx_word' id='word_1_341' title='bbox 295 2385 401 2430; x_wconf 85' lang='lat' dir='ltr'><strong>piscis</strong></span> <span class='ocrx_word' id='word_1_342' title='bbox 427 2385 556 2430; x_wconf 86' lang='lat' dir='ltr'><strong>aliquis</strong></span> <span class='ocrx_word' id='word_1_343' title='bbox 580 2385 711 2419; x_wconf 84' lang='lat' dir='ltr'><strong>habeat</strong></span> <span class='ocrx_word' id='word_1_344' title='bbox 737 2385 915 2430; x_wconf 85' lang='lat' dir='ltr'><strong>simulque</strong></span> <span class='ocrx_word' id='word_1_345' title='bbox 940 2386 1174 2430; x_wconf 73' lang='lat' dir='ltr'><strong>respiratione</strong></span> <span class='ocrx_word' id='word_1_346' title='bbox 1197 2391 1330 2427; x_wconf 79' lang='lat' dir='ltr'><strong>utatur,</strong></span> <span class='ocrx_word' id='word_1_347' title='bbox 1360 2388 1436 2420; x_wconf 84' lang='lat' dir='ltr'><strong>fieri</strong></span> <span class='ocrx_word' id='word_1_348' title='bbox 1461 2388 1563 2420; x_wconf 87' lang='lat' dir='ltr'><strong>nullo</strong></span> 
     </span>
     <span class='ocr_line' id='line_1_38' title="bbox 126 2429 1564 2478; baseline 0.003 -15"><span class='ocrx_word' id='word_1_349' title='bbox 126 2429 234 2464; x_wconf 85' lang='lat' dir='ltr'><strong>modo</strong></span> <span class='ocrx_word' id='word_1_350' title='bbox 258 2437 389 2476; x_wconf 83' lang='lat' dir='ltr'><strong>potest.</strong></span> <span class='ocrx_word' id='word_1_351' title='bbox 420 2437 456 2465; x_wconf 88' lang='lat' dir='ltr'><strong>et</strong></span> <span class='ocrx_word' id='word_1_352' title='bbox 480 2438 564 2465; x_wconf 85' lang='lat' dir='ltr'><strong>sunt</strong></span> <span class='ocrx_word' id='word_1_353' title='bbox 588 2444 671 2466; x_wconf 89' lang='lat' dir='ltr'><strong>sane</strong></span> <span class='ocrx_word' id='word_1_354' title='bbox 695 2433 827 2466; x_wconf 84' lang='lat' dir='ltr'><strong>cetacei</strong></span> <span class='ocrx_word' id='word_1_355' title='bbox 857 2433 971 2477; x_wconf 86' lang='lat' dir='ltr'><strong>pisces</strong></span> <span class='ocrx_word' id='word_1_356' title='bbox 994 2432 1099 2465; x_wconf 86' lang='lat' dir='ltr'><strong>modo</strong></span> <span class='ocrx_word' id='word_1_357' title='bbox 1130 2432 1285 2478; x_wconf 86' lang='lat' dir='ltr'><strong>quodam</strong></span> <span class='ocrx_word' id='word_1_358' title='bbox 1313 2439 1349 2467; x_wconf 89' lang='lat' dir='ltr'><strong>et</strong></span> <span class='ocrx_word' id='word_1_359' title='bbox 1377 2441 1564 2467; x_wconf 81' lang='lat' dir='ltr'><strong>terrestres</strong></span> 
     </span>
     <span class='ocr_line' id='line_1_39' title="bbox 129 2478 1564 2526; baseline 0.003 -16"><span class='ocrx_word' id='word_1_360' title='bbox 129 2483 167 2510; x_wconf 84' lang='lat' dir='ltr'><strong>et</strong></span> <span class='ocrx_word' id='word_1_361' title='bbox 190 2479 367 2522; x_wconf 83' lang='lat' dir='ltr'><strong>aquatiles</strong></span> <span class='ocrx_word' id='word_1_362' title='bbox 402 2478 558 2520; x_wconf 77' lang='lat' dir='ltr'><strong>bestiae,</strong></span> <span class='ocrx_word' id='word_1_363' title='bbox 579 2485 783 2520; x_wconf 79' lang='lat' dir='ltr'><strong>terrestres,</strong></span> <span class='ocrx_word' id='word_1_364' title='bbox 810 2479 907 2524; x_wconf 86' lang='lat' dir='ltr'><strong>quod</strong></span> <span class='ocrx_word' id='word_1_365' title='bbox 928 2483 1008 2514; x_wconf 68' lang='lat' dir='ltr'><strong>aei-a</strong></span> <span class='ocrx_word' id='word_1_366' title='bbox 1029 2480 1217 2524; x_wconf 77' lang='lat' dir='ltr'><strong>recipiant,</strong></span> <span class='ocrx_word' id='word_1_367' title='bbox 1248 2482 1437 2526; x_wconf 85' lang='lat' dir='ltr'><strong>aquatiles,</strong></span> <span class='ocrx_word' id='word_1_368' title='bbox 1466 2481 1564 2526; x_wconf 87' lang='lat' dir='ltr'><strong>quod</strong></span> 
     </span>
     <span class='ocr_line' id='line_1_40' title="bbox 127 2523 1564 2572; baseline 0.003 -15"><span class='ocrx_word' id='word_1_369' title='bbox 127 2523 280 2569; x_wconf 85' lang='lat' dir='ltr'><strong>pedibus</strong></span> <span class='ocrx_word' id='word_1_370' title='bbox 317 2531 461 2559; x_wconf 84' lang='lat' dir='ltr'><strong>careant</strong></span> <span class='ocrx_word' id='word_1_371' title='bbox 500 2531 536 2559; x_wconf 90' lang='lat' dir='ltr'><strong>et</strong></span> <span class='ocrx_word' id='word_1_372' title='bbox 568 2527 774 2560; x_wconf 76' lang='lat' dir='ltr'><strong>alimentum</strong></span> <span class='ocrx_word' id='word_1_373' title='bbox 812 2538 914 2559; x_wconf 83' lang='lat' dir='ltr'><strong>suum</strong></span> <span class='ocrx_word' id='word_1_374' title='bbox 952 2537 995 2558; x_wconf 81' lang='lat' dir='ltr'><strong>ex</strong></span> <span class='ocrx_word' id='word_1_375' title='bbox 1027 2526 1176 2560; x_wconf 88' lang='lat' dir='ltr'><strong>humido</strong></span> <span class='ocrx_word' id='word_1_376' title='bbox 1215 2534 1366 2560; x_wconf 87' lang='lat' dir='ltr'><strong>sumant.</strong></span> <span class='ocrx_word' id='word_1_377' title='bbox 1392 2529 1452 2572; x_wconf 88' lang='lat' dir='ltr'><strong>qui</strong></span> <span class='ocrx_word' id='word_1_378' title='bbox 1481 2533 1564 2561; x_wconf 84' lang='lat' dir='ltr'><strong>cute</strong></span> 
     </span>
     <span class='ocr_line' id='line_1_41' title="bbox 127 2571 1565 2618; baseline 0.004 -15"><span class='ocrx_word' id='word_1_379' title='bbox 127 2571 254 2605; x_wconf 83' lang='lat' dir='ltr'><strong>molles</strong></span> <span class='ocrx_word' id='word_1_380' title='bbox 289 2578 392 2613; x_wconf 88' lang='lat' dir='ltr'><strong>sunt,</strong></span> <span class='ocrx_word' id='word_1_381' title='bbox 423 2572 524 2605; x_wconf 86' lang='lat' dir='ltr'><strong>verbi</strong></span> <span class='ocrx_word' id='word_1_382' title='bbox 560 2575 671 2618; x_wconf 74' lang='lat' dir='ltr'><strong>gratia</strong></span> <span class='ocrx_word' id='word_1_383' title='bbox 705 2573 871 2617; x_wconf 82' lang='lat' dir='ltr'><strong>loligines</strong></span> <span class='ocrx_word' id='word_1_384' title='bbox 914 2573 1033 2618; x_wconf 86' lang='lat' dir='ltr'><strong>sepiae</strong></span> <span class='ocrx_word' id='word_1_385' title='bbox 1068 2580 1104 2607; x_wconf 88' lang='lat' dir='ltr'><strong>et</strong></span> <span class='ocrx_word' id='word_1_386' title='bbox 1139 2574 1203 2607; x_wconf 81' lang='lat' dir='ltr'><strong>alii</strong></span> <span class='ocrx_word' id='word_1_387' title='bbox 1235 2575 1345 2614; x_wconf 83' lang='lat' dir='ltr'><strong>tales,</strong></span> <span class='ocrx_word' id='word_1_388' title='bbox 1387 2575 1455 2608; x_wconf 87' lang='lat' dir='ltr'><strong>toti</strong></span> <span class='ocrx_word' id='word_1_389' title='bbox 1480 2581 1565 2609; x_wconf 82' lang='lat' dir='ltr'><strong>sunt</strong></span> 
     </span>
     <span class='ocr_line' id='line_1_42' title="bbox 130 2619 1564 2665; baseline 0.003 -15"><span class='ocrx_word' id='word_1_390' title='bbox 130 2619 250 2652; x_wconf 85' lang='lat' dir='ltr'><strong>carnei</strong></span> <span class='ocrx_word' id='word_1_391' title='bbox 279 2625 386 2665; x_wconf 82' lang='lat' dir='ltr'><strong>atque</strong></span> <span class='ocrx_word' id='word_1_392' title='bbox 409 2620 558 2653; x_wconf 87' lang='lat' dir='ltr'><strong>molles:</strong></span> <span class='ocrx_word' id='word_1_393' title='bbox 584 2621 673 2654; x_wconf 89' lang='lat' dir='ltr'><strong>nihil</strong></span> <span class='ocrx_word' id='word_1_394' title='bbox 693 2621 787 2653; x_wconf 88' lang='lat' dir='ltr'><strong>enim</strong></span> <span class='ocrx_word' id='word_1_395' title='bbox 806 2631 944 2653; x_wconf 79' lang='lat' dir='ltr'><strong>osseum</strong></span> <span class='ocrx_word' id='word_1_396' title='bbox 972 2632 1011 2653; x_wconf 89' lang='lat' dir='ltr'><strong>ac</strong></span> <span class='ocrx_word' id='word_1_397' title='bbox 1035 2625 1215 2654; x_wconf 83' lang='lat' dir='ltr'><strong>terrenum</strong></span> <span class='ocrx_word' id='word_1_398' title='bbox 1241 2621 1373 2654; x_wconf 86' lang='lat' dir='ltr'><strong>alicubi</strong></span> <span class='ocrx_word' id='word_1_399' title='bbox 1400 2621 1564 2655; x_wconf 84' lang='lat' dir='ltr'><strong>abditum</strong></span> 
     </span>
     <span class='ocr_line' id='line_1_43' title="bbox 129 2664 1564 2713; baseline 0.003 -17"><span class='ocrx_word' id='word_1_400' title='bbox 129 2664 274 2700; x_wconf 86' lang='lat' dir='ltr'><strong>habent.</strong></span> <span class='ocrx_word' id='word_1_401' title='bbox 314 2673 354 2700; x_wconf 82' lang='lat' dir='ltr'><strong>ut</strong></span> <span class='ocrx_word' id='word_1_402' title='bbox 386 2673 505 2700; x_wconf 88' lang='lat' dir='ltr'><strong>autem</strong></span> <span class='ocrx_word' id='word_1_403' title='bbox 542 2678 668 2713; x_wconf 89' lang='lat' dir='ltr'><strong>corpus</strong></span> <span class='ocrx_word' id='word_1_404' title='bbox 700 2679 821 2700; x_wconf 87' lang='lat' dir='ltr'><strong>eorum</strong></span> <span class='ocrx_word' id='word_1_405' title='bbox 856 2679 929 2701; x_wconf 89' lang='lat' dir='ltr'><strong>non</strong></span> <span class='ocrx_word' id='word_1_406' title='bbox 953 2666 1058 2701; x_wconf 81' lang='lat' dir='ltr'><strong>facile</strong></span> <span class='ocrx_word' id='word_1_407' title='bbox 1087 2669 1132 2702; x_wconf 87' lang='lat' dir='ltr'><strong>sit</strong></span> <span class='ocrx_word' id='word_1_408' title='bbox 1156 2667 1352 2701; x_wconf 87' lang='lat' dir='ltr'><strong>obnoxium</strong></span> <span class='ocrx_word' id='word_1_409' title='bbox 1375 2669 1564 2709; x_wconf 82' lang='lat' dir='ltr'><strong>intercidi,</strong></span> 
     </span>
     <span class='ocr_line' id='line_1_44' title="bbox 132 2711 1565 2763; baseline 0.003 -19"><span class='ocrx_word' id='word_1_410' title='bbox 132 2711 230 2763; x_wconf 77' lang='lat' dir='ltr'><strong>quod</strong></span> <span class='ocrx_word' id='word_1_411' title='bbox 266 2714 401 2747; x_wconf 79' lang='lat' dir='ltr'><strong>carneis</strong></span> <span class='ocrx_word' id='word_1_412' title='bbox 441 2715 629 2749; x_wconf 82' lang='lat' dir='ltr'><strong>usuvenire</strong></span> <span class='ocrx_word' id='word_1_413' title='bbox 670 2715 778 2756; x_wconf 84' lang='lat' dir='ltr'><strong>solet,</strong></span> <span class='ocrx_word' id='word_1_414' title='bbox 810 2715 950 2750; x_wconf 84' lang='lat' dir='ltr'><strong>mistam</strong></span> <span class='ocrx_word' id='word_1_415' title='bbox 983 2727 1062 2750; x_wconf 85' lang='lat' dir='ltr'><strong>cum</strong></span> <span class='ocrx_word' id='word_1_416' title='bbox 1087 2726 1191 2749; x_wconf 87' lang='lat' dir='ltr'><strong>carne</strong></span> <span class='ocrx_word' id='word_1_417' title='bbox 1215 2720 1376 2750; x_wconf 84' lang='lat' dir='ltr'><strong>naturam</strong></span> <span class='ocrx_word' id='word_1_418' title='bbox 1402 2727 1565 2753; x_wconf 79' lang='lat' dir='ltr'><strong>nerveam</strong></span> 
     </span>
    </p>
   </div>
  </div>
 </body>
</html>
