1826 3120
242 127 354 193 304
694 140 978 184 mchAssms
1018 142 1231 184 GLYCAE

241 245 312 287 καὶ
338 245 523 286 τοιοῦτον
552 258 591 284 τι
620 242 874 283 πεπόνθασιν
903 238 1041 283 ὄποῖον
1070 240 1151 283 ‹inf›
1178 243 1316 296 χαρᾶς
1346 242 1367 283 ὁ
1395 242 1564 298 Ἰακώβ,
1592 242 1680 299 ἡνί-

241 328 293 352 κα
323 307 535 352 κατελθών
578 309 638 358 εἰς
664 305 881 361 Αἴγυπτον
918 307 985 349 τὸν
1009 306 1172 364 Ἰωσήφ
1203 305 1434 350 ἐθεάσατο·
1490 307 1573 352 ἀπὸ
1600 313 1679 362 μὲν

238 376 318 431 γὰρ
358 377 429 430 τῆς
466 376 604 429 χαρᾶς
643 371 860 427 διάχυσις,
900 371 980 415 ἀπὸ
1026 376 1072 415 δὲ
1118 374 1192 415 τοῦ
1217 371 1354 428 φόβου
1385 375 1578 424 σύνευσις
1605 377 1679 429 τῆς

241 439 522 495 ζωογονούσης
559 437 668 494 ἡμᾶς
711 438 926 492 δυνάμεως
962 441 1142 493 γίνεται,
1184 440 1256 480 καί
1291 435 1423 488 οὕτως
1463 436 1492 495 ἢ
1514 432 1680 489 ἐκείνως

242 505 352 548 ἔστιν
386 501 454 547 ὅτε
479 504 501 546 ὁ
532 503 712 553 θάνατος
741 505 784 555 ἐξ
812 505 989 559 α’νοίγκης
1007 509 1166 546 ἕπεται.
1221 503 1324 558 μετὰ
1355 505 1401 546 δὲ
1427 502 1473 546 τὸ
1499 507 1716 562 πἐρᾶσαι5

237 572 462 626 τηνικαῦτα
503 573 637 626 χωρίς
681 566 819 612 ὅπλων
859 568 1130 626 τὴνἾεριχώ
1170 569 1493 627 κεκρατήκασιν·
1547 569 1616 627 ἐφ’
1645 564 1680 628 ᾧ

238 636 309 678 καί
334 635 640 690 ἀνεθεμάτισαν
669 633 823 691 αὕτήν,
853 638 1038 678 τουτέστι
1058 639 1118 694 τῷ
1145 639 1230 695 θεῷ
1262 638 1515 692 οἷφιέρωσαν.
1537 630 1695 691 Ἄχαρ,

239 701 384 744 λοιπὸν
423 702 445 743 ὅ
476 704 551 744 τοῦ
589 704 752 756 Χαρμῆ
788 701 870 743 οἷπό
897 704 980 744 τῶν
1028 704 1444 755 οἶναθεματισθέντων
1469 702 1525 760 τῷ
1550 702 1690 760 κυρίῳ.

240 767 387 822 στολήν
413 784 504 809 τινα
532 770 607 809 καί
631 768 771 820 μᾶζαν
797 770 963 821 χρυσῆν
993 766 1261 822 α’ποσυλήσας
1288 767 1361 809 τὸν
1391 765 1492 810 θεὸν
1521 766 1580 816 εἷς
1607 765 1681 822 ὄρ-

205 832 315 888 Βγὴν
343 829 481 888 ἤγειρε
499 848 508 858 ·
546 832 705 888 δεηθείς
735 828 808 874 οὖν
837 833 859 874 ὁ
884 834 1051 889 Ἰησοῦς
1081 837 1158 876 τοῦ
1176 835 1300 886 θεοῦ,
1330 835 1401 874 καί
1426 829 1579 886 μαθών
1606 828 1742 880 τὸνιο

240 902 312 954 τῆς
340 897 465 954 ὄργῆς
486 897 643 953 αἴτιον,
693 897 828 947 λίθοις
858 898 984 941 αὐτὸν
1011 899 1180 941 πανοικὶ
1206 902 1457 952 κατέχωσαν.
1511 899 1556 940 ἐν
1586 895 1681 941 τού-

237 982 292 1023 τῳ
339 967 385 1006 δὲ
418 966 475 1022 τῷ
509 962 611 1006 κατὰ
642 964 717 1018 τῆς
739 960 908 1019 Ἶεριχώ
943 967 1106 1023 πολέμῳ
1150 964 1283 1020 ἀρχὴν
1322 964 1444 1017 ἔλαβε
1478 962 1678 1016 καταλύε-

237 1028 342 1072 σθαι
376 1029 423 1072 τὸ
468 1030 706 1084 σάββατον·
778 1028 882 1071 ἑπτα
913 1030 990 1085 γὰρ
1032 1031 1189 1086 ἡμέρας
1218 1029 1350 1085 αὐτὴν
1374 1028 1476 1083 μετα
1506 1030 1680 1085 σαλπίγ-

237 1114 320 1152 γων
349 1094 707 1152 περιεκύκλωσαν,
738 1097 780 1138 ἐν
808 1091 875 1145 αἷς
898 1095 968 1137 καὶ
985 1095 1030 1138 τὸ
1059 1095 1267 1150 σάββατον
1294 1098 1338 1148 ἐξ
1362 1094 1540 1150 α’νάγκης
1568 1111 1678 1147 συμ-

237 1162 538 1218 περιείληπται.
603 1160 709 1204 dms}
755 1163 828 1203 καί
851 1161 957 1215 μετὰ
997 1165 1116 1204 πέντε
1156 1163 1387 1215 βασιλέων,
1428 1158 1486 1212 ὦς
1514 1157 1740 1208 ἄνωθεν-15

238 1227 424 1283 εἴρηται,
461 1231 535 1270 τοῦ
564 1226 713 1282 Ἰησοῦ
752 1228 996 1281 μαχομένου
1024 1227 1119 1282 ε”στη
1149 1225 1170 1268 ὃ
1201 1224 1316 1283 ἥλιος
1345 1225 1447 1269 κατὰ
1476 1225 1521 1270 τὸ
1551 1228 1679 1280 μέσον

235 1297 311 1336 τοῦ
352 1294 556 1349 ου’ρανοῦ·
642 1293 693 1334 οὕ
733 1292 1035 1348 προεπορεύετο
1075 1295 1135 1342 εἷς
1162 1293 1335 1346 ’δυσμὰς
1373 1294 1450 1342 ἕως
1481 1294 1539 1342 εἷς
1566 1294 1695 1341 τέλος·

236 1361 396 1415 ἡμέρας
436 1362 552 1413 μιᾶς.
629 1358 702 1400 καὶ
737 1357 873 1401 πάντα
919 1361 965 1401 δὲ
989 1358 1038 1400 τά
1080 1364 1163 1401 τῶν
1198 1359 1453 1402 Χαναναίων
1481 1357 1629 1413 ἔλαβεν
1653 1357 1678 1400 ὅ

233 1425 412 1480 Ἰσραὴλ
441 1427 486 1467 ἐν
523 1426 711 1483 πολέμῳ,
746 1422 809 1467 ὅτι
849 1424 919 1466 διὰ
950 1427 1095 1480 κυρίου
1125 1427 1296 1480 ἐγένετο.
1354 1423 1459 1466 ἀλλὰ
1488 1427 1560 1466 καί
1584 1421 1689 1467 Χᾰι

202 1495 313 1545 (Σλεβ
340 1491 429 1540 υἱὸς
454 1492 614 1547 Ἐφωνῆ
654 1489 939 1546 ἐξωλόθρευσε
976 1489 1074 1540 τους
1118 1498 1229 1547 τρεῖς
1258 1489 1378 1540 υἷους
1400 1488 1578 1544 Ἐναάκ,
1605 1490 1677 1532 τὸν
1690 1511 1739 1546 20

241 1559 410 1613 Σουσῆ,
459 1555 531 1598 τὸν
562 1558 701 1611 Θολμὲ
723 1556 796 1598 καί
836 1555 907 1598 τὸν
940 1558 1119 1609 Σχιμᾶν.
1176 1558 1364 1611 γίγαντες
1393 1557 1439 1598 δὲ
1467 1557 1540 1599 καί
1561 1551 1677 1598 οὗτοι

256 1667 271 1674 x

334 1674 365 1706 3.
393 1671 614 1719 σύμμυσιςῒ

241 1803 364 1825 eorum
400 1790 686 1832 contabuerunt,
721 1801 788 1824 nec
823 1801 908 1836 prae
937 1796 1035 1824 metu
1067 1791 1312 1824 Israelicorum
1352 1790 1547 1836 prudenter
1571 1789 1676 1824 rebus

239 1840 312 1873 suis
357 1839 542 1871 consulere
576 1837 653 1870 ullo
693 1837 798 1870 modo
841 1842 1020 1882 poterant.
1057 1838 1241 1871 consimile
1266 1838 1438 1883 quiddam
1460 1838 1599 1871 scilicet
1625 1837 1677 1871 eis
1705 1868 1709 1874 ,

239 1886 371 1919 accidit
400 1886 478 1927 illi,
517 1884 614 1930 quod
644 1884 797 1917 Iacobus
823 1889 988 1929 expertus
1026 1890 1080 1918 est
1102 1896 1188 1930 prae
1216 1885 1363 1929 gaudio,
1392 1893 1472 1918 cum
1493 1883 1675 1930 profectus
1704 1881 1707 1884 ’

239 1934 277 1966 in
302 1935 501 1977 Aegyptum
532 1931 723 1976 Iosephum
761 1931 876 1964 filium
901 1931 1110 1976 adspiceret.
1144 1933 1309 1964 nimirum
1333 1932 1378 1965 de
1401 1932 1541 1965 laetitia
1563 1942 1677 1976 quae-

240 1980 320 2013 dam
354 1980 467 2012 oritur
505 1979 687 2022 sanguinis
731 1978 896 2018 diffusio,
933 1977 978 2011 de
1008 1978 1198 2011 formidine
1232 1989 1316 2012 vero
1351 1979 1529 2012 facultatis
1555 1977 1676 2011 vitalis

240 2027 437 2061 contractio
463 2026 502 2057 in
523 2025 626 2057 nobis
655 2026 774 2058 existit
822 2030 976 2070 utroque
999 2025 1106 2058 modo
1131 2025 1209 2058 fieri
1230 2036 1488 2071 nonnunquam
1510 2024 1604 2058 solet
1634 2030 1676 2058 ut

240 2085 332 2106 mors
358 2072 426 2105 hoc
449 2077 553 2116 pacto
579 2072 737 2105 adfectos
761 2073 961 2105 necessario
986 2073 1184 2105 comitetur.
1211 2078 1402 2117 postquam
1426 2072 1582 2106 Israelici
1604 2071 1674 2104 flu-
1704 2079 1706 2082 ’

239 2131 322 2152 men
346 2119 587 2159 traiecissem,
625 2130 707 2152 mox
732 2118 867 2163 absque
893 2119 998 2151 armis
1021 2118 1254 2151 Hierichunte
1277 2121 1484 2164 potiuntur3
1511 2129 1582 2164 quo
1606 2129 1674 2152 no-
1689 2116 1706 2162 'J

240 2167 337 2199 mine
361 2166 492 2198 factum
518 2170 558 2198 ut
582 2176 658 2197 eam
681 2177 744 2210 pro
764 2165 987 2198 anathemate
1015 2165 1208 2207 ducerent,
1231 2165 1300 2199 hoc
1326 2173 1379 2199 est
1397 2166 1464 2199 deo
1490 2176 1672 2198 consecra·
1702 2190 1706 2207 .,

241 2219 330 2246 rent.
356 2211 553 2246 secundum
582 2210 670 2244 haec
691 2212 807 2245 Achai·
829 2213 891 2245 ille
926 2212 1094 2245 Charmae
1115 2213 1175 2253 F.‚
1197 2223 1243 2246 ex
1266 2213 1309 2246 iis
1335 2224 1426 2258 quae
1453 2213 1521 2246 deo
1546 2223 1673 2245 conse-

240 2265 336 2293 crata
360 2264 483 2299 erant,
505 2263 602 2291 veste
631 2258 783 2304 quadam
807 2271 885 2292 cum
909 2260 986 2292 auri
1011 2270 1123 2293 massa
1147 2260 1347 2292 clanculum
1370 2265 1542 2305 surrepta,
1566 2258 1672 2292 deum

239 2307 286 2340 ad
312 2307 399 2339 iram
426 2306 639 2350 provocavit.
663 2311 879 2351 quapropter
902 2307 1001 2339 Iesus
1034 2305 1139 2339 deum
1171 2312 1357 2351 precatus,
1394 2307 1542 2352 iraeque
1566 2316 1672 2340 causa

240 2354 400 2397 cognita,
436 2351 615 2396 lapidibus
649 2351 831 2386 hominem
856 2354 1019 2386 universa
1040 2364 1118 2386 cum
1146 2352 1250 2386 domo
1274 2353 1407 2386 obruit.
1433 2353 1471 2386 in
1495 2353 1562 2385 hac
1586 2353 1673 2386 Hie-

240 2398 619 2441 richuntisgobsidione
633 2399 782 2443 primum
803 2401 961 2433 omnium
977 2401 1102 2433 violari
1118 2399 1304 2433 sabbatum
1322 2400 1459 2445 coepit:
1483 2399 1559 2432 dies
1576 2401 1671 2433 enim

240 2453 377 2492 septem
410 2445 581 2490 oppidum
616 2457 695 2477 cum
721 2446 817 2479 tubis
852 2447 1040 2480 cinxerunt
1062 2452 1170 2492 atque
1195 2447 1469 2488 circumierunt,
1495 2457 1567 2492 quo
1593 2446 1672 2480 die-

240 2506 316 2526 rum
343 2503 489 2526 numero
523 2491 709 2525 sabbatum
743 2505 888 2539 quoque
926 2495 1124 2527 necessario
1172 2493 1494 2538 comprehenditur.
1543 2493 1693 2534 eodem,

239 2543 342 2580 Iesu,
379 2538 675 2584 quemadmodum
712 2545 748 2572 et
788 2552 893 2585 supra
934 2541 1180 2582 meminimus,
1215 2546 1336 2574 contra
1379 2541 1538 2585 quinque
1570 2551 1669 2585 reges

240 2587 438 2631 praeliante
464 2586 517 2619 sol
546 2586 584 2618 in
611 2585 730 2618 medio
755 2588 855 2620 coelo
880 2589 1012 2621 restitit
1034 2599 1101 2621 nec
1125 2587 1170 2620 ad
1199 2598 1360 2620 occasum
1387 2598 1587 2632 progressus
1616 2593 1669 2621 est
1680 2588 1690 2621 f

242 2634 345 2665 unius
369 2633 497 2677 integri
523 2631 596 2665 diei
621 2633 746 2677 spatio.
785 2639 820 2666 et
856 2640 1027 2679 ceperunt
1058 2635 1214 2668 Israelici
1238 2634 1335 2667 bello
1361 2640 1503 2668 cunctas
1530 2634 1682 2667 Chana-'

240 2690 409 2714 naeorum
438 2679 593 2713 ditiones
622 2685 659 2712 et
681 2690 784 2723 opes,
812 2680 956 2715 domino
981 2682 1068 2727 ipsis
1091 2682 1272 2726 suppetias
1295 2680 1442 2714 ferente.
1491 2675 1679 2714 Chalebus⁷

242 2737 385 2772 quoque
413 2725 583 2772 Ephonae
606 2726 642 2759 F.
688 2732 757 2759 tres
783 2727 909 2761 Enaaci
943 2728 1035 2762 filios
1073 2739 1212 2774 prorsus
1246 2728 1476 2773 exstirpavit,
1502 2722 1665 2762 nimir-uin
