1826 3120
618 130 902 175 ANNMAUM
941 130 1076 173 PARS
1104 133 1136 172 1.
1458 128 1461 131 ¹
1517 110 1550 166 3
1566 129 1583 164 1

86 242 92 253 ’
145 243 254 302 rmus,
294 239 402 290 αὐτὸ
428 243 473 287 τὸ
508 245 680 300 πρᾶγμα
717 244 970 298 παρίστησιν
990 255 1003 268 ·
1060 242 1104 284 ἐν
1135 243 1213 296 μὲν
1238 238 1318 298 γάρ
1351 245 1438 290 τοῖς
1464 256 1591 284 ποτα-

145 319 239 369 μοῖς
268 312 321 355 οιῗ
363 311 562 354 δύνανται
597 315 721 353 πλοῖα
743 307 881 365 βαρύν
926 307 1074 363 ἔχοντα
1111 307 1270 369 φόρτον
1307 311 1441 360 πλεῖν,
1472 306 1517 350 ἐν
1545 310 1593 351 δὲ

146 382 195 438 τῇ
226 378 422 436 θαλάσσῃ
465 379 662 435 ἐλαφρῶς
698 376 834 419 ταῦτα
860 373 1144 430 βαστάζονται
1173 375 1244 417 διὰ
1276 374 1351 430 τὴν
1377 374 1593 429 ὖποκειμέ·

146 463 220 504 νην
245 445 488 501 παχύτητα.

108 514 133 555 5
257 510 382 567 Πρὸς
420 508 585 559 τούτοις
617 510 664 551 δὲ
702 511 777 550 καί
804 509 926 550 τοῦτο
956 508 1048 550 δέον
1079 509 1235 551 εἰδέναι
1267 523 1335 563 σε,
1365 503 1428 551 ὅτι
1457 506 1595 553 πάντα

143 579 199 622 τοὶ
231 575 372 621 ’ὕδατα
402 575 452 619 τά
480 591 526 618 τε
564 579 774 630 πηγιμαῖα
815 575 888 616 καί
915 579 1145 630 φρεατιαῖα
1180 575 1233 617 ’ἐκ
1271 578 1346 631 τῆς
1381 576 1596 632 θαλάττης

67 674 72 697 ,
146 645 292 701 ἔχουσι
320 643 398 694 τὰς
426 641 575 698 α’ρχάς.
603 641 630 696 ἡ
657 641 737 696 γὰρ
765 643 1009 696 γειτονοῦσα
1038 643 1089 698 τῇ
1115 642 1311 700 θαλάσσῃ
1339 644 1394 698 γῆ
1423 642 1597 699 διάτρη-

144 712 214 762 τός
239 713 329 754 ἐστι
359 708 432 752 καί
454 707 667 762 ὑπόνομος
677 741 690 761 ,
722 705 862 763 ὥσπερ
891 707 1008 756 τινὰς
1049 709 1208 764 φλέβας
1236 706 1416 763 ἔχουσα,
1449 712 1506 752 δι’
1537 705 1596 752 ὧν

121 766 191 820 ’ἐκ
230 780 302 834 τῆς
328 773 546 831 θαλάσσης
587 775 790 830 δεχομένη
819 773 872 817 τοὶ
901 771 1040 816 ’ὕδατα
1079 773 1156 824 τὰς
1182 773 1323 830 πηγάς,
1345 776 1631 821 ἆναδι’δωσι·.Β

81 862 132 889 10
146 844 250 900 πρὸς
288 838 363 886 οὖν
400 841 477 898 τήν
523 840 722 896 ποιότητα
757 841 831 897 τῆς
870 843 947 896 γῆς
987 841 1061 884 καὶ
1104 840 1149 884 τὸ
1180 845 1265 884 τῶν
1307 846 1450 898 πηγῶν
1477 841 1593 899 ὕδωρ

144 907 292 954 ὄνασις
321 907 576 953 κατὼτοῦτο
597 908 670 950 καί
692 904 830 950 ὕδατα
860 906 996 964 όξώδη
1017 905 1044 964 ἢ
1072 908 1269 964 ἐλαιώδη,
1291 911 1503 967 τεφρώδη,
1524 910 1600 953 καί

144 975 224 1020 ὅσα
254 978 444 1020 τοιαῦτα·
476 974 530 1018 τὰ
557 975 691 1018 πάντα
717 972 799 1031 γὰρ
827 977 900 1030 τῆς
917 972 1134 1031 ποιότητος
1161 977 1322 1019 ἐκεῖθεν
1348 979 1597 1031 μετέχουσιν

145 1047 223 1101 ἀφ’
250 1039 299 1099 ἧς
327 1046 403 1099 γῆς
431 1043 678 1098 διὲρχονταί
706 1058 752 1084 τε
783 1042 857 1084 καὶ
883 1041 1142 1096 ἄνὲρχονται,
1173 1040 1284 1085 οὕτω
1313 1045 1392 1096 μὲν
1416 1039 1494 1085 οὖν
1526 1042 1600 1086 καὶ

144 1111 196 1154 τὰ
225 1110 366 1166 θερμὰ
393 1109 531 1152 ’ὕδατα
574 1107 646 1150 διὰ
674 1108 899 1164 πυρώδους
925 1111 1000 1165 γῆς
1027 1106 1301 1164 διερχόμενοι,
1330 1109 1388 1160 ὥς
1415 1107 1436 1151 ὃ
1465 1113 1598 1164 μέγας

85 1179 133 1220 15
147 1178 253 1236 φησί
278 1178 525 1231 Βασίλειος,
569 1171 596 1232 ἢ
622 1177 999 1232 στενοχωρούμενα
1031 1175 1103 1218 καί
1128 1179 1202 1234 βία
1229 1175 1490 1232 ῥηγνύμενα,
1519 1175 1596 1232 τήν
1609 1185 1650 1221 V.
1671 1187 1706 1219 13

148 1247 260 1296 ζέσιν
288 1246 449 1286 ἐκεῖθεν
477 1244 732 1300 ἐφέλκονται.
790 1241 836 1284 αἱ
861 1246 1004 1295 μέντοι
1031 1240 1211 1297 μεγάλαι
1238 1241 1370 1298 πηγαὶ
1397 1243 1468 1286 διὰ
1499 1246 1595 1285 τοῦ-

146 1327 194 1354 το
221 1313 295 1353 καί
319 1312 478 1364 μᾶλλον
519 1313 564 1353 ἐν
608 1303 726 1365 ὄρεσι
766 1311 946 1364 γίνονται
965 1341 978 1364 ‚
1020 1305 1087 1351 ὅτι
1116 1311 1247 1366 μέχρι
1273 1311 1347 1351 καί
1365 1311 1498 1366 αὐτῆς
1523 1312 1635 1366 τῆςῦ

144 1380 221 1420 τοῦ
248 1373 373 1434 ὅρους
398 1378 556 1432 γίνεται
585 1378 773 1433 κορυφῆς
800 1375 825 1430 ἦ
854 1371 936 1417 οἷπὸ
967 1378 1044 1418 τοῦ
1072 1377 1235 1430 βάθους
1264 1375 1361 1432 ὃλκη
1387 1379 1461 1419 καί
1491 1377 1596 1420 dva—

145 1446 375 1498 θυμίασις,
415 1445 488 1485 καί
523 1445 683 1496 μᾶλλον
720 1444 760 1486 εἰ
785 1444 1007 1498 σομφαῖδες
1041 1442 1150 1499 τύχῃ
1186 1441 1233 1485 τὸ
1265 1438 1362 1498 ὅρος
1390 1439 1497 1486 εἶναι
1524 1446 1600 1486 καί

81 1529 134 1556 20
147 1509 252 1567 πρὸς
283 1509 359 1566 την
399 1507 525 1565 ὄλκὴν
553 1508 799 1565 ἐπιτήδειον.
867 1505 958 1550 εἶτα
992 1512 1224 1565 καταρρέον
1252 1507 1372 1551 ἔνθεν
1402 1510 1597 1553 κάκεῖθεν

146 1576 191 1620 τὸ
221 1574 341 1632 ὕδωρ
360 1610 372 1631 ,
413 1575 485 1618 καί
511 1574 556 1619 ἔν
587 1592 668 1618 τινι
709 1574 823 1634 τόπῳ
851 1576 1119 1631 συρρεῧσαν,
1149 1574 1225 1632 τὴν
1252 1578 1329 1632 γῆν
1356 1577 1490 1619 ἐκεῖσε
1517 1577 1595 1633 ῥή-

145 1650 266 1699 γνυσι
317 1646 390 1685 καί
423 1640 534 1685 οὕτω
572 1640 679 1697 μετὰ
708 1643 803 1696 βίας
833 1644 1059 1697 ἐξέρχεται.
1117 1638 1291 1692 ἇένναος
1320 1645 1367 1686 δὲ
1396 1644 1420 1700 ἧ
1449 1644 1591 1700 πηγή,

147 1706 212 1754 ὅτι
241 1711 314 1752 καί
340 1707 531 1765 διηνεκὴς
575 1707 601 1764 ἦ
641 1707 721 1750 α’πὸ
758 1710 834 1751 τοῦ
872 1709 1036 1763 βάθους
1073 1708 1188 1765 παρὰ
1221 1712 1297 1752 τοῦ
1323 1709 1444 1766 ἡλίου
1475 1709 1593 1766 ὃλκὴ.

147 1889 186 1917 et
208 1882 412 1916 crassiorem
442 1881 546 1914 maris
572 1892 698 1926 aquam
734 1891 810 1914 esse
833 1892 937 1926 quam
969 1882 1041 1914 sint
1067 1893 1180 1927 aquae
1208 1882 1414 1927 fluviatiles,
1440 1886 1516 1932 ipsa
1539 1897 1594 1921 res

146 1931 262 1964 docet.
298 1941 380 1963 nam
417 1929 456 1963 in
494 1928 700 1962 fluminibus
731 1928 922 1961 admodum
955 1935 1101 1962 onerata
1125 1930 1263 1975 navigia
1278 1931 1360 1965 vehi
1384 1941 1591 1979 nequeunt,

145 1991 225 2012 cum
247 1989 288 2011 ea
311 1987 404 2010 mare
432 1977 560 2010 leviter
587 1975 777 2009 admodum
800 1981 915 2020 gestet
939 1975 984 2009 ob
1009 1977 1203 2010 crassitiem
1228 1978 1398 2014 videlicet
1419 1993 1527 2015 suam.

238 2026 382 2059 Praeter
417 2023 506 2057 haec
542 2024 635 2057 illud
658 2024 763 2057 etiam
794 2023 861 2056 tibi
895 2023 1077 2057 sciendum
1104 2030 1175 2067 est,
1214 2037 1336 2060 omnes
1362 2039 1492 2073 aquas,
1515 2030 1590 2063 sive

145 2074 308 2108 fontanas
348 2073 421 2106 sive
455 2072 643 2116 puteales,
676 2082 695 2105 e
736 2071 823 2104 mari
847 2082 944 2104 suam
983 2072 1155 2116 originem
1187 2072 1328 2107 habere.
1352 2087 1434 2108 nam
1473 2077 1587 2110 vicina

144 2122 231 2155 mari
255 2127 351 2155 terra
387 2119 600 2154 foraminosa
626 2124 695 2160 est,
725 2119 919 2164 multisque
950 2120 1123 2152 cuniculis
1155 2119 1335 2162 abundat,
1359 2124 1422 2167 qui
1447 2130 1530 2157 sunt
1553 2126 1586 2158 ei

145 2180 314 2203 venarum
353 2167 484 2209 instar,
509 2178 574 2212 per
601 2178 688 2212 quas
726 2178 744 2199 e
767 2166 854 2199 mari
879 2167 1030 2211 receptis
1056 2168 1158 2212 aquis
1185 2168 1338 2202 fontium
1362 2172 1591 2216 scaturigines

145 2217 287 2250 emittit.
328 2226 436 2261 quare
474 2226 539 2260 pro
573 2215 748 2260 qualitate
774 2213 841 2247 soli
878 2214 983 2247 etiam
1007 2215 1160 2248 fontium
1186 2227 1278 2262 aqua
1304 2225 1506 2264 comparata
1524 2226 1590 2254 est.

146 2276 218 2309 quo
243 2264 285 2297 fit
319 2269 361 2296 ut
393 2273 506 2308 aquae
532 2262 709 2308 quaedam
747 2261 858 2303 aceti,
888 2261 1061 2307 quaedam
1085 2263 1178 2304 olei,
1210 2264 1386 2309 quaedam
1410 2267 1593 2300 cinereum

146 2322 307 2357 saporem
344 2311 505 2356 aliosque
541 2311 631 2344 tales
672 2310 837 2343 referant.
876 2320 957 2342 nam
981 2311 1056 2343 eius
1082 2311 1149 2343 soli
1177 2312 1388 2356 qualitatem
1414 2315 1594 2360 accipiunt

146 2359 245 2404 quod
270 2363 454 2404 permeant
492 2362 529 2391 et
554 2358 599 2391 de
630 2369 700 2404 quo
742 2356 931 2390 ebulliunt.
959 2357 1009 2390 sic
1036 2369 1151 2403 aquae
1176 2359 1333 2401 calidae,
1361 2362 1593 2406 quemadmo-

146 2406 232 2440 dum
259 2406 409 2440 Basilius
439 2406 504 2438 ille
529 2417 678 2451 magnus
706 2405 773 2445 ait,
797 2404 854 2437 vel
891 2404 1032 2448 igneum
1052 2406 1232 2451 quoddam
1257 2408 1371 2441 solum
1398 2416 1592 2454 penetran-

145 2459 221 2495 tes,
249 2455 306 2487 vel
344 2455 382 2487 in
408 2459 522 2487 artum
556 2464 698 2499 pressae
723 2453 830 2497 vique
866 2452 1030 2494 collisae,
1074 2453 1247 2488 fervorem
1273 2456 1375 2489 illum
1401 2458 1594 2502 accipiunt.

147 2501 273 2535 eadem
302 2501 348 2535 de
373 2513 477 2535 causa
501 2502 620 2546 magni
644 2502 760 2535 fontes
786 2500 999 2546 plerumque
1021 2502 1060 2534 in
1082 2502 1264 2536 montibus
1290 2505 1469 2545 oriuntur,
1494 2505 1594 2550 quod

147 2549 194 2582 ad
217 2550 328 2594 ipsius
355 2550 461 2583 etiam
486 2550 616 2583 montis
634 2550 800 2583 verticem
827 2548 990 2582 attractio
1007 2550 1181 2594 quaedam
1195 2557 1231 2584 et
1245 2550 1425 2584 exhalatio
1447 2551 1493 2585 de
1510 2564 1594 2597 par-

148 2595 243 2630 tibus
278 2598 356 2630 imis
393 2597 475 2638 fiat,
508 2598 715 2642 praesertim
751 2598 780 2630 si
814 2607 915 2629 mons
942 2608 1148 2631 cavernosus
1184 2599 1276 2632 forte
1300 2599 1345 2632 sit
1369 2604 1406 2633 et
1430 2599 1475 2633 ad
1500 2599 1595 2634 hanc

148 2645 392 2678 attractionem
417 2644 578 2679 idoneus.
605 2644 736 2679 deinde
762 2645 828 2677 hac
851 2649 888 2677 et
912 2644 995 2678 illac
1020 2644 1210 2680 demanans
1236 2657 1348 2691 aqua,
1375 2651 1412 2680 et
1438 2648 1594 2693 quodam

148 2691 186 2723 in
211 2691 290 2725 loco
315 2692 515 2734 confluens,
541 2698 670 2726 terram
694 2693 773 2726 istic
796 2693 993 2738 perrumpit
1005 2704 1045 2726 ac
1078 2694 1114 2727 vi
1140 2694 1224 2728 exit.
1249 2699 1285 2727 et
1308 2705 1485 2740 perennes
1511 2700 1595 2728 sunt

148 2737 187 2771 hi
209 2738 346 2782 sontes,
381 2740 464 2786 quia
499 2746 676 2787 perpetuo
708 2740 750 2775 fit
775 2739 819 2773 ab
855 2740 926 2774 imo
958 2740 1042 2776 solis
1069 2742 1244 2777 attractio.
1269 2751 1392 2776 verum
1422 2741 1490 2776 hoc
1515 2753 1594 2777 esse
