1826 3120
265 116 368 169 166
717 131 1004 187 incutimus
1047 130 1261 171 omem

254 234 375 273 πλέον
403 231 561 283 διδάξει
591 247 636 272 σε
677 217 936 283 σαφέστερον
972 224 1048 268 οἵτε
1081 225 1133 281 δὴ
1174 225 1245 268 τὸν
1274 227 1372 280 περὶ
1398 226 1545 268 τούτου
1575 221 1692 279 λόγον
1743 220 1745 222 ’

250 300 297 344 ,ἐν
323 300 373 354 τῇ
396 298 524 353 βίβλῳ
555 298 634 337 τῶν
663 293 922 350 ἀνδριάντων
943 291 1202 345 ποιούμενος.
1259 292 1402 346 ἐπειδὴ
1427 290 1507 346 γάρ
1533 289 1580 333 ϊὸ
1608 290 1692 332 σῶ-

251 380 313 415 μα
343 366 464 404 τοῦτο
493 359 682 416 φθαρτὸν
713 357 988 413 διασύραντες
1018 355 1126 413 ἦσαν
1156 357 1228 400 ἐπὶ
1251 357 1445 400 τοσοῦτόν
1462 373 1566 406 τινες
1586 353 1692 398 ὥστε

253 428 324 469 καί
351 424 518 476 ἀνάξιον
560 424 664 467 αὐτὸ
695 428 768 480 τῆς
795 427 868 466 τοῦ
895 427 999 466 θεοῦ
1033 426 1307 479 δημιουργίας
1338 424 1558 465 ἀποκαλεῖν
1586 420 1692 478 (ἕλε-

251 510 320 546 γον
354 491 434 545 γάρ
465 491 521 539 ὥς
554 489 638 544 εἴγε
676 492 848 544 πλάσμα
876 491 956 531 τῶν
980 492 1109 531 θείων
1137 487 1303 545 ὑπῆρχε
1328 489 1611 542 χειρῶν,ὀιῖκ
1637 484 1727 530 ἇνὸ

253 556 364 598 οὕτω
391 559 559 610 μυρίοις
589 556 778 599 ὑπέκειτο
807 553 1009 612 πάθεσι),
1035 556 1214 597 τοιοῖσδε
1240 553 1344 610 πρὸς
1374 551 1529 604 αὐτοὺς
1556 551 1692 607 λόγοις

254 622 464 676 ἐχρήσατο
505 622 590 676 ,,μη’
630 637 704 675 μοι
743 620 814 664 τὸν
854 617 1079 676 ἄνθρωπον
1126 618 1291 662 τουτονὶ
1339 620 1490 673 λεγέτω
1525 634 1587 667 τις
1621 617 1693 660 τόν

253 686 634 742 προσκεκρουκότα,
667 685 736 729 τὸν
773 687 1157 740 καταδικασθέντα,
1187 684 1259 727 τὸν
1285 686 1570 740 ἠτιμωμένον,
1602 683 1694 727 ἀλλ’

215 756 293 795 ca*
317 753 524 805 βούλεσθε
565 756 722 805 μαθεῖν
752 749 894 794 ὁποῖον
925 753 968 802 ἐξ
996 751 1131 806 ἀρχῆς
1162 749 1318 793 ἔπλασε
1350 748 1397 792 τὸ
1427 751 1551 802 σῶμα
1578 748 1696 804 ἧμῶν

143 818 274 861 vos&
303 818 425 870 θεός,
469 818 539 859 ἐπὶ
577 816 649 859 τὸν
686 817 942 872 παράδεισον
977 814 1167 870 ἔλθωμεν
1193 815 1267 858 καί
1291 814 1364 858 τὸν
1394 817 1437 866 ε”ξ
1465 814 1600 870 ἀρχῆς
1625 829 1692 869 κε-
1710 830 1759 858 10

251 884 416 937 νόμενον
459 879 682 938 ἄνθρωπον
711 883 880 936 ἴδωμεν.
960 879 1009 924 οὗ
1056 882 1138 938 γάρ
1171 879 1303 932 οὕτως
1338 879 1383 923 τὸ
1411 883 1534 934 σῶμα
1562 883 1694 923 ἐκεῖνο

252 947 445 1006 φθαρτὸν
482 949 555 990 καί
597 950 791 1004 ἐπίκηρον
832 944 912 1004 ἧν,
953 947 1058 990 ἀλλά
1098 949 1288 1002 καθάπερ
1316 963 1376 996 τις
1403 946 1591 1002 χρυσοῦς
1620 945 1694 988 οἷν-

251 1014 374 1070 δριάς
426 1012 508 1055 α’πὸ
555 1014 840 1069 χωνευτηρίου
882 1012 1101 1070 προελθών
1140 1010 1238 1070 ἄρτι
1266 1012 1338 1055 καί
1363 1013 1565 1067 λαμπραῖς
1591 1011 1695 1053 a'no-

249 1084 447 1134 στίλβων,
486 1077 620 1129 οὕτως
669 1078 805 1135 πάσης
843 1082 1014 1136 φθορᾶς
1059 1078 1104 1122 τὸ
1162 1081 1286 1133 σῶμα
1328 1081 1460 1122 ἐκεῖνο
1508 1077 1696 1133 ἀπήλλα-

249 1163 355 1200 κτο,
399 1148 471 1187 καί
516 1141 614 1187 οὔτε
656 1145 777 1195 πόνος
823 1145 1004 1200 ἠνώχλει
1047 1141 1145 1186 οὔτε
1174 1143 1302 1200 ἱδρῶς
1334 1146 1598 1198 ἐλυμαίνετο,
1644 1143 1759 1184 0v’15

253 1213 469 1268 φροντίδες
508 1210 809 1264 ἐπεβούλευον,
854 1209 931 1251 οὐκ
969 1210 1153 1263 α’θυμιάι
1195 1208 1490 1264 ἐπολιόρκουν,
1532 1209 1584 1250 οὔ
1622 1208 1696 1263 ῥύ-

253 1294 351 1329 πος,
396 1279 448 1318 ου’
491 1277 696 1331 δάκρυον,
747 1278 839 1318 οὔδ’
883 1271 984 1317 ἄλλο
1026 1293 1066 1317 τι
1094 1279 1175 1318 τῶν
1217 1273 1417 1318 τοιούτων
1449 1275 1590 1318 ἐλύπει
1617 1291 1706 1317 πα-

213 1345 361 1385 Βθῶν.
417 1344 509 1384 ἄλλ’
539 1341 681 1396 ἐπειδὴ
712 1341 817 1397 πρὸς
845 1341 919 1384 τὸν
949 1343 1167 1396 εὐεργέτην
1196 1338 1411 1396 ἐξύβρισε,
1440 1339 1538 1389 θεός
1561 1355 1604 1382 τε
1630 1355 1697 1394 γε-

254 1411 400 1451 νέσθαι
431 1404 601 1462 ἤλπισε,
631 1409 703 1449 καί
729 1408 861 1460 μείζω
889 1410 960 1461 τῆς
998 1407 1152 1456 οἰκείας
1180 1407 1300 1458 (ἰξίας
1326 1405 1476 1461 ἔλαβεν
1503 1403 1665 1448 ἔννοιαν
1683 1439 1696 1458 ,

252 1477 347 1516 τότε
375 1473 425 1528 δὴ
457 1472 547 1515 τότε
567 1475 841 1529 σωφρονίζων
872 1473 1001 1514 αὐτόν
1021 1473 1041 1513 ὁ
1067 1473 1168 1522 θεὸς
1195 1472 1388 1528 φθαρτὸν
1411 1471 1536 1514 αὐτὸν
1555 1473 1694 1526 ἐποιή-
1708 1484 1760 1509 20

253 1556 298 1580 σε
339 1541 411 1580 καί
445 1541 620 1593 θνητόν,
665 1541 736 1580 καί
770 1545 863 1587 ταῖς
908 1543 1080 1587 πολλαῖς
1123 1537 1297 1586 ταύταις
1337 1535 1538 1592 ἀνάγκαις
1578 1539 1697 1579 κατέ-

255 1607 396 1658 δησε.”
453 1607 590 1646 ταῦτα
618 1605 696 1656 μὲν
728 1599 803 1645 οὖν
843 1603 866 1644 ὅ
907 1602 1124 1652 θειότατος
1167 1604 1367 1658 Ἰωάννης.
1441 1605 1509 1659 ἐφ’
1556 1597 1589 1659 ᾧ
1627 1604 1701 1644 καί

1173 1666 1186 1680 t

255 1667 476 1726 ἄφθαρτον
520 1670 649 1712 ἐκεῖνο
688 1667 732 1710 τὸ
779 1670 903 1722 σῶμα
945 1670 1116 1718 δικαίως
1165 1686 1184 1710 ο
1228 1669 1346 1723 λόγος
1388 1668 1583 1711 ἐκάλεσε·
1651 1667 1698 1710 τὸ

258 1854 410 1887 docebit.
438 1856 571 1887 etenim
599 1855 697 1887 fuere
724 1856 890 1889 nonnulli
914 1861 987 1889 tam
1014 1856 1052 1889 in
1085 1855 1152 1889 hoc
1180 1866 1327 1900 corpore
1351 1855 1512 1888 interitui
1538 1855 1695 1889 obnoxio

257 1901 435 1946 carpendo
475 1908 510 1934 et
544 1901 717 1934 elevando
753 1902 894 1944 acerbi,
932 1909 972 1936 ut
1010 1903 1117 1935 etiam
1154 1902 1343 1946 indignum
1369 1901 1531 1941 dicerent
1556 1901 1695 1947 quoda

257 1948 325 1981 deo
356 1948 540 1981 conditum
584 1950 816 1982 existimetur.
854 1950 885 1982 si
911 1950 1139 1994 figmentum,
1170 1949 1333 1989 aiebant,
1359 1960 1529 1982 manuum
1555 1948 1615 1981 dei
1639 1950 1702 1983 so->

257 2001 332 2035 ret,
361 2006 433 2027 non
457 2000 512 2027 tot
542 1995 691 2027 miseriis
732 2001 768 2028 et
797 1997 974 2029 aerumnis
1002 2003 1096 2030 esset
1122 1995 1322 2028 obnoxium.
1351 1995 1517 2028 adversus
1541 1994 1606 2028 lios
1631 1995 1697 2028 ille

257 2042 294 2073 iu
321 2041 416 2073 hunc
455 2041 600 2073 modum
638 2041 792 2077 disserit.
831 2055 958 2083 „nemo
991 2043 1080 2076 mihi
1112 2042 1291 2075 hominem
1321 2041 1416 2074 hunc
1443 2041 1608 2083 obiiciat,
1634 2043 1699 2087 qui

257 2087 424 2128 offendit,
449 2088 511 2131 qui
538 2087 791 2122 condemnatus
817 2095 882 2130 est,
909 2090 971 2135 qui
998 2090 1158 2122 adfectus
1186 2088 1402 2132 ignominia:
1428 2088 1492 2121 sed
1519 2088 1698 2133 siquidem

258 2135 346 2166 scire
371 2135 479 2166 vultis
509 2135 696 2178 qualenam
722 2136 766 2168 ab
789 2136 895 2169 initio
921 2148 1046 2181 corpus
1071 2136 1172 2168 nobis
1197 2136 1283 2168 deus
1309 2136 1533 2176 formaverit,
1558 2135 1606 2168 ad
1632 2147 1697 2180 pa-

259 2181 412 2212 radisum
442 2186 582 2213 nosmet
609 2183 830 2216 conferamus
868 2189 904 2216 et
928 2183 1107 2215 hominem
1141 2183 1243 2214 illurn
1260 2182 1457 2226 principem
1485 2182 1697 2214 intueamur.

259 2239 325 2260 nec
352 2227 445 2258 enim
468 2229 726 2272 corpus-ipsius
742 2231 907 2264 interitui
933 2230 1126 2262 obnoxium
1145 2234 1181 2262 et
1195 2228 1364 2261 caducum
1390 2233 1475 2268 erat,
1500 2228 1563 2261 sed
1585 2229 1698 2261 instar

260 2284 387 2306 aureae
415 2278 552 2305 statuae
592 2286 712 2309 recens
746 2276 896 2310 eductae
921 2276 966 2310 de
991 2277 1134 2310 fornace
1153 2276 1372 2319 mirificeque
1398 2275 1623 2319 splendentis
1650 2275 1696 2307 ab

260 2320 357 2353 omni
382 2331 507 2363 corpus
542 2320 633 2352 illud
658 2323 804 2356 interitu
832 2329 908 2356 erat
931 2325 1097 2356 immune.
1123 2332 1195 2354 non
1219 2322 1273 2354 illi
1299 2323 1471 2354 molestus
1496 2327 1571 2358 erat
1594 2321 1698 2354 labor

260 2367 381 2407 ullus,
413 2378 484 2398 non
523 2379 542 2398 a
575 2368 703 2401 sudore
730 2370 961 2411 laedebatur,
999 2381 1071 2403 non
1102 2368 1364 2401 insidiabantur
1400 2369 1431 2400 ei
1470 2379 1595 2409 curae,
1623 2381 1697 2402 non

259 2423 436 2446 moerores
464 2412 577 2456 ipsum
604 2416 880 2459 oppugnabant,
909 2428 982 2449 non
1019 2415 1157 2455 sordes,
1180 2427 1252 2447 non
1278 2416 1473 2457 lacrymae,
1499 2425 1572 2448 non
1598 2415 1696 2448 aliud

260 2461 450 2504 quicquam
471 2459 644 2493 eiusmodi
669 2462 910 2495 adfectionum
933 2463 1092 2496 vexabat.
1127 2472 1249 2495 verum
1276 2467 1506 2506 posteaquam
1529 2461 1695 2495 adversus

260 2506 459 2539 beneficum
486 2517 565 2549 erga
591 2518 627 2538 se
653 2507 758 2541 deum
784 2511 989 2553 petulanter
1014 2509 1130 2554 gessit,
1158 2514 1195 2541 et
1222 2508 1328 2540 deum
1345 2518 1382 2540 se
1400 2518 1585 2540 evasurum
1611 2520 1695 2554 spe-

260 2554 361 2593 ravit,
388 2559 424 2586 et
440 2553 572 2586 maiora
597 2564 700 2596 quam
725 2556 838 2598 ipsius
863 2556 1014 2600 dignitas
1041 2556 1149 2588 ferret
1176 2555 1294 2586 animo
1315 2556 1490 2599 concepit,
1510 2560 1589 2588 tum
1609 2566 1694 2588 vero

261 2599 432 2642 castigans
459 2610 540 2631 eum
580 2599 667 2633 deus
700 2601 862 2635 interitui
890 2605 1068 2647 mortique
1103 2601 1260 2634 reddidit
1285 2601 1498 2641 obnoxium,
1525 2613 1566 2635 ac
1587 2601 1694 2642 variis

260 2645 356 2678 hisce
383 2645 652 2679 necessitatibus
677 2647 897 2682 adstrinxit.'’
921 2650 1009 2682 haec
1032 2648 1183 2680 hominis
1210 2648 1306 2680 illius
1327 2647 1438 2680 divini
1462 2648 1571 2682 verba
1595 2653 1694 2689 sunt,

260 2703 409 2736 quorum
435 2693 645 2726 auctoritate
669 2694 697 2727 si
734 2706 863 2740 corpus
887 2696 1011 2730 Adami
1037 2695 1191 2729 dicamus
1217 2694 1382 2728 interitus
1409 2705 1532 2740 expers
1559 2695 1689 2737 fuisse,
