1826 3120
575 115 863 158 ANNAmUM
902 114 1039 158 PARS
1079 113 1150 158 nv.
1448 94 1570 172 559·

114 211 389 261 ἆποθανεῖται
417 214 442 257 ὅ
472 214 652 268 ,Συμεών
679 217 909 272 τηνικαῦτα
925 231 939 246 ·
996 218 1108 275 αὐτῷ
1132 215 1218 271 γάρ
1245 216 1565 271 ἔστόιχειῶσθαι

113 281 191 337 τήν
215 281 414 338 τοιαύτην
451 281 608 338 στήλην
647 282 795 337 ἔλεγεν.
865 281 888 325 ὅ
915 284 966 326 δὲ
1007 288 1095 332 τοῖς
1122 284 1284 325 ἐκείνου
1310 281 1449 337 λόγοις
1474 298 1568 324 πει·
1581 296 1617 331 Ρ.
1646 297 1709 330 301

114 347 236 398 σθείς
275 347 352 404 τήν
387 347 577 405 κεφαλήν
619 349 774 391 αὖτίκα
801 352 877 404 τῆς
919 347 1076 404 στήλης
1112 346 1302 402 ἀπέτεμε.
1359 350 1434 391 καί
1457 349 1570 407 αὐτῇ

114 416 164 472 τῇ
189 410 295 473 ὥρᾳ,
325 413 472 464 καθώς
504 417 662 469 ἐπέγνω
692 414 1034 471 σημειωσάμενος
1061 415 1086 456 ὅ
1116 415 1341 469 βασιλεύς,
1376 416 1421 457 ἐν
1434 417 1575 458 Βουλ-·

78 483 263 539 ὄγαρίᾳι
285 481 310 522 δ
341 479 519 534 Συμεών
548 483 720 537 τέθνηκε
741 512 754 534 ,
791 479 901 539 νόσῳ
939 480 1048 523 κατὰ
1080 483 1258 538 καρδίας
1288 479 1427 531 ἁλούς.
1484 483 1570 524 κατ’

114 548 248 591 ἐκεῖνο
279 548 327 589 δὲ
351 549 506 603 καιροῦ
538 546 656 597 λίθος
683 546 830 590 ἔπεσεν
866 545 951 590 a'nd
979 549 1052 603 τῆς
1079 549 1124 590 ἐν
1152 550 1211 605 τῷ
1241 546 1362 605 φόρῳ
1395 549 1576 603 ἁψῖδος,

115 611 165 656 ὃν
188 613 376 669 κομήτην
404 617 549 656 καλεῖν
577 614 777 667 εἰώθασι,
807 616 882 656 καί
911 614 1162 656 ἀπέκτεινεν·
1185 608 1344 669 ἄνδρας
1375 614 1422 664 ξ’.
1568 613 1571 616 ’

218 678 422 738 Ῥωμανῷ
466 681 526 738 τῷ
551 681 716 736 γέροντι
743 682 817 722 καί
856 682 996 736 ἕτερος
1039 674 1093 736 ἦν
1122 678 1576 736 νὶὀς,-Θεοφύλακτος

111 741 310 800 τοῦνομα,
345 744 546 795 διάκονος.
603 748 676 788 καί
700 746 912 796 ἐπείινέος
939 741 998 788 οόν
1030 746 1079 788 οὗ
1108 752 1384 802 συνεχωρεῖτο
1411 747 1472 797 εἰς
1500 747 1573 790 τὸν

57 810 423 868 ιοπατριαρχικὸν
464 812 708 866 ἀναχθῆναι
752 811 931 867 θρόνον,
973 818 1272 868 χειροτονεῖται
1310 814 1395 855 ἄντ’
1434 814 1572 855 αὐτοῦ
1583 820 1609 853 Β

118 878 305 936 Τρύφων
333 895 396 928 τις
423 875 533 921 ὥστε
558 879 718 920 διέπειν
743 877 812 920 τὸν
839 877 994 932 θρόνον
1021 878 1100 929 ἕως
1129 874 1182 920 ἂν
1205 879 1370 934 ἡλικίας
1396 876 1571 934 δεούσης
1582 882 1626 920 V.
1641 884 1707 918 233

113 945 137 988 ὅ
163 942 462 1001 Θεοφύλακτος
491 945 702 999 γένηταιῦ»
739 947 817 986 τοῦ
844 944 980 1000 ῥητοῦ
1012 946 1059 987 δὲ
1103 942 1259 999 χρόνου
1305 947 1572 994 τελεσθέντος

112 1008 162 1054 ὃν
199 1009 347 1066 ἔθετο,
396 1011 582 1067 Τρύφων
618 1007 641 1051 ὅ
686 1009 953 1066 πατριάρχης
991 1011 1068 1052 ου’κ
1097 1006 1251 1066 ἢθελεν
1274 1012 1472 1066 ἐκστῆναι
1499 1012 1575 1053 τοῦ

111 1076 295 1134 θρόνου,
343 1075 402 1126 ὥς
430 1077 658 1131 ὑπέσχετο,
707 1078 748 1119 εἰ
772 1075 829 1132 μή
861 1079 935 1119 καί
958 1078 1076 1119 αἰτία
1090 1091 1155 1125 τις
1172 1078 1370 1134 α’ναφανῇ
1403 1079 1575 1126 δικαίως

54 1146 260 1193 ιότοῠτον
287 1143 544 1198 κατάγουσα.
629 1143 797 1196 α’θυμεῐ
820 1143 892 1184 ἐπὶ
916 1143 1078 1192 τούτοις
1104 1142 1127 1184 ὅ
1168 1142 1384 1197 βασιλεύς.
1441 1159 1575 1199 προσ-

112 1214 288 1267 έρχεται
334 1210 450 1268 αὐτῷ
495 1211 717 1265 Θεοφάνης
759 1209 782 1250 ὅ
816 1209 1080 1264 Καισάριος,
1117 1207 1165 1251 ὃν
1192 1207 1244 1264 δή
1287 1211 1361 1252 καί
1383 1213 1576 1264 χοίρινον

114 1274 308 1320 ἐκάλουν.
365 1276 638 1330 ὑπισχνεῖται
668 1275 743 1330 τήν
770 1277 848 1317 τοῦ
886 1274 1116 1331 Τρύφωνος
1142 1274 1386 1329 κατάβασιν.
1445 1275 1575 1329 ὑπέρ-

111 1358 234 1397 χεται
263 1342 338 1384 τὸν
366 1340 652 1397 πατριάρχην.
712 1341 821 1396 λέγει
851 1340 1011 1397 ,,πολλή
1040 1343 1134 1394 μέν,
1171 1337 1207 1383 αἶ
1239 1343 1434 1395 δέσποτα,
1463 1339 1573 1382 κατιὲ

114 1425 192 1452 σου
219 1407 246 1465 ἧ
274 1411 351 1452 τοῦ
369 1410 576 1462 βασιλέως
594 1406 785 1457 ἐπίθεσις
800 1421 810 1430 ·
842 1406 949 1463 πλήν
962 1409 1095 1463 μηδὲν
1116 1408 1376 1463 εὑρίσκοντες
1392 1408 1572 1460 αἰτίαμα

51 1478 280 1534 αοὲτερον,
307 1474 366 1531 μή
397 1476 554 1517 εἰδέναι
583 1490 630 1515 σε
660 1476 827 1528 λέγουσι
864 1471 1109 1529 γῥάμματα.
1142 1471 1469 1531 πληροφόρησον
1497 1469 1611 1518 οὗνΟ

212 1614 246 1648 7.
272 1600 467 1647 κοσμὴτην
490 1598 529 1632 F.

116 1703 315 1749 Xerolophi
341 1703 513 1735 fornicem
541 1701 717 1735 collocata
743 1700 966 1733 occidentem
993 1700 1230 1745 respiciebat:
1255 1711 1337 1732 nam
1361 1700 1411 1733 ita
1426 1700 1575 1743 Syme.-

117 1765 224 1794 nem,
250 1751 308 1784 cui
333 1750 454 1783 fatalis
492 1749 555 1781 illa
580 1749 694 1789 foret,
714 1749 836 1781 statim
855 1749 1076 1781 moriturum.
1103 1748 1299 1791 imperator
1322 1747 1478 1780 hominis
1504 1747 1573 1780 ob-

117 1805 261 1834 secutus
299 1797 452 1831 consilio
491 1808 574 1829 mox
611 1796 799 1828 columnae
837 1800 945 1839 caput
977 1795 1116 1828 avulsit.
1155 1794 1278 1827 eadem
1317 1793 1429 1836 hora,
1463 1806 1573 1840 quam

117 1847 283 1894 quidem·
307 1845 436 1878 iccirco
468 1848 682 1884 annotarat,
724 1842 937 1886 Symeonem
971 1842 1010 1875 in
1045 1841 1208 1885 Bulgaria
1247 1846 1398 1875 mortem
1439 1841 1580 1875 obiisse

118 1895 288 1939 deinceps
333 1891 531 1937 comperit,
565 1889 683 1923 cordis
721 1888 846 1922 morbo
885 1888 1040 1934 quodam
1066 1889 1280 1921 confectum.
1307 1893 1392 1921 tunc
1418 1894 1454 1922 et
1479 1889 1573 1934 lapis

117 1942 163 1976 ‹le
188 1940 326 1975 fornice
353 1940 392 1972 in
417 1939 496 1971 foro
525 1937 727 1983 (Comatum
751 1936 935 1982 appellare
969 1937 1247 1981 consueverunt)
1273 1935 1431 1978 decidit,
1454 1935 1573 1969 homi-

115 2000 254 2036 nesque
279 1991 326 2023 60
354 1986 435 2020 neci
461 1985 573 2018 dedit.

210 2034 376 2069 Habebat.
397 2035 574 2067 Romanus
601 2032 719 2065 senior
754 2030 907 2064 alterum
934 2029 1048 2062 filium
1077 2034 1313 2074 cognomento
1337 2028 1578 2074 Theophyla-

117 2089 235 2125 ctum,
270 2081 411 2115 diaconi
438 2090 586 2113 munere
611 2079 830 2122 fungentem.
858 2078 887 2110 is
916 2077 1000 2121 quia
1023 2088 1090 2122 per
1115 2082 1268 2110 aetatem
1293 2076 1488 2110 admodum
1514 2078 1572 2110 iu-

116 2131 273 2166 venilem
298 2129 344 2162 ad
371 2128 502 2162 solium
525 2126 801 2172 patriarchicum
825 2124 1013 2169 pervenire
1035 2135 1109 2157 non
1134 2129 1286 2169 poterat,
1313 2123 1407 2157 forte
1423 2123 1573 2169 Trypho

117 2178 263 2224 quidam
288 2177 364 2209 eius
394 2176 472 2208 loco
498 2186 562 2219 per
587 2173 859 2216 sufftagationes
886 2171 1140 2212 constituitur,
1165 2171 1227 2216 qui
1255 2170 1386 2204 solium
1415 2171 1578 2204 adminss

118 2231 248 2260 straret
271 2223 316 2257 ad
342 2222 433 2255 illud
459 2232 571 2267 usque
599 2220 786 2264 temporis,
823 2218 939 2251 donec
966 2217 1012 2252 ad
1039 2218 1169 2252 iustam
1195 2224 1348 2251 aetatem
1375 2217 1573 2263 Theophy-

118 2273 231 2306 lactus
270 2270 500 2316 pervenisset.
538 2279 617 2301 cum
642 2273 759 2300 autem
794 2266 1050 2310 praestitutum
1074 2277 1093 2298 a
1118 2267 1278 2299 Romano
1302 2270 1444 2310 tempus
1469 2266 1573 2298 efflu-

117 2321 252 2360 xisset,
292 2317 436 2362 negavit
461 2328 497 2350 se
522 2315 670 2360 Trypho
699 2313 901 2358 patriarcha
929 2313 1019 2345 solio
1043 2323 1239 2354 cessurum,
1270 2312 1573 2357 quemadmodum

117 2367 355 2413 promiserat,
386 2363 458 2396 nisi
497 2374 603 2395 causa
638 2361 828 2395 manifesta
865 2360 1084 2405 proferretur
1118 2360 1157 2393 in
1185 2359 1369 2401 medium,
1395 2371 1501 2404 quam
1524 2358 1572 2392 ob

119 2425 260 2447 causam
283 2413 360 2446 iure
401 2411 481 2443 loco
507 2410 641 2443 moveri
665 2414 797 2454 posset.
834 2418 911 2440 eam
937 2418 1010 2440 rem
1034 2407 1251 2452 imperatore
1274 2407 1490 2452 permoleste
1515 2405 1582 2440 se-.

120 2466 244 2502 rente,
277 2458 520 2503 Theophanes
554 2468 635 2488 eum
660 2456 852 2488 Caesareae
892 2454 1055 2499 pontifex
1079 2453 1236 2495 accedit,
1264 2465 1371 2499 quem
1397 2459 1434 2487 et
1449 2454 1572 2486 Porci-

119 2502 205 2541 num
233 2506 480 2552 appellabant3
526 2506 809 2547 effectur-umque
850 2511 887 2534 se
922 2501 1113 2546 pollicetur
1147 2506 1188 2534 ut
1212 2500 1399 2546 Tryphoni
1440 2501 1571 2534 solium

119 2555 348 2589 adimeretur.
386 2551 518 2585 deiude
564 2549 661 2594 apud
696 2548 936 2594 patriarcham
977 2549 1162 2581 insinuans
1208 2558 1286 2581 sese
1323 2546 1573 2581 fraudulenter

119 2602 278 2643 „multa”
319 2601 441 2645 inquit
480 2610 524 2640 „o
551 2597 660 2637 here,
701 2602 826 2628 contra
863 2601 899 2629 te
933 2596 1082 2628 molitur
1107 2596 1313 2640 imperator.
1340 2604 1465 2627 verum
1491 2595 1572 2639 ipse

121 2660 200 2681 cum
225 2649 296 2681 suis
322 2659 462 2680 causam
488 2647 526 2678 in
553 2651 589 2678 te
612 2644 781 2688 querelae
809 2643 1140 2688 criminationisque
1170 2642 1309 2675 nullam
1335 2641 1442 2675 aliam
1468 2652 1572 2689 repe-

121 2696 265 2737 rientes,
293 2695 495 2730 litterarum
510 2698 545 2727 te
571 2691 695 2726 rudem
720 2702 796 2725 esse
814 2689 990 2725 dictitant.
1017 2695 1235 2736 quapropter
1249 2694 1344 2723 recte
1373 2689 1512 2733 feceris,
1539 2691 1573 2724 si
