1826 3120
618 161 904 203 ANNAMUM
935 161 1071 203 PARS
1105 163 1175 202 iv.
1493 142 1611 216 4073

142 258 275 313 -πᾰρά
302 258 535 302 ’Ῑούλιανοῦ
564 263 636 316 τῆς
680 263 739 312 εἰς
768 260 960 316 Χριστὸν
993 264 1130 304 ἕνεκεν
1161 260 1396 316 ὁμολογίας.
1454 255 1541 316 εἶχε
1570 262 1618 303 δὲ

158 327 516 379 συμβασιλεύοντα
534 326 640 371 κατά
667 344 714 382 γε
739 326 814 382 τὴν
834 327 1039 383 α’νατολὴν
1058 327 1130 371 τὸν
1149 327 1368 382 αἴσχιστον
1384 326 1614 371 Οὐάλεντα.

139 393 233 434 ’καὶ
257 393 345 441 πῶς
371 391 452 448 γάρ
483 393 536 435 οὔ
565 394 785 447 κάκιστος,
824 393 868 437 εἴ
887 410 934 449 γε
965 395 1066 444 τούς
1094 391 1179 436 dno*
1212 393 1616 438 Κωνσταντινουπό-

157 461 263 507 λεως
303 462 534 510 σταλέντας
570 460 678 516 πρὸς
707 460 839 503 αὐτὸν
868 461 906 502 π’
933 460 1172 516 ἱερατικοὺς
1201 458 1358 518 ἄνδρας
1389 463 1615 515 πρεσβείας

116 523 295 570 strenia
330 525 402 568 ἐπὶ
439 529 588 569 πλοίου
618 530 874 570 κατέκαυσεν
884 545 898 580 ,·
946 523 1067 578 οὗτος
1095 527 1178 569 ὑπὸ
1207 531 1246 570 Γ
1245 528 1384 571 ότθων
1412 526 1612 582 noh-spteni-
1625 536 1668 572 V.
1689 547 1749 582 ¹97

155 607 280 645 μενος
317 592 492 648 ἐζήτησε
526 593 601 635 τὸν
627 593 844 636 θειότατον
871 590 1061 650 ἀδελφὸν
1102 594 1234 636 αὐτοῦ
1265 588 1533 648 συμμαχίαν.
1589 591 1612 634 ὃ

156 659 206 701 δὲ
237 660 292 700 ου’
316 655 447 712 μόνον
477 662 553 701 οιῖκ
580 657 746 712 ἔδωκεν,
781 659 888 702 omri
919 660 993 702 καὶ
1021 660 1261 714 ὠνείδισεν,
1308 658 1443 710 οὕτως
1486 659 1614 702 εἰπών
1627 673 1744 709 P,255

154 723 237 778 »οὐ
266 724 350 780 χρὴ
396 725 522 781 ἀνδρὶ
556 729 730 782 βοηθεῖν
760 729 1014 779 πολεμοῦντι
1043 725 1181 768 θεόν.”
1238 728 1311 769 καί
1337 726 1360 769 ὅ
1387 729 1467 781 μὲν
1499 725 1615 770 Ov'a'-

154 795 232 846 λης
257 790 330 847 ἔτη
360 789 384 834 ι’
417 791 491 834 καί
515 792 551 834 δ’
579 794 833 845 βασιλεύσας
862 794 1040 842 α’νοσίως
1070 793 1152 835 ὑπὸ
1193 790 1401 846 πολεμίων
1432 796 1475 836 ἐν
1503 796 1614 847 α’χυ-

97 860 263 912 ιοραῖνι
297 857 406 914 πυρὶ
441 860 727 914 παραδίδοται
749 876 759 886 ·
834 858 857 900 ὅ
901 860 948 900 δὲ
989 859 1179 914 μοναχός
1219 861 1374 910 ἐκεῖνος
1411 858 1614 908 Ἰσαὰκιος

154 925 337 979 ἐλέγχων
381 926 461 977 μὲν
489 926 642 975 αὐτόν,
695 926 933 978 δεσμωθείς
975 927 1023 967 δὲ
1062 929 1165 978 παρ’
1202 922 1336 967 αὖτοῦ
1373 925 1446 968 καί
1475 928 1615 982 εἱρκτῇ

163 991 445 1046 παραδοθείς,
488 990 728 1046 ω’σφράνθη
770 993 815 1034 ἐν
841 992 894 1048 τῇ
923 994 1093 1048 φυλακῇ
1116 994 1189 1047 τῆς
1218 993 1431 1042 δυσωδίας
1460 995 1611 1034 ἐκκαυ-

153 1057 302 1105 θέντος
325 1058 486 1110 ἐκεῖσε,
523 1057 579 1107 ὥς
607 1055 787 1112 εἴρηται.
844 1055 865 1098 ὃ
892 1061 1034 1111 μέντοι
1068 1057 1417 1107 Ουάλεντινιανὸς
1447 1059 1520 1100 καί
1546 1058 1616 1101 τὸν

153 1121 321 1178 α’γωγόν
357 1122 602 1179 ιὸκοδόμησε
648 1123 720 1166 καὶ
762 1124 807 1167 τὸ
847 1121 966 1180 ὕδωρ
1014 1126 1073 1174 εἰς
1109 1124 1188 1180 τὴν
1233 1123 1353 1167 πόλιν
1381 1125 1612 1180 εἰσήγαγεν.

91 1185 276 1239 ιόοὖτος
308 1191 382 1232 καί
415 1188 693 1245 πραιπόσιτόν
729 1207 824 1233 τινα
854 1190 924 1232 διὰ
955 1190 1030 1246 τήν
1058 1193 1132 1246 τῆς
1160 1192 1359 1246 γυναικὸς
1386 1193 1615 1247 Βερονίκης

153 1255 324 1298 α’δικάιν
365 1259 411 1299 ἐν
454 1259 513 1298 τῶ
551 1255 798 1314 ἱπποδοόμω
837 1259 1084 1300 κατέκαυσε.
1155 1260 1383 1312 τηνικαῦτα
1419 1257 1442 1299 ὅ
1482 1275 1613 1313 μεγας
1626 1274 1651 1306 B

149 1321 380 1379 Μακάριος
420 1324 634 1373 σκύὶακας
678 1323 827 1379 ὑαίνης
864 1323 1052 1380 τυφὶους
1097 1322 1399 1378 ἐθεράπευσεν.
1458 1322 1483 1379 ἢ
1513 1327 1615 1379 γοῦν

150 1388 289 1446 μήτηο
328 1391 472 1431 αυτῶν
510 1391 645 1444 δέρμα
685 1389 898 1445 προβάτου
927 1386 1072 1445 ἤνεγκε
1112 1406 1168 1448 τω
1199 1390 1305 1447 ἆγίω
1339 1391 1474 1445 δῶρον
1502 1388 1611 1447 ὑπὲρ

149 1458 226 1511 τῆς
254 1457 338 1498 τῶν
360 1458 525 1498 παίδων
551 1456 715 1507 ἰάσεως.

85 1538 140 1567 20
260 1523 390 1568 Mem·
435 1526 482 1566 δὲ
531 1520 752 1566 Οὐάλεντα
793 1525 834 1566 Γ
832 1522 1032 1579 ρατιανὸς
1073 1523 1095 1564 ὁ
1128 1523 1219 1573 υἱὸς
1256 1523 1611 1566 Ουάλεντινιανοῦ

148 1589 221 1646 ἔτη
247 1589 294 1645 γ’.
350 1594 575 1646 τηνικαῦτα
603 1593 678 1633 καί
704 1593 748 1633 ἐν
767 1590 1061 1648 Ἀλεξανδρειζι
1089 1593 1264 1644 πρᾶγμα
1290 1591 1474 1641 ἐξαίσιον
1490 1592 1610 1645 γέγο-

148 1673 238 1700 νεν’
299 1657 326 1711 ἦ
371 1656 454 1712 γὰρ
500 1655 695 1700 θάλασσα
734 1655 854 1706 ἐντὸς
894 1658 1068 1712 εἰσῆλθε
1106 1659 1301 1699 τοσοῦτον
1339 1656 1396 1708 ὥς
1435 1656 1510 1699 καί
1554 1657 1609 1699 τὰ

241 1787 274 1821 9.
306 1773 359 1820 ιγ’
388 1774 426 1808 F.

148 1872 290 1917 accepit
327 1877 518 1918 propterea
549 1871 648 1917 quod
683 1873 919 1906 confessionis
956 1871 1088 1905 Christi
1117 1882 1219 1904 causa
1255 1870 1384 1904 fuisset
1415 1881 1436 1903 a
1462 1870 1604 1903 Iuliano

147 1925 409 1953 exauctoratus.
458 1920 495 1952 in
521 1920 667 1952 oriente
694 1925 895 1953 consortem
922 1919 1063 1965 imperii
1087 1918 1331 1963 turpissimum
1351 1917 1455 1950 illum
1470 1918 1605 1950 Valen-

122 1978 125 1981 ’
145 1972 219 2001 tem
243 1966 383 2000 habuit.
432 1979 494 1999 cur
508 1967 602 1999 enim
629 1966 724 2000 hune
746 1966 1060 2000 sceleratissimum
1083 1977 1156 1999 non
1179 1965 1429 2010 appellemus?
1455 1965 1603 2010 quando

144 2015 273 2049 missos
298 2014 343 2047 ad
370 2025 408 2047 se
434 2014 537 2058 Cpoli
566 2016 609 2048 80
636 2014 731 2047 viros
758 2025 801 2047 ex
829 2013 1054 2047 sacerdotum
1082 2012 1208 2046 ordine
1238 2012 1431 2057 legationis
1459 2012 1604 2045 obeun-

145 2061 213 2095 dae
241 2073 345 2095 causa
368 2062 407 2094 in
436 2061 518 2094 navi
547 2061 753 2094 combussit.
802 2073 882 2094 cum
907 2072 925 2093 a
951 2060 1097 2095 Gouhis
1116 2060 1150 2092 ei
1173 2059 1311 2092 bellum
1329 2064 1424 2092 esset
1447 2060 1602 2100 illatum,

146 2121 167 2142 a
193 2109 302 2142 fratre
319 2134 329 2149 ‚
365 2109 440 2142 viro
468 2109 576 2152 plane
603 2109 744 2148 divino,
781 2109 965 2153 suppetias
991 2109 1059 2141 sibi
1085 2106 1167 2140 ferri
1193 2106 1410 2152 postulabat.
1459 2107 1490 2139 is
1515 2118 1600 2140 vero

145 2167 220 2190 non
236 2162 376 2190 tantum
399 2157 520 2200 copias
538 2156 729 2189 auxiliares
750 2155 953 2200 denegavit,
978 2155 1210 2190 verumetiam
1227 2166 1305 2187 cum
1322 2153 1602 2199 exprobratione

146 2203 302 2248 quadam
333 2203 521 2248 respondit
545 2214 648 2248 opem
674 2203 860 2236 hominum
889 2214 968 2236 curn
994 2202 1062 2235 deo
1087 2202 1226 2235 bellum
1251 2202 1389 2247 gerenti
1417 2201 1602 2234 ferendam

144 2262 219 2284 non
243 2261 329 2283 esse.
379 2256 599 2295 quapropter
623 2251 755 2283 Valens
772 2277 780 2291 ,
817 2262 895 2283 cum
922 2261 1035 2283 annos
1061 2249 1185 2283 decem
1218 2254 1254 2282 et
1290 2254 1462 2294 quattuor
1492 2249 1602 2293 impie

145 2303 338 2342 regnasset,
366 2299 411 2331 ab
439 2297 603 2331 hostibus
634 2299 671 2330 in
697 2298 882 2342 palearum
909 2300 1050 2341 tugurio
1078 2296 1234 2342 quodam
1252 2297 1335 2341 igne
1356 2301 1603 2330 concrematus

146 2350 210 2378 est.
259 2344 391 2378 accidit
426 2356 468 2377 eo
499 2350 659 2390 tempore
684 2351 723 2377 ut
747 2345 903 2378 Isaacius
936 2344 1142 2384 monachus,
1168 2345 1230 2389 qui
1258 2345 1449 2378 Valentem
1475 2343 1602 2376 obiur-

145 2403 228 2436 gare
254 2392 399 2425 solebat
426 2402 540 2437 eaque
568 2392 614 2425 de
638 2404 763 2426 caussa
784 2393 924 2426 vinctus
955 2392 992 2424 in
1014 2391 1177 2425 custodia
1205 2391 1459 2430 detinebatur,
1482 2390 1603 2423 foeto-

144 2451 218 2472 rem
242 2440 359 2473 exusti
384 2438 455 2472 alio
482 2440 563 2472 loco
589 2439 763 2480 Valentis,
789 2450 855 2472 ceu
882 2439 1058 2480 diximus,
1083 2439 1120 2472 in
1147 2450 1290 2472 carcere
1316 2439 1478 2472 sentiret
1528 2438 1602 2470 νι-

143 2486 365 2519 lentinianus
383 2486 647 2532 aquaeductum
663 2486 768 2531 Cpoli
789 2486 952 2519 condidit
971 2492 1007 2519 et
1026 2497 1154 2531 aquam
1180 2486 1218 2518 in
1245 2486 1368 2519 urbem
1388 2483 1600 2517 introduxit.

141 2534 387 2578 praepositum
418 2534 600 2578 quendam
627 2534 673 2567 ob
699 2535 891 2568 Beronicie
921 2534 1063 2566 mulieri
1092 2533 1234 2566 cuidam
1270 2534 1408 2566 illatnn
1433 2531 1599 2564 iniuriam

141 2581 262 2613 vivum
290 2581 325 2613 in
349 2581 440 2614 circo
467 2582 626 2625 equestri
650 2581 855 2614 (monibussit
906 2581 944 2613 id
967 2581 1136 2626 temporis
1161 2591 1308 2624 magnus
1336 2581 1398 2612 ille
1423 2579 1600 2611 Macarius

141 2628 300 2670 hyaenae
327 2629 453 2661 catulis
490 2629 604 2661 caecis
629 2629 742 2662 visum
772 2628 941 2661 restituit.
989 2633 1066 2662 tuin
1092 2628 1232 2671 hyaena
1260 2628 1462 2660 catulorum
1486 2631 1599 2659 mater

139 2675 274 2720 pellem
300 2675 442 2708 ovinam
468 2676 543 2708 viro
568 2681 690 2708 sancto
716 2687 779 2720 pro
806 2681 928 2708 sanata
953 2675 1079 2708 sobole
1106 2676 1184 2708 loco
1213 2675 1370 2707 muneris
1395 2672 1541 2706 obtulit.

211 2755 213 2758 ,
234 2722 316 2755 Post
344 2722 533 2755 Valentem
561 2723 753 2756 Gratianus
783 2722 1031 2756 Valentiniani
1057 2722 1154 2756 filius
1180 2732 1293 2754 anuos
1311 2727 1380 2754 tres
1397 2720 1595 2764 imperavit.

139 2768 208 2803 hoc
242 2774 411 2812 regnante
442 2770 616 2815 quiddam
653 2769 874 2804 horrendum
899 2769 1138 2804 Alexandriae
1168 2768 1331 2812 contigit.
1380 2779 1463 2802 nam
1497 2779 1596 2800 mare
