1826 3120
291 124 404 200 576
738 142 1024 187 nnanms
1060 145 1274 189 emt-,As

284 239 363 294 ουν
388 243 440 285 'cd
476 242 551 285 τοῦ
574 244 783 299 ἐμφυλίου
810 247 992 321 πολέμου
1021 262 1123 292 κατα
1154 245 1229 289 τόν
1259 248 1521 303 προφανέντα
1548 249 1731 308 κομήτην

284 306 491 362 λαμβάνει
519 308 672 364 α’ρχήν.
749 309 856 352 κατὰ
885 312 1033 353 τοῦτον
1059 313 1200 364 μέντοι
1228 312 1303 354 τὸν
1332 312 1478 370 καιρόν
1502 332 1576 359 και
1590 316 1731 360 ἔκλει·

289 387 365 427 ψις
392 372 510 428 ἧλιόυ
537 376 726 453 γέγονεν,
769 373 877 418 ω’στε
917 379 990 418 καί
1022 394 1156 432 αστρα
1196 381 1392 434 φανῆναι.
1450 381 1629 438 πρόσεχε
1657 385 1731 438 δέ,

246 437 503 495 Βᾶγαπητέ,
533 438 598 482 ὅτι
628 457 714 484 των
732 442 991 496 Βουλγάρων
1020 439 1111 496 ἅμα
1142 445 1195 501 τῇ
1223 447 1394 502 τελευτῇ
1421 449 1497 489 τοῦ
1523 449 1731 501 βασιλέως

288 505 474 548 Ἰωάννου
504 506 881 563 ἄποστατησάντων
919 504 1069 564 α’ρχειν
1105 510 1247 552 αὐτων
1275 513 1608 567 προχειρι’ζονται
1635 516 1769 559 τέο-5

286 587 415 626 σαοες
443 572 650 630 ἀδελφοί,
680 576 824 627 Δαβιδ
846 577 1014 630 Μωσῆς
1037 574 1205 630 Ἀαρών
1232 593 1302 619 και
1331 576 1554 634 Σαμουήλ,
1581 579 1654 622 καί
1679 580 1732 624 οὗ

288 640 472 681 διέλιπον
515 637 653 683 ἔκτοτε
686 641 866 694 πόλεμοί
889 657 932 683 τε
969 643 1192 696 πανταχοῦ
1228 645 1302 686 καί
1338 647 1546 701 σφαγαι’.,
1575 648 1620 689 ἐν
1647 644 1734 688 ἔτει

288 706 436 765 .ςυ(ῐδ’,
454 701 689 766 Ὀκτωβρίῳ
718 710 840 763 μηνί,
869 708 1030 762 ἐγένετο
1061 708 1203 759 κλόνος
1230 709 1384 764 μέγας,
1413 713 1486 753 καί
1510 712 1733 758 κατέπεσον

285 772 415 815 οἰκίαι
439 772 513 814 καί
538 772 634 815 ναοὶ
660 775 828 827 πολλοί,
856 775 930 815 καί
954 775 1081 829 μέρος
1106 775 1181 830 τῆς
1213 779 1400 832 σφαίρας
1425 778 1500 832 τῆς
1526 779 1603 820 τοῦ
1626 781 1734 820 θεοῦ

282 837 466 894 μεγάλης
495 837 734 894 ἐκκλησίας,
781 836 882 895 ὅπερ
930 839 951 881 ὁ
981 840 1192 894 βασιλεὺς
1217 843 1450 897 φιλοτίμως
1477 842 1730 898 ἐπανωρθώ-
1751 859 1798 886 ιο

283 921 409 959 σατο,
440 903 685 960 δαπανήσας
712 908 772 955 εἰς
797 907 929 960 μόνας
957 905 1031 955 τὰς
1063 908 1260 962 μηχανάς
1285 910 1359 963 τῆς
1385 906 1562 963 ἀνόδου,
1590 911 1645 952 δι’
1673 904 1734 952 ὧν

284 970 323 1012 οἱ
361 977 546 1025 τεχνῖται
580 971 795 1025 ἱστάμενοι
839 974 914 1015 καί
947 971 1038 1020 τὰς.
1062 969 1166 1023 ὕλας
1213 975 1473 1028 α’ναγομένας
1509 973 1731 1030 δεχόμενοι

282 1034 525 1095 ᾠκοδόμουν
547 1038 592 1080 τὸ
623 1037 857 1092 πεπτωκός,
898 1036 1147 1094 κεντηνάρια
1176 1037 1218 1081 ι’.

149 1108 268 1142 P.310
393 1106 432 1145 Γ
431 1106 577 1146 ίνωσκε
619 1105 666 1145 δὲ
704 1106 776 1146 καί
814 1106 960 1157 τοῦτο,
1005 1100 1071 1146 ὅτι
1101 1106 1149 1146 τοὶ
1189 1106 1356 1148 Βοδενιὶ
1386 1105 1593 1163 φρούριόν
1617 1107 1732 1150 ἐστιν

282 1169 354 1212 ἐπὶ
380 1173 535 1224 πέτρας
552 1167 766 1222 ἀποτόμου
796 1172 997 1223 κειμενον,
1032 1172 1085 1212 δι’
1114 1166 1164 1225 ἧς
1191 1174 1383 1227 κατέρρει
1408 1171 1454 1215 τό
1473 1173 1558 1250 mrije
1587 1175 1731 1229 λίμνης
1749 1176 1798 1217 15

586 1238 604 1247 a·
643 1232 662 1249 ‘l

282 1239 357 1277 τοῦ
382 1236 601 1292 Ὀστροβου
634 1238 748 1291 υὸωρ
779 1235 861 1277 ὑπὸ
889 1238 963 1291 γῆς
990 1236 1179 1279 κάτωθεν
1219 1235 1317 1294 ῥέον
1340 1234 1538 1295 ἆφανῶς,
1564 1237 1731 1281 κάκεῖσε

280 1303 407 1344 πάλιν
430 1302 724 1355 α’ναδυόμενον.
752 1302 774 1343 ὁ
794 1304 938 1355 μέντοι
953 1305 1174 1352 Βασίλειος
1193 1303 1378 1357 συχνούς
1398 1307 1606 1358 πολέμους
1623 1304 1730 1348 κατὰ

282 1369 540 1424 Βουλγάρων
573 1367 828 1424 στησάμενος
855 1368 928 1412 καί
955 1367 1168 1426 διαφόρως
1183 1370 1330 1420 αὐτοῖς
1355 1374 1634 1424 συμπλακείς,
1663 1372 1736 1413 καί

281 1433 458 1490 τρόπαια
497 1433 654 1490 στήσας
692 1434 907 1490 κρείττονα
938 1434 1076 1490 λόγου,
1109 1435 1182 1478 καί
1206 1434 1278 1478 τὸν
1306 1436 1508 1492 Σαμουὴλ
1534 1436 1732 1488 πολλάκις

282 1500 543 1554 καταλύσας,
574 1503 645 1544 ἐπὶ
669 1500 745 1556 τήν
769 1501 969 1554 βασιλίδα
997 1500 1177 1556 ἔρχεται.
1234 1501 1308 1543 καί
1334 1502 1470 1557 δόγμα
1498 1504 1728 1556 τηνικαῦτα
1741 1522 1797 1550 2⁰

282 1568 444 1617 ἐξέθετο
477 1566 554 1618 τάς
581 1569 663 1610 τῶν
693 1565 973 1610 ἀπολωλότων
1017 1569 1223 1611 ταπεινῶν
1251 1572 1491 1619 συντελείας
1516 1570 1726 1612 τελεῖσθαι

280 1796 364 1819 mox
389 1789 426 1818 et
447 1785 620 1818 intestina
648 1785 765 1824 bella,
793 1795 884 1830 quae
914 1789 1123 1830 conspectus
1159 1789 1264 1818 antea
1293 1789 1447 1818 cometes
1472 1782 1728 1829 portenderat,

282 1838 405 1866 exorta
430 1837 523 1864 sunt.
549 1832 674 1865 itidem
694 1832 787 1865 -solis
813 1843 959 1876 quoque
976 1837 1093 1865 tantus
1109 1832 1239 1864 accidit
1253 1831 1414 1865 defectus
1443 1836 1484 1865 ut
1508 1832 1586 1876 ipsa
1611 1831 1727 1865 sidera
1764 1859 1771 1867 .

281 1880 578 1924 conspicerentur.
605 1879 694 1912 scito
727 1883 865 1919 autem,
892 1879 963 1919 fili,
996 1879 1152 1923 Bulgaris
1177 1879 1296 1912 statim
1330 1890 1350 1911 a
1373 1878 1545 1912 Iohannis
1572 1879 1727 1924 impera-

279 1927 368 1959 toris
396 1931 510 1958 morte
537 1924 777 1959 defectionem
815 1926 967 1966 molitis,
1004 1931 1172 1970 quattuor
1207 1925 1373 1958 fratribus
1398 1925 1556 1958 delatum
1585 1936 1662 1959 esse
1687 1926 1726 1960 in

281 1975 378 2018 ipsos
402 1973 610 2018 imperium,
636 1972 807 2005 videlicet
817 1972 958 2012 Dnvidi,
982 1973 1085 2013 Mosi,
1113 1973 1245 2005 Aaroni
1271 1978 1308 2006 et
1321 1972 1497 2005 Samuelo.
1522 1983 1589 2006 nec
1614 1983 1658 2017 ex
1682 1983 1726 2005 eo

280 2027 442 2064 tempore
468 2019 645 2052 bellorum
672 2026 708 2052 et
732 2019 897 2053 caedium
922 2019 1058 2064 ubique
1085 2019 1244 2053 locorum
1270 2019 1350 2052 finis
1375 2020 1455 2052 fuit.
1482 2030 1575 2052 anno
1602 2019 1727 2052 mundi

278 2067 393 2110 6494,
421 2077 544 2099 mense
569 2066 739 2108 Octobri,
768 2067 948 2100 succussio
974 2072 1091 2100 terrae
1127 2068 1251 2111 ingens
1280 2066 1420 2107 extitit,
1445 2067 1545 2099 cuius
1572 2066 1606 2099 vi
1630 2077 1729 2099 com-

278 2113 383 2158 plura
411 2112 576 2146 aedificia
602 2113 807 2158 templaque
826 2114 967 2147 deiecta
992 2119 1214 2154 corruerunt,
1239 2118 1276 2146 et
1295 2114 1388 2145 inter
1409 2113 1479 2145 alia
1495 2122 1575 2158 pars
1598 2112 1728 2158 sphae-

279 2171 340 2193 rae
364 2170 513 2204 magnae
537 2159 635 2193 illins
661 2161 721 2193 dei
746 2161 926 2200 ecclesiae,
954 2172 1059 2205 quam
1086 2161 1281 2204 imperator
1297 2159 1455 2193 studiose
1480 2159 1623 2202 refecit3
1646 2171 1727 2193 cum

278 2208 318 2240 in
346 2207 440 2240 solas
467 2206 648 2240 machinas
675 2207 885 2248 adscensus,
911 2207 1043 2252 quibus
1067 2208 1219 2240 artifices
1244 2206 1450 2240 insistentes
1477 2218 1518 2240 ac
1541 2206 1727 2240 materiam

278 2265 416 2288 sursum
439 2258 576 2286 vectam
596 2255 815 2299 excipientes
841 2254 1033 2300 collapsam
1057 2260 1194 2300 partem
1219 2253 1528 2296 exaedfficabant,
1555 2258 1728 2286 centena-

279 2301 350 2334 rios
374 2301 497 2334 decem
521 2301 768 2346 impendisset.
1703 2318 1706 2320 ·

372 2346 468 2381 Illud
493 2348 600 2380 etiam
644 2348 936 2388 animadvertito,
976 2359 1052 2381 esse
1079 2346 1265 2381 castellum
1292 2347 1473 2392 quoddam
1499 2345 1645 2379 Bodena
1669 2347 1726 2380 di·-

279 2399 402 2435 ctum,
433 2394 472 2427 in
487 2402 692 2440 praerupto
729 2396 836 2429 situm
878 2396 1050 2440 scopulo,
1092 2405 1158 2439 per
1183 2405 1290 2449 quem
1317 2395 1433 2438 stagni
1461 2393 1604 2426 Ostrobi
1630 2405 1725 2439 aqua

279 2441 613 2486 inadspectabiliter
641 2442 705 2474 sub
748 2449 841 2475 terra
879 2441 1048 2475 manabat
1080 2447 1118 2474 et
1154 2441 1260 2474 alio'
1250 2453 1288 2473 iu
1321 2441 1401 2474 loco
1435 2451 1553 2472 rursus
1586 2441 1724 2474 eximo

277 2488 459 2533 prodibat.
491 2489 686 2532 imperator
724 2501 801 2522 cum
833 2489 1041 2534 frequenter
1078 2488 1174 2520 bella
1211 2488 1369 2530 Bulgaris
1400 2487 1602 2527 intulisset,
1625 2488 1724 2520 varie

280 2547 359 2567 cum
394 2536 444 2568 eis
472 2539 613 2568 nianum
652 2536 913 2576 conseruisset,
938 2541 1087 2580 tropaea
1122 2535 1304 2568 statuisset
1340 2533 1515 2576 insignia,
1546 2544 1638 2578 quae
1663 2535 1723 2567 vix

280 2582 443 2616 oratione
483 2583 567 2615 satis
600 2583 731 2626 exponi
769 2588 938 2627 possunt,
978 2582 1142 2614 Samuelo
1164 2582 1348 2615 multoties
1381 2579 1493 2612 tracto
1528 2581 1724 2624 imperato-

282 2629 372 2660 riam
407 2628 453 2661 ad
489 2629 612 2662 urbem
635 2634 690 2661 est
718 2641 887 2662 reversus.
916 2628 1070 2662 edictum
1094 2628 1178 2661 inde
1206 2628 1427 2673 promulgat,
1453 2637 1524 2670 quo
1549 2628 1723 2660 sancitum

280 2681 320 2707 nt
344 2675 534 2719 exigendas
562 2687 581 2708 a
605 2675 745 2721 plebeis
778 2675 1001 2717 hominibus,
1028 2676 1090 2720 qui
1119 2676 1340 2708 fortunarum
1368 2673 1623 2707 detrimentum
1669 2674 1723 2706 fe-

280 2701 428 2765 cissent,
459 2722 620 2767 publicas
662 2723 946 2757 contributiones
985 2723 1150 2769 opulenti
1191 2733 1231 2755 ac
1270 2719 1502 2754 facultatibus
1541 2720 1724 2765 pollentes
