1826 3120
220 148 253 203 3
267 169 286 203 ι
299 148 336 215 4
666 167 952 209 anAEms
995 135 1210 210 01,ch

215 287 266 311 τα
296 271 342 311 δὲ
386 267 562 322 ἰσχυρὸν
600 268 672 309 τὸν
699 268 871 321 λέοντα,
912 269 956 310 ἐν
985 263 1020 326 ᾧ
1058 271 1191 327 νεκρῷ
1216 263 1302 311 ὄντι
1326 273 1424 324 μέλι
1450 271 1661 329 ἔξύφαναν

213 338 412 388 μέλισσαι
431 366 443 388 ‚
475 335 549 388 εἶφ’
579 328 629 374 οὗ
656 332 797 386 λαβών
826 331 981 390 ἔφαγεν
1009 334 1030 376 ὃ
1060 333 1266 388 Σαμψών.
1327 332 1418 379 ἀλλ’
1445 339 1660 391 ἐντεῦθεν,

213 402 422 454 α’γαπητέ,
464 399 647 455 συνορᾶν
684 395 801 450 ἄξιον
829 397 898 442 ὅτι
938 400 1072 456 μάτην
1100 399 1140 443 οἱ
1171 402 1372 444 Ἰουδαῖοι
1397 403 1661 459 ἀκαθάρτους

212 467 413 506 καλοῦσιν
451 464 573 518 ἡμᾶς.
645 468 685 507 εἰ
727 466 806 520 γάρ
847 464 1084 523 ἀκάθαρτοι
1124 462 1229 520 ἦμεν
1256 465 1480 523 ἦμεῖς,ἅτε
1507 468 1558 524 δὴ
1588 471 1662 512 τὸν

211 529 400 584 λαγωόν,
445 529 520 573 τὸν
556 537 724 587 χοῖρον,
773 534 847 574 καί
890 529 970 573 ὅσα
1018 535 1220 587 τοιαῦτα,
1268 532 1327 588 μὴ
1380 533 1486 577 κατὰ
1534 533 1698 589 νόμονό

210 597 345 637 ταῦτα
383 599 618 650 ἐσθίοντες,
664 594 821 653 ἀνάγκη
863 601 978 640 πᾶσα
1015 598 1089 641 καί
1132 597 1204 641 τὸν
1237 600 1282 642 ἐν
1319 600 1556 656 προφήταις
1586 603 1662 655 μέὲ

210 676 353 714 γιστον
381 663 530 703 Ἰ-Ιλιάν
558 670 644 711 τοϊς
683 663 829 713 αὐτοῖς
861 660 1091 719 ἔγκλημασι
1124 666 1541 718 καθυηοβάλλεοθαι.
1596 668 1664 709 τί..

169 736 280 776 υνος
317 730 478 781 {vexem-
518 725 585 771 ὅτι
616 728 688 772 τὸν
731 724 856 785 ἄρτον
893 733 937 779 ἐξ
977 727 1224 786 ἀκαθάρτου
1259 730 1367 783 ζώου
1417 733 1496 774 τοῦ
1536 731 1663 788 κόρα·

211 808 280 841 κος
313 792 539 848 δεχόμενος
578 790 717 850 ἤσθιε.
767 794 836 837 διὰ
876 795 921 837 τί
944 797 990 837 δὲ
1029 799 1165 839 ταῦτα
1211 799 1449 851 συνέβαινε,
1490 799 1565 841 καί
1601 796 1661 841 tl-

207 874 276 907 νος
304 860 439 901 ἕνεκεν
452 878 466 913 ,-
505 860 573 903 ἴνα
613 861 820 914 μάθωμεν
862 860 926 904 ὅτι
962 865 1036 904 καί
1068 862 1148 917 πρὸ
1190 865 1266 917 τῆς
1296 862 1474 917 χάριτος
1516 864 1544 920 ἦ
1579 881 1661 906 πα-
1677 877 1725 907 m

207 923 306 965 λαιὰ
336 924 385 967 τοὶ
426 928 501 967 τοῦ
529 926 660 980 νόμου
705 929 941 984 α’νέτρεπεν.
1010 929 1051 970 εἰ
1075 927 1156 983 γὰρ
1187 927 1431 983 α’κάθαρτος
1460 925 1565 985 ἦνὸ
1593 928 1662 972 κό-

209 993 309 1044 ραξ,
356 992 443 1041 πῶς
471 993 514 1043 ἐξ
552 990 684 1035 αὐτοῦ
729 993 803 1048 την
841 997 1002 1049 βρῶσιν
1030 994 1053 1035 ὅ
1103 997 1300 1044 τοσοῦτος
1342 997 1488 1044 Ἠλίας
1516 997 1660 1047 ἐδέξα-

207 1071 285 1108 τος-
312 1058 399 1106 πῶς
427 1060 473 1100 δὲ
504 1061 576 1100 καί
603 1059 624 1101 ὃ
653 1058 843 1113 Σαμψών
864 1063 1110 1115 Ναζαραῖος
1138 1058 1196 1103 (ὂν
1225 1062 1298 1103 καὶ
1323 1058 1404 1103 ὑπὸ
1435 1061 1564 1114 νόμου
1593 1077 1660 1103 τε-

75 1129 193 1168 V.130
209 1123 292 1163 λῶν
319 1121 366 1164 τὸ
410 1122 551 1179 κηριόν
592 1128 669 1166 τοῦ
708 1127 876 1179 μέλιτος
917 1125 1100 1182 ἔφαγεν,
1142 1123 1245 1182 ὅπερ
1284 1128 1328 1168 ἐν
1372 1129 1504 1184 νεκρῷ
1528 1128 1661 1170 λέοντι

206 1187 421 1245 ἐξύφαναν
447 1193 670 1244 μέλισσαι,·
696 1194 783 1240 πῶς
811 1194 856 1234 δὲ
883 1192 955 1234 καί
992 1193 1233 1248 διψήσαντα
1265 1191 1335 1234 διὰ
1364 1195 1438 1248 τῆς
1467 1192 1658 1249 daea-9059-
1677 1192 1725 1237 15

201 1269 275 1294 του
318 1256 392 1297 καί
433 1255 666 1311 μιαιφόνου
714 1255 904 1311 σιαγόνος
946 1256 1281 1312 παρεμυθήσατο
1321 1257 1344 1299 ὅ
1377 1257 1507 1311 θεός,
1535 1259 1610 1300 ἐὰν
1635 1258 1663 1303 ὅ

202 1317 349 1374 κόραξ,
381 1319 400 1362 ὅ
428 1320 571 1377 νεκρὸς
599 1323 704 1364 λέων
732 1325 804 1365 καί
831 1321 855 1379 ἧ
885 1323 1043 1376 σιαγών
1062 1326 1138 1364 τοῦ
1168 1319 1266 1366 ὄνου
1294 1322 1540 1378 α’κάθαρτας
1570 1327 1665 1374 πῶς

204 1385 274 1426 διὰ
309 1388 393 1428 ταῖν
422 1386 624 1429 τοιούτων
644 1387 666 1429 ὅ
699 1388 801 1438 θεὸς
827 1389 927 1439 τούς
949 1386 1102 1431 ἑαυτοῦ
1118 1390 1380 1444 θεράποντας
1407 1389 1667 1446 ἐθεράπευες-

75 1455 294 1500 Ρ.ι68παῖς
323 1453 369 1494 δὲ
409 1454 481 1495 καί
517 1452 743 1509 α’κάθαρτα
793 1451 894 1497 ὄντα
937 1454 1077 1510 κοινὴν
1118 1458 1309 1511 ἀρχῆθεν
1337 1455 1412 1509 τὴν
1442 1457 1659 1512 εὐφημίαν

980 1519 992 1534 ζ

207 1519 425 1571 ἐὸ“έξαντο,·
467 1515 610 1574 ,,εἷὸ“ε”
649 1518 729 1576 γάρ
772 1538 900 1577 φησιν
940 1537 991 1574 ,,ο
1034 1520 1135 1571 θεὸς
1164 1520 1297 1572 αὐτά,
1333 1525 1407 1564 καί
1440 1518 1554 1564 εἶπεν
1591 1518 1656 1563 ὅτι
1671 1537 1727 1566 20

205 1583 348 1625 uam?
418 1587 458 1627 εἰ
493 1581 567 1627 οὖν
598 1585 620 1627 ὃ
646 1593 792 1642 χοῖρος
829 1587 955 1636 καλὸς
985 1589 1042 1636 ὥς
1073 1590 1227 1641 κτίσμα
1257 1591 1381 1642 θεοῦ,
1411 1590 1500 1639 πῶς
1526 1585 1548 1634 ὅ
1579 1587 1660 1631 αὖ·

306 1695 357 1718 12.
380 1684 527 1731 ἐδέχετο
555 1697 673 1731 margo
699 1687 735 1720 P.
838 1689 888 1723 13.
916 1690 1126 1734 ναζωραῖος
1151 1688 1189 1724 F.

206 1771 244 1802 in
269 1770 370 1804 cuius
409 1770 583 1804 cadavere
622 1773 695 1805 mel
719 1784 804 1817 apes
850 1773 1045 1815 finxerant,
1085 1774 1185 1819 quod
1212 1773 1298 1807 inde
1326 1778 1506 1819 sumptum
1533 1773 1657 1808 Samso

207 1816 424 1851 comederat.
467 1823 522 1851 est
546 1824 667 1852 autem
695 1830 826 1865 operae
850 1822 1027 1865 pretium,
1060 1821 1193 1854 dilecte
1225 1822 1300 1863 fili,
1328 1828 1363 1854 te
1389 1821 1474 1854 hinc
1495 1821 1659 1855 animad-

205 1870 344 1897 vertere
371 1876 436 1897 nos
472 1865 573 1898 nulla
599 1866 643 1899 de
670 1877 776 1899 causa
809 1868 902 1900 iusta
930 1868 1132 1902 immundos
1157 1880 1177 1900 a
1199 1867 1340 1901 Iudaeis
1366 1868 1550 1913 appellari.
1573 1879 1658 1902 nam

205 1913 234 1944 si
258 1916 451 1956 propterea
485 1924 603 1945 sumus
628 1913 826 1955 immundi,
858 1915 956 1959 quod
992 1916 1175 1960 leporibus
1198 1915 1315 1960 porcis
1341 1916 1494 1960 aliisque
1518 1914 1660 1949 talibus

206 1964 328 1990 contra
352 1958 441 2002 legis
466 1959 699 1993 interdictum
722 1972 925 2003 vescamur,
964 1963 1110 1995 omnino
1137 1962 1239 2006 sequi
1264 1973 1410 1995 necesse
1435 1967 1490 1995 est
1513 1967 1554 1994 ut
1580 1974 1659 1995 ma-

203 2005 321 2037 ximus
347 2005 411 2037 ille
450 2011 572 2038 vatum
596 2007 690 2039 Elias
730 2008 857 2041 eodem
882 2008 1067 2042 nobiscum
1101 2009 1249 2042 crimine
1277 2014 1455 2042 teneatur.
1480 2009 1658 2054 quamob-

206 2063 279 2083 rem
314 2051 432 2084 istuc?
468 2053 554 2096 quia
577 2065 706 2097 panem
734 2055 778 2087 ab
811 2056 993 2089 immundo
1018 2056 1184 2097 animali,
1208 2056 1377 2088 nimirum
1403 2067 1529 2096 corvo,
1554 2067 1656 2089 acce-

205 2103 307 2143 ptum
333 2097 501 2131 comedit.
541 2111 611 2144 qua
654 2113 737 2134 vero
765 2101 809 2135 de
836 2114 939 2135 causa
977 2103 1065 2136 haec
1092 2104 1142 2136 ita
1166 2103 1259 2135 facta
1283 2102 1395 2136 sunt?
1419 2107 1460 2135 ut
1483 2102 1658 2136 sciremus

208 2146 316 2177 etiam
353 2151 436 2178 ante
469 2147 683 2190 patefactam
723 2149 783 2182 dei
809 2151 977 2193 gratiam,
1017 2151 1168 2183 durante
1202 2149 1319 2182 adhuc
1348 2150 1461 2183 veteri
1486 2149 1657 2191 loedere,

205 2192 297 2236 legis
326 2191 502 2235 quaedam
527 2201 719 2239 praecepta
743 2197 876 2230 violata
904 2198 1024 2230 fuisse.
1052 2208 1133 2230 nam
1158 2197 1318 2241 quamvis
1345 2196 1478 2229 animal
1499 2196 1655 2229 immun-

208 2238 294 2271 dum
318 2239 365 2271 sit
393 2250 545 2280 corvus,
569 2241 685 2275 nihilo
710 2249 831 2276 tamen
853 2245 968 2277 minus
995 2244 1143 2277 eximius
1168 2243 1232 2276 ille
1258 2249 1355 2276 vates
1381 2244 1476 2276 Elias
1503 2243 1654 2276 allatum

205 2286 252 2318 ab
279 2297 321 2318 eo
347 2285 465 2318 cibum
490 2289 637 2332 accepit.
667 2300 738 2333 quo
764 2291 851 2323 item
875 2297 979 2336 pacto
1008 2292 1140 2325 factum
1169 2295 1208 2323 ut
1228 2291 1360 2331 Samso,
1388 2291 1451 2334 qui
1475 2289 1655 2323 Nazarae-

204 2344 247 2365 us
273 2338 367 2365 esset
393 2344 434 2365 ac
457 2333 527 2377 legi
555 2334 748 2378 subiectus,
774 2338 854 2370 favo
883 2339 999 2371 mellis
1018 2343 1220 2371 vesceretur
1246 2337 1345 2382 quod
1371 2348 1457 2381 apes
1482 2337 1519 2369 in
1545 2337 1654 2370 cada-

202 2390 287 2413 vere
311 2379 459 2413 leonino
501 2381 716 2415 finxissent?
751 2385 814 2428 qui
851 2385 1031 2418 hominem
1057 2385 1118 2418 siti
1145 2390 1313 2417 vexatum
1341 2395 1407 2429 per
1433 2383 1654 2418 immundam

201 2427 454 2471 pollutamque
487 2429 667 2461 maxillam
704 2429 791 2463 deus
826 2432 987 2465 recreat?
1025 2434 1055 2465 si
1090 2443 1234 2471 corvus,
1267 2432 1296 2464 si
1331 2431 1516 2464 leoninum
1545 2432 1652 2464 cada-

202 2485 288 2514 ver,
318 2475 348 2506 si
373 2474 464 2506 asini
495 2476 630 2517 mortui
657 2478 802 2510 maxilla
839 2490 893 2512 res
927 2478 1129 2512 immundae
1163 2484 1265 2518 sunt,
1297 2489 1359 2510 cur
1386 2488 1452 2522 per
1487 2488 1528 2510 ea
1563 2478 1662 2511 dena*⁴

201 2520 446 2554 ministrorum
493 2532 638 2555 suorum
676 2525 772 2556 vitae
806 2526 988 2559 consuluit
1013 2531 1049 2558 et
1088 2536 1192 2570 opem
1219 2524 1334 2558 tulit?
1365 2530 1552 2568 praeterea
1587 2525 1652 2570 qui

200 2568 334 2600 factum
365 2573 420 2600 est
455 2573 495 2601 ut
532 2569 561 2601 si
599 2570 745 2614 quidem
770 2572 952 2605 immunda
976 2578 1059 2606 sunt
1084 2571 1281 2616 quaedam,
1319 2571 1424 2604 initio
1449 2577 1567 2605 tamen
1594 2583 1652 2604 re->

203 2625 280 2646 rum
311 2626 532 2648 communem
577 2616 675 2649 illam
710 2630 789 2650 cum
829 2620 978 2653 caeteris
1020 2619 1314 2652 benedictionem
1346 2619 1574 2663 acceperint?
1601 2619 1661 2652 sie

204 2660 301 2693 enim
339 2662 445 2694 sacris
480 2663 518 2695 in
551 2663 682 2696 litteris
717 2664 822 2710 (Gen.
864 2679 872 2699 1
914 2667 974 2712 31)
1006 2667 1240 2711 perscriptum
1271 2665 1423 2710 legimus
1449 2665 1564 2705 „vidit
1586 2665 1651 2698 de-

204 2719 245 2739 us
280 2709 396 2741 omnia
433 2720 526 2753 quae
568 2711 720 2751 fecerat,
761 2723 875 2758 eaque
916 2714 1010 2746 bona
1060 2724 1136 2746 esse
1183 2713 1460 2757 pronuntiavit.’'
1496 2713 1524 2745 si
1565 2719 1656 2756 erg'u’

202 2765 330 2799 porcus
366 2761 536 2801 tanquam
581 2769 634 2791 res
676 2770 695 2791 a
733 2758 800 2791 deo
834 2767 951 2794 creata
988 2760 1104 2794 bonus
1141 2765 1235 2801 erat,
1279 2759 1343 2805 qui
1383 2759 1554 2805 deinceps
1593 2759 1647 2792 sa-
