1826 3120
170 156 203 211 3
218 156 283 210 16
620 172 905 214 nucerinus
941 172 1156 214 GLYCAE

170 268 278 314 οὕτω
306 271 379 313 καί
404 272 449 313 ἐν
479 274 565 318 τοῖς
593 273 739 325 κρέασι
758 272 836 313 τοῦ
854 273 1070 326 χρησίμου
1095 270 1140 313 τό
1171 271 1379 327 βλαβερὸν
1407 272 1617 326 ὃιακρίνοό

168 353 268 391 μεν,
298 335 391 379 ἐπεὶ
430 333 617 389 λα’χανόν
645 337 731 378 ἐστι
769 337 843 378 καί
883 336 928 378 τὸ
971 335 1167 389 κώνειον,
1211 332 1348 391 ὥσπερ
1377 338 1500 391 κρέας
1525 335 1617 379 ἐστὶ

751 397 771 414 ‘l
925 396 945 412 >l

170 401 241 444 καὶ
261 399 307 442 τό
350 399 545 455 γύπειον·
618 400 710 442 ἀλλ’
749 417 862 455 ομως
895 416 990 443 ουτε
1027 400 1268 454 ὑοσκύαμον
1304 398 1432 457 φάγοι
1474 397 1526 444 ἅν
1548 416 1616 449 ,τις

168 469 269 508 νοῦν
318 464 425 519 ἔχων
436 498 449 518 ,
503 460 601 507 οὔτε
643 465 767 514 κυνὸς
794 464 952 521 ἅψαιτο
979 464 1038 522 μή
1077 465 1260 522 μεγάλης
1289 467 1470 521 α’νάγκης
1495 481 1615 508 κατε-

121 540 153 573 D
170 529 416 585 πειγούσης,
446 531 504 580 ὥς
533 527 556 572 ὅ
579 548 624 586 γε
656 531 804 588 φαγών
833 534 907 574 οὐκ
934 528 1158 588 ἦνόμησε.”
1229 532 1420 586 μάνθανε
1451 527 1528 577 οὖν,
1549 528 1652 581 ὅτι5

166 598 211 639 τὸ
257 596 465 652 βλαβερὸν
508 599 777 654 ἐκφεύγοντες
815 597 868 640 τοὶ
915 601 995 651 μὲν
1023 601 1105 641 τῶν
1136 599 1252 651 ζώων
1278 600 1502 651 ἐσθίομεν,
1535 593 1617 639 ὅσα

169 664 242 704 καί
278 666 439 716 μᾶλλον
481 658 650 717 εἷῖχυμά
681 680 723 706 τε
763 664 837 706 καί
872 664 1083 720 τρόφιμα,
1129 664 1182 706 τὰ
1211 666 1256 706 δὲ
1285 661 1618 718 μυσαττόμεθα,

168 731 362 782 καχεξίας
390 730 463 770 καί
489 727 590 778 ἴσως
619 730 688 771 καὶ
716 731 867 784 αἠὁίἀς
898 725 995 772 ὄντα
1024 732 1270 786 παρεκτικά.
1300 727 1430 787 ταύτῃ
1455 744 1522 772 τοι
1547 731 1623 778 καί

169 791 296 846 ὅρους
324 793 363 836 οἱ
388 796 566 847 πατέρες
594 794 665 837 ε’πί
692 797 853 844 τούτοις
880 798 1118 849 τεθείκασι,
1149 797 1193 838 τὸ
1223 800 1364 850 λίχνον
1390 795 1619 837 κάντεῦθεν

169 858 286 913 ἡμῶν
313 860 649 909 α’ναστέλλοντες.
707 864 779 902 καί
807 863 936 903 ταῦτα
969 863 1048 914 μὲν
1076 863 1136 911 εἰς
1160 864 1371 907 τοσοῦτον,
1637 881 1685 907 ιο

271 921 415 977 ’Ἀξιον
444 928 490 968 δὲ
519 929 592 968 καί
616 929 741 969 τινιόν
769 925 966 981 ἱστοριῶν
998 929 1308 982 ἐπιμνησθῆναι
1338 924 1622 983 φιλομαθείας

168 991 297 1048 χάριν
336 994 411 1046 τῆς
449 994 526 1045 σῆς
564 993 610 1034 ἐκ
645 995 718 1047 τῆς
753 988 937 1047 Ἰουδήθ.
1005 992 1026 1034 ὅ
1058 991 1440 1048 Ναβουχοδονόσορ
1472 990 1543 1033 διὰ
1573 990 1619 1034 τό

168 1057 226 1111 μή
256 1059 534 1112 ἐπικουρῆσαι
563 1060 678 1115 αὐτῷ
708 1059 867 1107 πάντας
909 1057 977 1100 ὅτε
1005 1062 1197 1112 ἐπολέμει
1224 1058 1328 1112 μετὰ
1353 1061 1432 1100 τοῦ
1455 1057 1621 1114 'Ampa-

169 1125 243 1175 ξᾶ,
286 1124 497 1165 ἐπέστειλε
547 1123 619 1165 τὸν
665 1123 895 1178 στρατηγὸν
936 1126 1069 1166 αὐτοῦ
1102 1124 1353 1180 Ὁλοφέρνην
1397 1122 1498 1165 κατὰ
1540 1122 1621 1164 πά-

169 1203 246 1243 σης
271 1189 342 1242 τῆς
370 1190 473 1242 γῆς,
511 1189 639 1230 εἰπών
683 1187 789 1243 πρὸς
817 1189 949 1231 αὐτόν
979 1189 1107 1242 ,,τάδε
1136 1192 1244 1244 λέγει
1269 1187 1470 1243 βασιλεῦς
1497 1188 1519 1229 ὅ
1547 1191 1686 1242 pce-15

167 1270 269 1309 γας,
311 1251 332 1294 ὃ
359 1253 501 1307 κύριος
539 1253 673 1309 πάσης
700 1257 775 1309 τῆς
805 1257 917 1309 γῆς.”
974 1257 1045 1311 ἐφ’
1071 1250 1107 1314 ᾦ
1134 1254 1208 1297 καί
1230 1256 1338 1298 κατὰ
1365 1255 1524 1310 ταύτην
1548 1253 1623 1310 τὴν

169 1320 359 1361 κέλευσιν
403 1318 628 1375 ἀνταίροντι
667 1322 725 1377 τῷ
762 1321 993 1376 Ὁλοφὲρνη
1034 1320 1137 1363 κατα
1176 1321 1413 1373 Ἰουδαίων,
1443 1318 1526 1375 ἔφη
1551 1321 1626 1362 καί

169 1385 268 1426 τάδε
298 1381 319 1425 ὅ
351 1384 608 1440 Ἀμμανίτης
633 1384 792 1441 'Afinio
823 1387 893 1438 ,,εἰ
919 1388 996 1439 μὲν
1023 1385 1138 1428 ἔστιν
1166 1387 1353 1442 α’γνόημα
1381 1388 1426 1428 ἐν
1453 1389 1508 1442 τῷ
1536 1386 1624 1442 λαῷ

34 1458 77 1493 V.
97 1449 301 1508 ιὸιτούτῳ
343 1452 417 1493 καί
445 1449 758 1506 ἁμαρτάνουσιν
803 1454 863 1500 εἰς
891 1451 964 1493 τὸν
991 1451 1092 1493 θεὸν
1123 1452 1282 1506 αὐτῶν,
1311 1451 1624 1505 α’ναβησώμεθα

170 1515 242 1558 καί
266 1514 615 1572 ἐκπολεμήσωμεν
658 1517 837 1566 αὐτούς·
895 1518 935 1559 εἰ
961 1519 1005 1559 δὲ
1036 1517 1092 1572 μή
1126 1534 1195 1571 γε,
1223 1520 1467 1574 παρελθέτω
1499 1515 1521 1557 ὅ
1549 1516 1620 1558 mi-
1635 1537 1686 1564 20

174 1725 336 1758 oleribus
373 1724 473 1770 quod
506 1726 651 1758 noxium
682 1731 751 1766 est,
787 1726 830 1759 ab
864 1737 905 1759 eo
932 1727 1147 1759 secernimus
1183 1725 1280 1771 quod
1305 1730 1455 1759 naturae
1477 1729 1621 1758 nostrae

173 1771 363 1811 convenit,
389 1772 440 1804 sic
466 1772 573 1804 etiam
599 1772 637 1804 in
661 1772 828 1806 carnibus
854 1773 899 1805 ab
923 1774 1077 1806 utilibus
1105 1783 1352 1818 quaecumque
1377 1770 1508 1805 noxiae
1537 1777 1623 1805 sunt

173 1819 401 1851 secernimus.
434 1831 516 1851 nam
542 1824 579 1852 et
604 1819 719 1852 cicuta
746 1819 898 1864 perinde
939 1821 1076 1853 olerum
1106 1820 1350 1865 appellatione
1377 1819 1499 1859 venit,
1522 1823 1563 1851 ut
1585 1823 1623 1852 et

174 1866 355 1898 vulturum
394 1876 516 1898 carnes
539 1877 604 1910 pro
631 1866 797 1900 carnibus
825 1866 1014 1900 ducuntur.
1051 1878 1156 1900 nemo
1182 1872 1302 1900 tamen
1324 1866 1451 1899 mentis
1477 1876 1624 1910 compos

174 1912 427 1955 hyoscyamum
463 1912 660 1945 comederit
695 1924 762 1946 nec
803 1925 944 1946 carnem
977 1915 1138 1947 caninam
1171 1914 1391 1957 gustaverit,
1425 1912 1495 1945 nisi
1529 1912 1625 1944 forte

174 1970 300 2003 magna
325 1958 501 2003 quaedam
528 1960 723 1993 necessitas
753 1966 895 2004 urgeat3
921 1961 1021 2006 quod
1055 1960 1200 2006 quidem
1229 1961 1259 1993 si
1295 1960 1504 2000 usuveniat,
1528 1957 1623 1991 nihil

174 2005 242 2038 hoc
264 2005 370 2039 modo
400 2017 545 2039 vescens
586 2006 775 2052 delinquit.
805 2014 1025 2052 quapropter
1061 2008 1149 2040 scire
1176 2006 1285 2040 debes
1310 2018 1376 2039 uos
1405 2016 1512 2050 opera
1539 2004 1624 2038 data

176 2063 231 2084 res
256 2053 381 2085 noxias
407 2053 583 2092 aversari,
613 2059 649 2086 et
671 2055 711 2086 iis
737 2053 882 2099 quidem
908 2054 1123 2088 animalibus
1146 2055 1241 2087 vesci
1267 2063 1503 2098 quaecunque
1527 2049 1623 2084 succi

175 2098 265 2131 boni
288 2105 371 2132 sunt
396 2099 560 2143 utileque
585 2101 843 2134 nutrimentum
869 2103 1063 2146 praebent,
1089 2102 1133 2134 ab
1159 2101 1240 2133 aliis
1270 2106 1389 2133 autem
1417 2098 1622 2139 abhorrere,

177 2156 270 2190 quae
297 2146 389 2178 forte
427 2145 671 2179 valetudinem
710 2148 972 2181 incommodam
1007 2149 1065 2182 vel
1091 2147 1229 2192 aliquid
1255 2147 1354 2179 aliud
1382 2147 1542 2190 ingratae
1570 2146 1622 2178 rei

177 2192 284 2225 nobis
307 2192 381 2224 sint
403 2193 659 2234 conciliatura,
686 2195 714 2226 si
738 2196 980 2228 comedantur.
1013 2195 1119 2240 prisci
1145 2194 1291 2240 quidem
1317 2193 1373 2225 illi
1400 2198 1518 2237 patres
1546 2203 1624 2225 cer-

177 2244 233 2272 tas
258 2238 362 2271 nobis
387 2237 454 2271 hac
477 2239 514 2271 in
538 2246 637 2284 parte
664 2241 759 2285 leges
776 2242 1093 2287 praescripserunt,
1117 2247 1158 2274 ut
1179 2241 1345 2274 lasciviae
1371 2239 1623 2284 voluptatique

178 2291 323 2319 nostrae
346 2285 492 2318 modum
512 2291 719 2320 statuerent.
746 2301 784 2321 ac
811 2288 854 2321 de
880 2289 936 2322 his
956 2300 1039 2322 sane
1064 2288 1198 2321 dictum
1226 2287 1398 2320 hactenus
1423 2291 1510 2318 esto.
1537 2285 1624 2330 quia

180 2343 264 2366 vero
290 2332 448 2365 studium
473 2333 511 2364 in
543 2332 713 2366 discendo
753 2341 854 2368 tuum
883 2336 973 2369 mihi
999 2341 1226 2380 perspectum
1253 2339 1325 2375 est,
1351 2343 1482 2377 operae
1509 2332 1624 2376 preti-

180 2390 240 2412 um
267 2379 424 2412 facturus
459 2390 554 2422 suin,
583 2380 613 2412 si
645 2382 868 2425 quarundam
896 2394 940 2416 ex
974 2381 1139 2416 Iudithae
1163 2381 1255 2414 libro
1280 2380 1524 2414 narrationum
1547 2390 1625 2412 nie-

180 2436 329 2459 minero.

273 2471 605 2507 Nabuchodonosor
636 2479 825 2518 propterea
849 2475 948 2520 quod
981 2474 1145 2508 nationes
1171 2480 1332 2506 caeterae
1359 2472 1428 2506 sibi
1454 2471 1624 2507 adversus

180 2519 381 2563 Arphaxam
408 2519 544 2552 bellum
569 2521 706 2564 gerenti
732 2532 835 2565 opem
861 2533 933 2554 non
963 2521 1149 2561 tulissent,
1179 2520 1360 2566 copiarum
1383 2531 1524 2559 suarum
1554 2520 1624 2552 im-

180 2572 384 2611 peratorem
409 2566 652 2611 Olophernem
679 2566 846 2601 adversus
879 2569 1022 2614 quosvis
1049 2567 1246 2611 ablegavit,
1273 2577 1383 2611 seque
1409 2567 1520 2599 totius
1547 2572 1621 2599 ter-

182 2624 296 2644 rarum
322 2614 418 2646 orbis
443 2625 608 2657 magnum
632 2625 749 2657 regem
770 2627 808 2647 ac
836 2615 1018 2648 dominum
1044 2614 1250 2659 appellavit.
1275 2613 1344 2646 hoc
1369 2614 1538 2645 mandato
1563 2623 1623 2645 ac-

182 2665 287 2702 cepto
315 2660 481 2693 adversus
507 2660 658 2693 Iudaeos
674 2660 897 2704 Olophernes
923 2662 1040 2706 copias
1069 2667 1196 2694 movet.
1224 2672 1304 2692 eum
1328 2659 1459 2692 Achior
1482 2658 1624 2693 Amma-

183 2706 276 2738 nilcs
302 2706 338 2738 in
363 2707 454 2739 hanc
479 2708 690 2740 senteutiam
719 2719 881 2740 monere:
917 2709 945 2741 si
972 2707 1069 2753 quod
1093 2713 1185 2741 esset
1210 2707 1380 2740 delictum
1404 2707 1480 2739 eius
1505 2706 1625 2739 natio-

184 2753 335 2797 nisquo
374 2753 479 2787 deum
507 2753 757 2795 offendissent,
795 2761 890 2788 recte
917 2767 953 2789 se
979 2756 1156 2795 facturos,
1181 2754 1210 2786 si
1236 2754 1416 2797 regionem
1442 2753 1540 2786 illam
1565 2753 1624 2785 in-
