1826 3120
607 138 890 180 ANNALmM
929 137 1063 179 PARS
1092 139 1124 178 1.
1503 120 1573 192 67

139 242 233 295 κός,
266 237 363 284 ὅθεν
407 241 479 282 καί
504 240 711 293 μαλάκιον
737 239 996 292 ὄνομάζεται.
1061 238 1218 294 γυμνὸν
1244 233 1318 281 οιῖν
1345 238 1479 295 πάντῃ
1508 241 1615 280 nain

140 310 320 358 ιῖσκεπὲς
359 302 404 349 ὃν
447 307 566 361 (ου’δὲ
607 305 684 361 γάρ
716 303 906 363 ὀστράκῳ
934 301 961 360 ἢ
991 307 1165 360 δέρματι
1190 307 1447 362 περιέχεται)
1478 321 1580 359 προ-

143 377 390 417 αισθάνεται
418 374 471 415 δι’
499 373 733 414 εὐπάθειαν
761 373 839 414 τοῦ
869 373 1086 426 χειμῶνος,
1116 369 1212 413 ὅθεν
1236 368 1449 423 ἐξάλλεται
1478 372 1582 426 φεύ-

142 457 274 496 γουσα
315 438 359 482 τὸ
411 441 551 493 ψῦχος
588 439 660 480 καί
690 437 765 492 τήν
792 439 837 480 ἐν
873 435 999 491 βάθει
1028 436 1219 493 ταραχὴν
1247 439 1320 492 τῆς
1346 435 1580 492 θαλάσσης.

106 504 246 551 ὅδ’ταν
274 501 349 547 οὖν
375 504 498 548 ἴδωσι
526 503 571 547 τὸ
601 502 796 558 ἰχθύδιον
820 505 941 545 τοῦτο
972 501 1265 558 ἑπινηχὸμενον
1297 503 1349 560 τῇ
1377 503 1584 560 θαλάσσῃ,

142 575 329 627 χειμῶνα
355 572 676 626 τεκμαίρονται,
717 566 856 624 ὥσπερ
884 566 983 610 ὅταν
1019 567 1140 612 ἴδωσι
1171 567 1243 612 τὸν
1271 567 1484 612 πολύποδα
1514 572 1588 624 τῆς

144 642 300 695 πέτρας
349 637 667 693 περιεχόμενον,
710 635 875 688 ἀνέμων
914 636 1181 690 σημειοῦνται
1213 636 1363 692 φοράν.
1420 637 1588 690 ἐγκατέ-

144 721 290 760 σπειρε
314 703 395 759 γὰρ
437 709 521 753 τοῖς
557 700 677 751 ζώοις
719 700 741 743 ὁ
783 699 884 751 θεὸς
919 702 1114 755 δυνάμεις
1152 702 1461 756 προγνωστικὰς
1488 699 1590 756 πρὸς

144 770 222 827 τήν
249 772 321 826 τῆς
350 773 456 825 ζωῆς
486 770 624 811 αὐτῶν
651 768 868 811 σύστασιν.
922 768 993 810 καί
1021 765 1128 810 ἄλλα
1156 771 1234 821 μὲν
1252 767 1398 823 τὰτῆς
1435 765 1592 810 θαλάτ-

86 858 133 883 10
147 854 218 893 της
244 835 335 879 τινά
364 833 559 891 τυγχάνει
592 834 771 892 φοβερά.
843 830 922 888 οὗχ
951 829 1074 889 ἧττον
1105 837 1151 876 δὲ
1177 836 1251 876 καί
1277 833 1473 889 τρυγόνος
1501 836 1591 876 κέν-

146 919 242 959 τρον
265 905 339 958 τῆς
365 904 622 955 θαλαττίας,
654 903 726 943 καί
750 900 903 957 ταύτης
927 904 1087 955 νεκρᾶς,
1118 900 1190 942 καί
1215 900 1235 943 ὃ
1265 900 1428 955 λαγωὸς
1456 899 1477 942 ὅ
1509 904 1591 942 θα-

147 967 319 1018 λάσσιος
347 974 521 1022 ταχεῖαν
549 967 622 1010 καί
658 964 946 1023 ἀπαραίτητον
974 967 1050 1022 τὴν
1079 967 1248 1024 φθοράν
1275 969 1562 1023 ἐπιφέρονται.

258 1037 297 1077 Γ
295 1036 442 1077 ι’νωσκε
478 1036 524 1076 δὲ
553 1031 620 1076 ὅτι
647 1032 759 1090 παρὰ
799 1039 886 1083 τοῖς
915 1031 1088 1087 ἰχθύσιν
1117 1036 1311 1088 λαγνείαν
1345 1030 1468 1075 εἶναι.
1526 1035 1632 1078 κεῖ-Ο

150 1105 282 1159 φαλος
301 1100 380 1156 γάρ
410 1104 544 1156 θῆλυς
567 1099 681 1156 παρά
706 1102 765 1158 τῷ
794 1102 970 1157 αἰγιαλῷ
999 1100 1246 1153 προσδεθείς
1265 1105 1379 1142 ποιεῖ
1402 1100 1500 1150 τούς
1518 1095 1594 1154 ἆρ-

90 1179 137 1220 15
150 1185 276 1226 ρενας
312 1167 608 1222 πελαγίζοντας
644 1163 890 1222 πλησιάζειν
939 1168 1070 1209 έκεῖσε
1117 1166 1188 1208 καί
1230 1162 1318 1208 οἷον
1352 1169 1402 1224 τῇ
1445 1167 1596 1223 θηλείᾳ

150 1233 451 1291 περισκαίρειν.
527 1232 549 1274 ὅ
591 1232 704 1275 κύων
733 1231 863 1286 ἰχθύς
909 1233 1030 1287 ἡνίκα
1060 1231 1208 1289 ψόφου
1233 1231 1340 1282 τινὸς
1370 1233 1599 1287 αἴσθηται,

151 1301 204 1346 τοὶ
234 1301 438 1345 σκυλάκια
472 1300 608 1341 αὐτοῦ
636 1298 751 1354 παρὰ
782 1302 838 1355 τῷ
877 1298 1011 1356 οἰκείῳ
1040 1297 1216 1353 κρύπτει
1247 1299 1383 1356 κόλπῳ
1412 1298 1485 1340 καί
1515 1295 1597 1340 αὖ-

151 1372 222 1418 θις
255 1367 406 1421 ἐξάγει.
485 1362 564 1420 ὅρα
605 1367 651 1406 δὲ
688 1366 842 1421 σοφίαν
870 1367 942 1406 καί
979 1367 1179 1420 πονηρίαν
1205 1369 1360 1421 μικροῦ
1392 1365 1500 1418 ζώου
1527 1366 1600 1406 καὶ

153 1434 377 1481 α’σθενοῦς.
445 1430 468 1473 0‘
509 1431 700 1486 καρκίνος
742 1433 816 1484 τῆς
860 1431 1016 1486 σαρκὸς
1054 1432 1260 1484 ἐπιθυμεῖ
1292 1434 1371 1473 τοῦ
1409 1432 1597 1486 ὀστρέου.

87 1498 261 1544 αοᾶλλιὶ
302 1497 374 1541 καὶ
417 1496 654 1546 δυσάλωτος
699 1497 724 1551 ἧ
768 1493 876 1551 ἄγρα
914 1498 1027 1554 αὐτῷ
1053 1494 1124 1539 διὰ
1170 1497 1246 1552 την
1274 1497 1497 1552 περιβολὴν
1523 1499 1601 1539 τοῦ

155 1564 361 1623 ὀστράκου
405 1565 586 1619 γίνεται·
660 1564 844 1618 άρραγεῖ
861 1561 940 1617 γάρ
971 1559 1093 1620 ἓρκίῳ
1127 1562 1173 1606 τὸ
1203 1563 1366 1605 ἁπαλόν
1394 1565 1468 1618 τῆς
1496 1580 1601 1617 σαρ-

156 1633 228 1684 κὸς
255 1631 281 1688 ἥ
310 1629 439 1688 φύσις
466 1631 828 1686 κατησφαλίσατο,
860 1627 925 1670 διὸ
957 1628 1031 1670 καί
1056 1626 1391 1686 ὀστρακόδερμον
1417 1629 1462 1672 τὸ
1495 1631 1601 1682 ζῶον

255 1754 307 1786 ι3.
334 1748 407 1798 ὅτι]
435 1749 526 1784 zai?

159 1872 266 1895 causa
289 1858 477 1892 malacium
506 1866 650 1901 quoque
674 1866 694 1887 a
716 1855 873 1888 mollicie
898 1860 1134 1900 nuncupatur.
1163 1866 1316 1900 cumque
1341 1855 1459 1889 nudus
1486 1858 1602 1889 onmi-

159 1921 206 1943 no
223 1908 269 1941 sit
286 1911 323 1939 et
348 1917 368 1942 a
393 1916 430 1937 re
454 1903 556 1937 nulla
582 1908 733 1946 tegatur,
757 1913 831 1935 non
854 1908 947 1935 testa
961 1914 1028 1934 nec
1051 1908 1143 1943 cute,
1173 1907 1422 1947 tempestatem
1439 1914 1480 1936 eo
1496 1904 1601 1937 citius

157 1953 424 2002 praesentiscit‚
460 1961 532 1996 quo
574 1949 716 1983 facilius
749 1948 926 1982 adficitur.
964 1950 1088 1994 itaque
1113 1948 1308 1989 subsultat,
1349 1960 1466 1995 eoque
1492 1956 1598 1995 pacto

159 2003 270 2048 frigus
297 2006 334 2034 et
357 1999 463 2033 maris
498 1998 536 2030 in
574 1998 646 2029 imo
673 1995 982 2041 perturbationem
1012 1997 1111 2030 vitat.
1146 2001 1364 2042 quapropter
1388 2002 1520 2030 nautae
1545 1999 1603 2043 pi·-

160 2049 330 2084 sciculum
367 2047 463 2080 hunc
494 2044 717 2077 innatantem
746 2043 833 2075 mari
870 2043 1132 2088 conspicientes
1157 2049 1407 2088 tempestatem
1431 2045 1602 2089 portendi

159 2097 456 2130 animadvertunt.
499 2091 624 2125 itidem
662 2091 691 2123 si
729 2091 900 2135 polypum
942 2090 1089 2124 videant
1124 2102 1208 2124 saxo
1247 2089 1524 2132 adhaerescere,
1553 2091 1598 2124 de

158 2149 348 2177 ventorum
388 2146 488 2175 motu
526 2138 748 2184 praesagium
785 2137 970 2182 colligunt.
995 2150 1075 2171 nam
1100 2137 1187 2170 deus
1213 2137 1402 2171 facultates
1432 2137 1606 2183 quasdam

161 2192 282 2225 sutura
314 2185 557 2236 prospiciendi
584 2185 797 2219 animalibus
835 2184 879 2216 ad
901 2185 995 2217 vitae
1028 2185 1187 2230 ipsorum
1215 2185 1522 2219 conservationem
1546 2186 1604 2218 in-

161 2239 262 2271 sevit.
289 2242 373 2271 sunt
412 2235 520 2268 etiam
562 2234 657 2266 inter
681 2232 832 2265 marinas
875 2231 1008 2265 bestias
1038 2231 1214 2278 quaedam
1242 2231 1476 2273 metuendae,
1502 2244 1607 2276 prae-

161 2286 283 2319 sertim
318 2283 522 2329 pastinacae
557 2281 715 2313 marinae
753 2278 934 2320 stimulus,
976 2279 1082 2313 etiam
1116 2285 1301 2320 mortuae,
1328 2280 1421 2313 sicut
1444 2285 1482 2313 et
1502 2280 1606 2324 lepus

162 2333 319 2366 marinus
345 2330 496 2363 celerem
520 2327 657 2361 homini
684 2332 718 2360 et
741 2325 987 2359 inevitabilem
1012 2327 1196 2360 interitum
1226 2327 1354 2360 adfert.

257 2379 446 2412 Praeterea
477 2375 635 2421 piscibus
667 2374 886 2407 salacitatem
926 2372 1039 2407 tribui
1062 2374 1152 2407 scire
1179 2373 1299 2408 debes
1326 2385 1409 2407 nam
1434 2373 1605 2418 ceplialus

167 2426 300 2459 femina
323 2425 436 2458 littori
457 2423 601 2467 alligata
625 2421 723 2461 facit,
749 2426 790 2454 ut
807 2431 918 2453 mares
942 2426 1143 2454 aestuantes
1161 2432 1202 2454 eo
1228 2427 1358 2454 coeant
1376 2421 1605 2464 feminaeque

147 2474 266 2516 zvelut
292 2472 486 2506 adsultent.
525 2469 622 2502 canis
659 2474 777 2501 autem
801 2469 957 2501 marinus
982 2468 1012 2501 si
1035 2469 1223 2514 strepitum
1248 2468 1426 2513 quendam
1453 2468 1604 2508 sentiat,

167 2521 315 2554 catellos
341 2530 422 2552 suos
448 2518 485 2550 in
512 2517 591 2550 sinu
619 2515 775 2549 occultat
798 2515 963 2560 proprio,
991 2526 1031 2547 ac
1053 2515 1223 2560 deinceps
1250 2527 1310 2548 eos
1334 2515 1487 2548 vicissim
1516 2513 1606 2546 edu-

168 2567 226 2601 cit.
253 2567 394 2612 adspice
428 2571 547 2598 autem
572 2563 662 2596 mihi
679 2588 687 2603 ‚
725 2573 882 2607 quaeso,
907 2561 1030 2606 pusilli
1053 2574 1092 2595 ac
1120 2562 1251 2595 debilis
1275 2561 1437 2594 animalis
1462 2562 1606 2606 sapien-

167 2614 253 2647 tiam
279 2620 387 2659 atque
410 2611 612 2645 versutiam.
639 2621 764 2642 cancer
787 2609 895 2642 ostrei
924 2620 1062 2642 carnem
1090 2611 1248 2655 appetit,
1283 2608 1347 2642 sed
1367 2609 1445 2654 ipsa
1472 2607 1606 2653 praeda

168 2661 276 2704 potiri
313 2666 461 2706 propter
501 2658 753 2691 indumentum
787 2661 899 2690 testae
932 2655 1120 2689 difficulter
1153 2661 1291 2702 potest:
1330 2667 1413 2688 nam
1443 2660 1606 2688 teneram

168 2719 307 2746 carnem
333 2706 486 2753 quodam
513 2705 618 2750 quasi
639 2710 743 2750 septo
770 2709 897 2737 natura
925 2714 997 2737 non
1021 2703 1127 2737 facile
1155 2702 1350 2747 frangendo
1375 2703 1526 2746 muniit3
1549 2701 1606 2735 id-
