1826 3120
603 144 899 192 smmum:
931 147 1164 193 pnsum
1476 134 1593 191 605

137 246 336 299 ταλεῖψαι
378 247 453 290 και
483 245 633 301 λόγους
674 249 915 299 δικανικους
960 249 1335 304 ἐκπαιδεύεσθαι,
1359 249 1383 293 ὃ
1419 252 1471 308 δή
1520 257 1596 296 καὶ

137 325 239 360 τους
270 307 481 366 Τοῦρκους
509 312 687 369 ἠρέθισε
716 331 824 359 κατα
848 316 1070 369 Ῥωμαίων
1090 322 1250 373 χωρεῖν
1276 334 1361 360 και
1375 314 1511 368 ἀδεῶς
1539 320 1594 362 τά

108 377 308 419 ,ἐκείνων
332 379 587 434 ληίζεσθαι.
655 383 727 423 καί
763 381 816 423 τὰ
851 383 930 435 μὲν
969 382 1074 425 κατὰ
1116 382 1192 438 τὴν
1224 383 1432 440 ἀνατολὴν
1460 382 1596 436 ου’τως

137 440 254 498 εἶχε,
281 442 386 487 κατὰ
418 445 467 487 δέ
492 461 538 500 γε
565 445 640 501 τήν
665 446 787 491 δύσιν
812 446 936 499 ἔθνος
959 445 1143 501 Οὕζικόν
1167 449 1351 504 (Σκύθαι
1379 452 1426 494 δὲ
1453 447 1593 508 οὗτοι)

72 520 74 522 ’
97 510 210 553 5και“
236 511 321 553 ταῖν
347 512 633 563 Πατζινακῶν
661 511 701 555 οἱ
734 514 1018 570 εὐγενέστεροι
1045 515 1120 558 τὸν
1139 510 1304 571 Ἴστρον
1334 517 1593 574 διαπεραιιό-

133 592 297 630 σαντες,
317 574 422 620 ὦσεί
442 576 650 633 μυριάδες
666 578 711 632 ξ’,
731 580 1003 636 καταδρομὴν
1018 577 1086 624 ὅτι
1103 580 1259 638 πολλὴν
1278 585 1359 626 τῶν
1374 583 1631 638 ῬωμαίωνΒ

131 642 347 698 ἠπείλουν.
383 644 613 698 μανθάνει
642 648 775 688 ταῦτα
802 662 823 688 ο
853 647 1075 701 βασιλεύς,
1109 651 1181 691 καί
1219 645 1288 693 οἶα
1319 648 1593 707 φιλοχρήμα-

130 723 204 759 τος
217 711 292 752 καί
316 708 392 752 τὸν
418 709 570 763 ὄβολόν
587 711 740 762 παντὸς
759 716 984 793 προτιμῶν,
1017 714 1246 758 κάντεῦθεν
1273 718 1382 792 μηδὲ
1411 717 1592 773 στρατὸν

129 772 346 832 οἷξιόλογον
374 775 500 832 ε’χων,
529 779 744 857 ἐξέρχεται
768 795 826 828 εις
837 778 1173 835 Χοιροβακγους,
1198 784 1301 835 μεθ’
1327 779 1486 826 εαυτοῦ
1512 786 1590 841 φέ-

71 856 218 898 ιορων
253 842 364 898 ουχί
387 846 558 894 πλείους
598 840 626 899 ἢ
656 844 712 899 ρν’
752 860 1029 900 στρατιωτας.
1093 846 1200 902 πλὴν
1237 847 1423 892 κελεύσει
1454 850 1590 892 αὐτοῦ

128 910 341 964 νηστείαις
354 926 427 952 και
442 917 702 966 προσευχαῖς
717 928 789 953 και
810 915 1036 963 λιτανείαις
1054 913 1163 967 πρὸς
1175 913 1280 956 θεὸν
1292 913 1443 965 πάντες
1460 917 1589 972 ἐχρή-

129 990 280 1028 σαντο,
276 977 368 1032 ἐφ’
387 970 424 1035 ᾧ
442 979 516 1019 καί
540 980 632 1030 μετ’
656 979 709 1018 ου’
736 977 840 1020 πολὺ
863 977 888 1031 ᾇ
913 995 998 1022 των
1013 980 1245 1035 βαρβάρων
1259 979 1463 1036 μηνύεται
1491 978 1588 1024 ὄλε-

126 1044 395 1101 θρος,λοιμιό
422 1060 493 1085 και
522 1046 630 1101 λιμῶ
658 1043 756 1086 θεία
782 1045 1039 1102 προμηθεία
1047 1049 1415 1100 κατεργασθέντων
1433 1047 1588 1093 mizah-

127 1111 261 1152 ταῦτα
285 1111 333 1151 δὲ
362 1113 516 1166 συνέβη
546 1110 634 1159 ἔτος
663 1112 781 1153 ἕκτον
811 1113 890 1152 τοῦ
915 1113 1237 1155 Κωνσταντίνου
1265 1112 1584 1169 βασιλεύοντος,

54 1170 212 1231 ΥΙὲᾗπρὸ
243 1175 291 1218 δέ
322 1191 369 1231 γε
411 1179 489 1218 τοῦ
528 1175 650 1227 ἔτους
686 1174 836 1220 τούτου
880 1176 986 1220 κατὰ
1025 1180 1309 1234 Σεπτεμβριον
1345 1181 1458 1234 μῆνα
1487 1181 1587 1236 περὶ

127 1243 328 1298 δευτέραν
355 1242 501 1293 νυκτὸς
531 1242 726 1299 φυλακήν
753 1243 931 1296 σεισμὸς
955 1245 1137 1295 ἐξαίσιος
1165 1247 1353 1300 γέγονεν,
1382 1247 1466 1294 τῶν
1494 1244 1623 1293 nai-C

126 1324 227 1356 ποτε
254 1313 484 1364 γενομένων
526 1308 933 1365 ἐκπληκτικώτερος,
979 1310 1037 1360 αῖς
1075 1314 1147 1353 καί
1177 1311 1310 1361 οἰκίας
1356 1315 1428 1354 καί
1451 1312 1582 1363 ναούς

129 1377 388 1430 ἀνατρέψαι.
446 1379 520 1419 καί
557 1377 632 1418 οὐκ
661 1378 851 1419 ἐνταῦθα
877 1379 1018 1431 μόνον,
1050 1377 1395 1421 viniductum&
1419 1377 1581 1421 Ῥαιὸἐ-

125 1440 223 1484 στὸν
250 1439 420 1485 Πάνιόν
445 1458 490 1486 τε
528 1446 601 1486 καί
637 1442 682 1486 τὸ
711 1442 1001 1500 Μυριόφυτον
1024 1443 1077 1486 τὰ
1108 1443 1220 1486 αὐτὰ
1248 1443 1491 1501 γεγόνασιν,
1521 1446 1589 1495 ὥς,

61 1511 199 1559 nonai
225 1507 353 1566 φόνον
380 1509 619 1566 ἀνθρώπων
646 1509 780 1552 πολύν
807 1513 1018 1565 γενέσθαι.
1054 1513 1151 1562 ,καί
1175 1513 1220 1553 ἑν
1249 1514 1422 1570 Κυζίκῳ
1452 1513 1500 1556 δὲ
1527 1510 1585 1554 τὸ,

120 1575 357 1632 Ἑλληνικόν
405 1578 536 1619 ἐκεῖνο
583 1579 658 1620 καί
683 1576 926 1631 θαυμάσιον
960 1579 1121 1634 ἵδρυμα
1147 1580 1397 1633 κατεσείσθη
1428 1594 1473 1620 τε
1506 1577 1582 1623 καὶ

224 1701 256 1736 8.
280 1700 400 1748 μηδὲν
425 1701 459 1735 Ρ.

125 1808 279 1850 quenter
315 1802 499 1838 adsideret
531 1805 568 1837 in
613 1804 754 1838 iudiciis
789 1804 853 1837 ubi
891 1815 1014 1838 causae
1044 1805 1261 1849 agebantur,
1303 1810 1344 1838 ut
1372 1804 1442 1849 ipsi
1466 1805 1576 1838 etiam

123 1852 259 1886 milites
287 1851 511 1896 imperatoris
532 1853 735 1897 exemplum
760 1852 891 1885 imitati
914 1852 1056 1885 deserto
1082 1863 1198 1886 rerum
1221 1851 1431 1885 bellicarum
1456 1851 1576 1886 studio

123 1899 371 1945 pei-discendis
398 1900 622 1933 orationibus
647 1899 878 1932 iudicialibus
906 1899 1166 1933 incumberent.
1207 1911 1247 1932 ea
1274 1910 1328 1932 res
1356 1899 1493 1933 Turcos
1517 1900 1579 1933 in-

123 1947 251 1980 citavit
281 1952 322 1980 ut
357 1947 593 1979 Romanorum
635 1947 724 1979 fines
766 1946 1000 1987 invaderent,
1027 1947 1187 1991 citraque
1223 1946 1423 1992 periculum
1457 1947 1578 1980 omnia

123 1995 254 2040 passim
281 2000 428 2037 agerent
453 1996 600 2028 ferrent.
650 1995 688 2026 in
712 1994 781 2026 hoc
805 1999 899 2027 statu
927 2005 1043 2027 rerum
1066 1994 1216 2027 orientis
1242 1994 1346 2027 Uzica
1368 1994 1470 2027 natio
1496 2005 1577 2027 ver-

125 2053 185 2075 sus
207 2041 452 2083 occidentem,
475 2052 568 2086 quae
595 2042 689 2074 inter
715 2041 862 2085 Scythas
888 2047 1094 2074 numeratur
1121 2047 1158 2074 et
1180 2042 1445 2074 Patzinacarum
1469 2041 1578 2074 facile

124 2089 350 2123 nobilissima
389 2095 466 2130 est,
495 2100 573 2122 cum
605 2088 790 2121 hominum
824 2089 869 2122 ad
908 2094 1076 2122 sexcenta
1108 2089 1212 2122 milia
1246 2089 1375 2121 Istrum
1412 2088 1577 2130 traiecit,

124 2137 366 2170 incursionem
392 2136 562 2169 hostilem
578 2136 743 2169 Romanis
765 2136 872 2180 longe
898 2136 1136 2180 gravissimam
1158 2136 1334 2169 minitata.
1361 2147 1439 2169 cum
1464 2146 1506 2169 ea
1530 2136 1576 2169 de

124 2195 162 2216 re
188 2184 320 2217 certior
346 2184 461 2217 factus
489 2184 614 2217 fuisset
636 2183 977 2228 imperator‚·homo
994 2185 1227 2228 pecuniarum
1251 2183 1488 2223 avidissimus,
1513 2184 1578 2228 qui

123 2231 182 2264 v‘el
208 2231 356 2264 obolum
400 2231 582 2276 quantivis
612 2232 837 2271 aestimaret,
875 2231 1033 2264 exercitu
1066 2231 1151 2264 satis
1187 2231 1307 2276 amplo
1347 2241 1578 2276 nequaquam

125 2279 320 2311 instructus
356 2277 651 2311 Choerobacchos
683 2278 946 2323 proficiscitur,
985 2289 1059 2311 non
1090 2278 1214 2324 plures
1249 2289 1368 2312 secum
1393 2277 1577 2311 adducens

126 2337 236 2371 quam
272 2330 414 2358 centum
450 2326 714 2371 quinquaginta
743 2326 885 2359 milites.
919 2331 1076 2359 attamen
1110 2326 1224 2370 ipsius
1261 2325 1432 2359 mandato
1458 2325 1578 2363 cuncti

129 2373 277 2406 ieiuniis
306 2373 471 2418 precibus
507 2373 832 2418 supplicationibus
865 2372 971 2406 deum
1001 2373 1145 2418 placare
1169 2373 1257 2407 iussi
1283 2378 1376 2406 sunt.
1403 2383 1495 2417 quae
1519 2383 1577 2405 res

130 2421 251 2453 effecit
274 2426 316 2454 ut
339 2431 413 2453 non
450 2420 564 2453 multo
588 2425 670 2465 post
705 2419 749 2453 de
774 2420 1006 2453 barbarorum
1033 2420 1166 2462 exitio,
1204 2421 1267 2466 qui
1290 2420 1384 2453 fame
1408 2431 1448 2452 ἰο
1474 2425 1580 2464 peste

127 2467 304 2501 beneficio
331 2468 473 2501 divinae
499 2468 749 2512 providentiae
776 2468 929 2501 consecti
956 2468 1161 2512 perierant,
1189 2468 1338 2501 nuntius
1365 2465 1576 2500 adf.erretur

127 2515 335 2548 acciderunt
367 2514 455 2547 haec
494 2526 588 2547 anno
627 2515 768 2559 imperii
810 2515 1035 2548 Constantini
1070 2521 1194 2556 sexto,
1229 2525 1301 2560 quo
1335 2515 1414 2559 ipso
1449 2513 1577 2547 itidem

127 2573 242 2602 anno,
269 2562 471 2607 Septembri
497 2573 639 2602 mense,
666 2562 821 2595 secunda
847 2563 962 2596 noctis
1000 2563 1145 2607 vigilia,
1170 2568 1287 2595 terrae
1308 2567 1428 2594 motus
1449 2562 1576 2605 iugens

127 2609 265 2642 exstitit
288 2610 477 2654 multoque
503 2612 655 2642 maxime
681 2610 853 2642 terribilis
879 2610 1038 2643 omnium
1064 2610 1127 2655 qui
1154 2621 1312 2654 unquam
1334 2609 1496 2650 fuissent,
1525 2610 1576 2641 ita

127 2662 170 2690 ut
193 2656 298 2689 aedes
322 2669 361 2690 ac
389 2656 521 2701 templa
548 2657 862 2698 subverterentur,
887 2667 1006 2703 neque
1030 2663 1170 2690 tantum
1204 2657 1241 2689 in
1267 2656 1356 2689 urbe
1381 2655 1485 2701 Cpoli
1507 2655 1578 2689 hoc

126 2704 350 2745 usuveniret‚
381 2705 444 2737 sed
471 2705 576 2736 etiam
608 2704 703 2748 apud
730 2704 965 2745 flroefflestum,
995 2705 1162 2745 Panium,
1186 2703 1476 2748 Myriophytum,
1500 2715 1577 2736 ma-

129 2762 196 2797 gna
220 2751 404 2787 hominum
438 2751 671 2786 multitudine
710 2762 774 2797 per
802 2751 895 2787 hanc
923 2752 1194 2787 succussionem
1230 2762 1408 2797 oppressa.
1458 2751 1575 2795 Cyzici
