1826 3120
590 112 875 155 ANNALmM
915 110 1051 154 PARS
1095 112 1130 152 1.
1521 113 1540 148 1
1562 115 1580 149 1

131 218 217 259 τῶν
251 212 469 268 τεσσάρων
511 218 754 271 στοιχείων,
791 214 878 257 ’κοῖν
907 213 1040 272 τούτῳ
1071 214 1292 270 διαφέρειν
1319 214 1404 255 τῶν
1432 216 1588 256 λοιπῶν

130 279 336 335 σωμάτων
366 280 497 324 αὐτόν
516 297 529 310 ·
584 284 718 326 ταῦτα
742 279 823 338 γάρ
862 282 908 322 ἐκ
938 281 1012 335 τῆς
1043 281 1286 335 παχυτέρας
1312 281 1483 335 μερίδος
1511 278 1590 334 τήν

130 350 291 404 γένεσιν
319 345 510 403 ἔσχηκεν.
538 351 672 391 ταῦτα
701 349 748 390 δὲ
774 348 936 396 πάντως
965 344 987 387 ὅ
1016 344 1203 388 Πλάτων
1230 346 1445 400 ἐδόξαζεν,
1474 347 1588 387 ἐπει-

131 413 184 470 dr)
234 413 530 470 προϋπάρχειν
573 410 673 473 ᾤετο
700 413 776 469 τὴν
815 411 1038 466 α’σώματον
1066 410 1190 468 ὕλην,
1234 414 1308 469 (ἐφ’
1338 407 1389 468 ἧς
1418 408 1503 468 ἄρα
1532 411 1585 454 τὰ

91 482 314 536 5τέσσαρα
361 486 561 535 στοιχεῖα.
627 482 720 522 ἀλλ’
747 479 1012 537 ἐρρέτωσαν,
1041 478 1099 528 αἷς
1133 480 1266 534 μέγας
1306 482 1415 536 φησί
1442 478 1626 529 Μάξι-(Σ

126 563 230 603 μος,
259 545 299 590 οἱ
329 549 514 602 λέγοντες
538 544 604 590 ὅτι
632 547 755 589 οῦδὲν
783 549 828 597 ἐξ
856 542 934 587 οὔκ
963 541 1091 588 ὄντων
1124 546 1301 600 ἐγένετο·
1355 546 1476 602 ἡμεῖς
1503 546 1584 601 γάρ

128 629 291 672 φαμεν,
337 611 477 669 ὥσπερ
516 615 590 669 τῆς
628 611 916 668 μεγαλοσύνης
959 614 1036 654 τοῦ
1080 612 1350 666 πεποιηκότος
1387 615 1463 654 οὐκ
1495 611 1587 655 ἔστι

126 681 284 736 πέρας,
318 676 451 729 οὕτως
480 681 581 721 ου’ὅὲ
608 682 681 734 τῆς
712 682 867 736 σοφίας
899 678 1029 721 αὐτοῦ
1057 676 1131 719 καί
1160 677 1378 732 δυνάμεως
1406 679 1586 734 κατάλη-

126 757 219 800 ψις.
273 745 297 788 ὁ
329 747 375 788 δὲ
401 746 696 802 Ἀριστοτέλης
728 742 965 800 ἓτερούσιον
991 742 1063 787 τὸν
1092 743 1272 799 ου’ρανὸν
1298 744 1372 786 καί
1396 747 1586 798 πέμπτον

67 830 114 857 ιο
128 815 251 867 σῶμα
278 816 410 857 καλεῖ.
481 818 606 856 καλεῖ
632 814 679 856 δὲ
727 808 860 854 αὖτὸν
897 809 1135 867 ἓτεροὺσιον
1173 809 1248 852 καί
1271 806 1372 852 ἄλλο
1401 829 1441 853 τι
1468 812 1583 867 παρὰ

126 878 178 922 τοὶ
206 881 416 935 τέσσαρα,
453 876 516 923 ὅτι
554 881 629 922 καί
657 879 682 934 ἦ
718 882 879 934 κίνησις
921 878 1174 935 α’μφοτέρων
1217 872 1323 932 ι’ίλλη
1347 877 1419 919 καί
1458 873 1582 933 ἄλλη.

125 944 176 989 τὰ
203 947 283 1000 μὲν
311 945 392 1003 γὰρ
425 942 512 988 ἅνω
543 949 747 1004 φέρονται
775 945 832 994 ὥς
856 946 1023 1001 κοῦφα,
1053 941 1104 986 τοὶ
1135 945 1180 986 δὲ
1209 942 1337 986 πάλιν
1365 943 1422 993 ὥς
1447 946 1584 999 βαρέα

126 1008 226 1056 ὄντα
255 1013 365 1056 κάτω
395 1016 583 1070 κέκτηται
612 1012 688 1069 τήν
717 1010 880 1071 φοράν·
937 1010 959 1054 ὅ
990 1012 1036 1052 δὲ
1066 1009 1242 1066 ου’ρανός
1271 1012 1469 1065 κυκλικὴν
1494 1009 1584 1064 ἔχει

126 1079 205 1136 τὴν
243 1080 404 1136 κίνησιν
425 1113 438 1136 ,
481 1081 550 1137 ἐφ’
574 1074 610 1140 ᾤ’
642 1081 717 1122 καί
759 1075 861 1121 ἄλλο
889 1094 931 1121 τι
972 1076 1087 1133 παρὰ
1118 1075 1171 1120 τά
1201 1079 1386 1133 τέσσαρα
1416 1075 1583 1129 δοξάζει

66 1147 113 1190 15
127 1147 270 1190 αι’τόν.
334 1149 407 1190 καί
437 1142 552 1189 οὗτοι
582 1148 661 1201 μὲν
690 1142 841 1194 οὕτως.
904 1145 1027 1201 ἡμεῖς
1055 1146 1101 1186 δὲ
1139 1144 1480 1199 καταβάλλεσθαι
1508 1142 1624 1185 ὑπἸ)

124 1212 314 1269 α’λλῆλων
342 1215 517 1270 α’φέντες
556 1210 731 1266 αὐτούς,
769 1214 827 1270 τῷ
853 1211 1014 1269 θεόπτῃ
1049 1213 1292 1264 πεισθῶμεν
1329 1214 1494 1253 Μωσεῖ
1515 1211 1582 1252 λέ-

123 1296 240 1335 γοντι
286 1282 361 1334 „gv
406 1281 521 1337 α’ρχῇ
551 1281 743 1336 ἐποίησεν
772 1277 795 1321 ὅ
821 1276 922 1328 θεὸς
953 1276 1027 1320 τὸν
1058 1276 1239 1334 ου’ρανὸν
1266 1279 1340 1319 καί
1368 1276 1444 1332 τήν
1471 1279 1581 1333 γῆν.”

124 1348 353 1390 κᾶντεῦθεν
397 1349 443 1390 ἐκ
470 1349 544 1389 τοῦ
572 1345 751 1396 κάλλους
792 1348 877 1388 τῶν
901 1343 1128 1401 ὁρωμένων
1154 1342 1226 1387 τὸν
1253 1343 1487 1398 ὑπέρκαλον
1515 1345 1582 1386 έν-

125 1410 350 1468 νοώμεθα,
390 1410 592 1463 ὡσαύτως
642 1413 688 1454 ἐκ
717 1413 794 1454 τοῦ
819 1413 1028 1466 μεγέθους
1060 1410 1204 1452 αὕταῖν
1233 1408 1583 1463 ιῖναλογιζώμεθα

61 1494 113 1521 20
127 1477 199 1521 τὸν
224 1479 494 1535 ὑπερμεγέθη
524 1481 598 1522 καί
619 1473 816 1534 ἔπειρον·
846 1465 955 1519 κατοῖ
981 1475 1062 1532 γὰρ
1096 1475 1171 1518 τὸν
1198 1475 1335 1532 σοφὸν
1363 1477 1584 1529 Σολομῶν-

126 1562 180 1588 τα
210 1547 255 1588 ἐκ
293 1549 501 1600 μεγέθους
536 1543 608 1586 καί
645 1545 845 1599 καλλονῆς
873 1537 1115 1596 κτισμάτων
1140 1541 1162 1584 ὅ
1189 1540 1480 1598 γενεσιουργὸς
1506 1541 1583 1584 αὖ-

125 1613 208 1655 ταῖν
234 1615 478 1668 θεωρεῖται.
549 1611 622 1654 καί
648 1609 694 1654 τί
725 1609 811 1668 χρὴ
841 1609 972 1652 πολλοὶ
1005 1611 1137 1664 λέγειν
1147 1626 1164 1662 ,-
1192 1609 1239 1652 ἐκ
1264 1608 1479 1666 τεσσάρων
1509 1611 1586 1662 μὲν

219 1741 252 1774 3.
275 1739 393 1774 ταῦτα
417 1761 463 1768 -
500 1739 705 1784 κατάληψις
730 1751 788 1772 om
811 1739 840 1772 F
864 1739 1014 1785 aliique,
1039 1770 1041 1772 .
1141 1739 1192 1772 16.
1217 1736 1376 1786 θεόπτῃ]
1416 1736 1583 1783 τιιῖτόπτῃ

220 1788 472 1822 Leunclavius.
577 1797 631 1820 22.
656 1788 719 1820 καὶ
743 1790 781 1821 τί
812 1807 853 1814 -
878 1790 1046 1821 τοσαῦτα
1069 1796 1127 1818 om
1146 1785 1185 1818 F.

127 1910 249 1939 staret.
284 1915 408 1938 verum
442 1904 623 1938 enimvero
654 1903 799 1937 valeant
833 1903 907 1945 illi,
948 1907 990 1936 ut
1013 1902 1164 1947 insignis
1199 1902 1268 1936 viri
1294 1901 1442 1935 Maximi
1465 1901 1585 1935 verbis

127 1958 232 1993 utar,
259 1952 323 1998 qui
348 1951 392 1985 de
418 1951 535 1984 nihilo
572 1951 766 1997 quicquam
801 1957 919 1984 ortum
956 1955 1101 1994 negant.
1138 1960 1204 1982 nos
1243 1949 1339 1982 enim
1375 1949 1586 1994 profitemur

126 2000 274 2041 itidem,
300 2005 342 2033 ut
376 1999 545 2033 maiestas
572 2005 609 2032 et
633 1997 833 2044 amplitudo
874 1998 1046 2031 creatoris
1072 1997 1184 2030 nullis
1209 1997 1257 2029 sit
1282 1997 1422 2029 inclusa
1451 1995 1587 2029 descri-

125 2054 262 2094 ptaque
290 2048 452 2080 terminis
467 2073 476 2088 ,
505 2047 557 2080 ita
582 2058 649 2080 nec
673 2046 887 2091 sapientiam
915 2046 991 2078 eius
1015 2055 1083 2078 nec
1097 2050 1316 2090 potestatem
1340 2044 1478 2089 percipi
1500 2055 1586 2088 pos-

127 2106 176 2129 se.
223 2095 436 2129 Aristoteles
462 2100 581 2128 autem
610 2095 756 2128 alterius
782 2092 967 2126 cuiusdam
1004 2093 1182 2126 essentiae
1209 2092 1350 2124 coelum
1377 2102 1454 2123 esse
1479 2096 1587 2136 putat

128 2148 166 2176 et
189 2143 358 2188 quintum
382 2154 509 2187 corpus
535 2142 707 2187 appellat.
734 2140 836 2174 addit
869 2151 946 2174 esse
971 2140 1110 2174 coelum
1136 2139 1284 2172 alterius
1312 2139 1503 2179 essentiae,
1527 2139 1586 2171 ni-

126 2190 256 2224 mirum
296 2190 342 2224 ab
370 2190 525 2223 essentia
562 2195 735 2235 quattuor
775 2189 1035 2221 elementorum
1077 2186 1265 2228 diversae,
1297 2192 1446 2232 propter
1485 2185 1585 2219 illam

127 2248 288 2279 causam,
322 2237 424 2284 quod
457 2236 643 2270 amborum
667 2242 786 2270 motus
827 2235 958 2270 diversi
980 2236 1060 2269 sint.
1096 2246 1179 2268 nam
1205 2235 1386 2267 elementa
1414 2238 1587 2278 quattuor

126 2285 258 2331 partim
288 2291 329 2319 ut
353 2286 447 2319 leviti
472 2297 611 2318 sursum
640 2285 824 2325 feruntur,
852 2283 982 2329 partim
1006 2289 1047 2317 ut
1071 2282 1189 2327 gravia
1214 2282 1265 2315 sic
1291 2293 1311 2314 a
1336 2286 1465 2314 natura
1489 2293 1585 2314 com-

126 2339 251 2378 parata
279 2339 364 2366 sunt
387 2339 429 2366 ut
453 2331 630 2366 >deorsum
668 2338 769 2366 motu
793 2342 857 2364 suo
883 2336 1055 2375 vergant,
1093 2341 1174 2362 cum
1201 2330 1349 2362 interim
1377 2328 1519 2361 coelum
1546 2328 1585 2360 in

127 2380 256 2414 orbem
281 2381 431 2413 feratur.
462 2379 508 2413 de
536 2391 608 2426 quo
635 2380 738 2425 sequi
762 2389 909 2412 necesse
933 2380 980 2411 sit
1003 2383 1044 2411 ut
1066 2377 1245 2411 diversum
1271 2389 1291 2409 a
1310 2381 1482 2422 quattuor
1509 2375 1585 2408 ele-

125 2428 257 2461 mentis
283 2439 359 2461 esse
383 2427 559 2473 quiddam
583 2433 771 2462 statuatur.
799 2426 888 2459 haec
904 2431 988 2459 sunt
1009 2424 1137 2458 horum
1161 2424 1362 2469 opiniones.
1383 2435 1447 2456 nos
1465 2428 1585 2462 autem

127 2475 223 2508 sacta
246 2475 320 2508 illis
354 2481 535 2521 potestate
569 2477 710 2521 seipsos
741 2472 927 2509 evertendi
969 2484 1010 2506 ac
1031 2471 1246 2518 lapidandi,
1270 2471 1365 2504 Mosi
1391 2470 1499 2503 fidem
1519 2469 1586 2502 ha-

126 2521 287 2564 beamus,
312 2528 354 2556 ut
377 2523 440 2568 qui
463 2522 569 2556 rebus
595 2523 684 2568 ipsis
709 2522 752 2555 ab
785 2532 822 2555 se
841 2521 1038 2566 perspectis
1064 2520 1197 2553 dixerit
1222 2519 1354 2561 „initio
1384 2517 1473 2550 deus
1499 2527 1586 2550 coe-

128 2568 204 2602 lum
224 2581 264 2603 ac
290 2575 422 2603 terram
446 2571 612 2605 creavit.''
638 2570 804 2614 adeoque
830 2568 1000 2613 deinceps
1026 2578 1071 2601 ex
1094 2568 1252 2613 ipsarum
1278 2576 1396 2599 rerum
1426 2563 1493 2598 sub
1519 2563 1584 2597 ad-

130 2623 290 2661 spectum
314 2617 521 2652 cadentium
558 2617 834 2663 pulchritudine
874 2615 1155 2661 pulcherrimum
1184 2615 1287 2647 illum
1315 2624 1433 2646 rerum
1457 2617 1582 2644 aucto-

131 2674 206 2696 rem
229 2666 345 2698 animo
375 2665 669 2710 complectamur,
706 2663 856 2710 perinde
883 2675 924 2696 ac
948 2662 992 2697 de
1015 2662 1262 2708 magnitudine
1294 2666 1493 2694 creatorum
1518 2670 1583 2691 eo-

132 2711 285 2747 rundem
310 2713 534 2748 conditorem
575 2715 734 2760 ipsorum
769 2711 1000 2759 percipimus.
1028 2717 1064 2746 et
1090 2710 1178 2756 quid
1198 2709 1320 2746 multis
1345 2707 1465 2743 verbis
1489 2717 1579 2752 opus
