1826 3120
619 169 902 211 ANNALmM
942 165 1077 211 PARS
1109 165 1178 211 iv.
1490 149 1604 216 463

270 267 532 318 Ἀνανεώσας
573 263 648 311 οὖν
689 268 713 310 ὅ
753 269 885 324 μέγας
912 271 1226 318 Κωνσταντῖνος
1261 267 1307 311 τὸ
1349 266 1429 311 ὑπὸ
1457 266 1605 319 Βύζου

165 334 370 387 βασιλέως
400 333 569 392 Θρᾴκης
603 337 773 378 κτισθὲν
814 340 951 389 τεῖχος
987 337 1217 390 προσέθετο
1246 331 1319 377 καὶ
1345 334 1486 388 ἕτερον
1513 332 1619 383 διά-ι1

165 414 324 455 στημα,
359 400 434 442 καὶ
468 403 566 443 νέαν
605 396 718 442 οὕτω
742 399 907 456 Ῥώμην
934 399 1011 456 τήν
1038 399 1161 443 πόλιν
1189 399 1350 456 ταύτην
1377 397 1605 454 ὠνόμασεν.

165 464 442 520 οἶπαρτίζεται
470 468 529 519 δέ,
562 469 634 509 ναί
661 466 746 522 μὴν
765 468 838 508 καί
864 468 1140 522 ἐγκαινίζεται
1156 465 1182 522 ἦ
1201 465 1478 522 μεγαλόπολις
1502 463 1608 521 αὕτη

129 530 270 574 §nutui
309 531 386 586 τὴν
427 533 481 574 ια’
528 537 601 575 τοῦ
642 535 793 575 Μαΐου
830 532 963 589 μηνὸς
1003 531 1123 582 ἔτους
1160 535 1429 587 ἐνισταμένου
1470 532 1608 593 Ιεωλῆ.

165 599 396 651 τηνικαῦτα
435 601 603 654 κληθείς
638 598 662 640 ὅ
703 601 788 641 τῶν
834 595 1100 653 ἀστρονόμων
1141 601 1271 654 δῆθεν
1316 600 1609 655 ἀκριβέστατος

170 661 339 719 Οὐάλης
366 670 482 706 ποιεῖ
511 666 716 718 &spadum
745 667 798 707 δι’
837 659 890 707 οὗ
915 665 975 714 εἰς
1000 664 1102 719 χῗς’
1133 663 1352 715 ἐνιαυτοὺς
1396 667 1610 719 διαμεῖναι

165 726 243 783 τήν
276 726 398 771 πόλιν
433 729 593 786 ταύτην
637 733 875 788 ἐφοίβασεν.
951 732 1149 774 ἐντεῦθεν
1187 727 1262 774 οὖν
1299 733 1554 788 διεψευμένη
1581 731 1609 786 ἦ

166 798 246 837 τοῦ
286 794 517 846 Οὐάλεντος
566 796 798 853 πρόρρησις
836 796 909 839 καί
946 799 1257 854 διημαρτημέιή
1305 789 1533 855 τιροφανῶς
1578 794 1605 854 ἦ

107 879 155 906 10
166 862 292 917 τέχνη
320 864 545 917 ἐλέγχεται.
1600 885 1606 903 .-

269 928 406 983 Ὀρῶν
432 930 479 969 δὲ
508 927 584 982 τὴν
612 929 741 971 αὐτοῦ
765 928 887 971 πόλιν
915 926 938 971 ἆ
967 932 1098 983 μέγας
1127 928 1468 985 ὀλιγάνθρωπον,
1515 930 1613 981 τοὺς

168 992 706 1050 ἄξιολογωτέρους“ιΡαὶμης
731 997 892 1036 ἐκεῖθεν
918 994 1182 1051 παρήγαγεν·
1238 996 1314 1052 ἀφ’
1341 991 1402 1038 ὦν
1428 998 1513 1039 εἰσί
1539 1000 1616 1039 καί

166 1055 295 1113 οὗτοι,
318 1057 546 1114 Ὀλύβριος,
573 1062 729 1116 Βῆρος,
763 1060 1001 1115 Ου’ρβίκιος,
1034 1060 1369 1118 Καλλίστρατος,
1399 1062 1612 1116 Ζωτικός,

166 1127 393 1181 Εΰγένειος,
422 1122 658 1180 Εὔβουλος,
685 1127 898 1179 Στούδιος,
930 1129 1207 1183 Φλωρέντιος,
1236 1129 1506 1184 Μαυριανός,
1533 1131 1614 1172 Σε-

106 1194 155 1238 15
167 1194 297 1248 βῆρος
325 1194 400 1235 καί
419 1192 632 1248 Ἰσίδωρος
649 1226 660 1246 ,
705 1193 852 1242 οἵτινες
883 1191 1021 1243 οἴκους
1045 1193 1171 1243 ναοὺς
1199 1195 1272 1237 καί
1302 1197 1480 1246 ξενῶνας
1508 1195 1612 1251 α’νή-

165 1274 324 1313 γειραν.
382 1259 556 1307 τούτους
594 1262 673 1311 μὲν
716 1258 814 1308 τοὺς
850 1261 1164 1315 διαληφθέντας
1186 1261 1423 1315 Ῥωμαίους
1453 1257 1612 1317 ἄνδρας

165 1324 494 1380 τοιουτοτρόπως
520 1326 702 1367 ἐνταῦθα
729 1328 951 1378 μετοικίζει
980 1325 1002 1366 ὁ
1030 1327 1160 1381 μέγας
1181 1327 1510 1378 Κωνσταντῖνος.
1536 1333 1613 1370 λα-

164 1389 253 1445 βών
290 1389 370 1446 γάρ
411 1390 510 1440 τούς
549 1393 797 1440 δακτυλίους
825 1393 965 1434 αὐτῶν
995 1394 1239 1436 α’ποστέλλει
1265 1391 1423 1443 αὐτούς
1450 1396 1510 1443 εἰς
1538 1394 1654 1438 τὸνΙ)

164 1460 342 1512 βασιλέα
370 1459 556 1511 Περσῶν
584 1455 833 1512 Σάρβαρον,
874 1457 921 1499 ὃν
947 1460 1020 1500 καί
1051 1458 1289 1514 νικήσαντες
1319 1461 1611 1514 ὑπέστρεψαν·

100 1539 156 1566 20
167 1526 212 1566 ἐν
239 1525 286 1566 δὲ
313 1526 372 1582 τῷ
402 1526 535 1580 καιρῷ
565 1526 637 1576 τῆς
666 1525 868 1578 ἐκδημίας
898 1526 1039 1567 αὐτῶν
1066 1527 1314 1577 ἀποστείλας
1340 1525 1438 1576 τούς
1458 1528 1612 1569 δακτυ-

166 1593 281 1640 λίους
309 1593 369 1640 εἰς
391 1588 556 1645 Ῥώμην
587 1585 678 1644 ἄγει
707 1590 784 1640 τας
812 1598 1014 1646 γυναῖκας
1043 1593 1182 1635 αὐτῶν
1209 1595 1425 1636 ἐνταυθοῖ.
1480 1595 1611 1646 κτίζει

258 1728 290 1771 4.
314 1726 559 1773 μεγαλωτάτη
584 1725 621 1766 F,
646 1724 788 1772 μεγάλη
812 1725 922 1763 πόλις
947 1727 1068 1759 ceteri.

196 1859 200 1865 ‘
260 1852 374 1896 Igitur
396 1862 542 1896 magnus
570 1850 633 1884 ille
662 1850 917 1883 Constantinus
941 1851 1137 1884 instaurato
1163 1855 1298 1891 castro,
1335 1852 1435 1896 quod
1466 1852 1553 1887 olim
1587 1865 1609 1888 a

165 1900 259 1944 Byzo
283 1898 460 1932 Thracum
487 1909 567 1942 rege
593 1898 710 1931 suerat
740 1903 957 1938 extructum,
994 1908 1160 1942 magnum
1185 1897 1256 1930 loci
1281 1899 1435 1943 spatium
1461 1900 1610 1943 adiecit,

167 1948 320 1992 urbique
343 1951 614 1991 cognomentum
640 1945 762 1979 Novae
787 1945 918 1977 Romae
943 1943 1056 1979 dedit.
1105 1943 1268 1977 absoluta
1294 1945 1362 1979 fuit
1394 1946 1478 1980 urbs
1503 1947 1613 1993 longe

168 1994 399 2040 amplissima,
433 1993 686 2038 celebrataque
722 1992 832 2037 ipsius
866 1991 1058 2024 Renovalia
1089 2003 1119 2024 a.
1158 1990 1190 2024 d.
1219 1993 1238 2026 5
1266 1991 1314 2025 id.
1344 1993 1474 2035 Maias,
1515 2006 1613 2029 anno

170 2043 270 2078 5838.
319 2042 507 2074 arcessitus
541 2046 594 2073 est
627 2039 665 2072 id
691 2039 860 2084 temporis
886 2039 1018 2071 Valens
1044 2044 1326 2072 astronomorum
1350 2042 1611 2076 excellentissi-

167 2100 267 2130 mus,
293 2089 354 2134 qui
379 2088 618 2122 collocatione
644 2087 800 2120 siderum
833 2085 1008 2131 descripta
1030 2088 1100 2132 696
1121 2097 1232 2119 annos
1258 2087 1382 2120 urbem
1407 2087 1612 2124 duraturam

166 2136 381 2170 vaticinatus
406 2142 474 2178 est3
503 2145 595 2180 quae
620 2145 704 2167 sane
730 2134 892 2166 Valentis
918 2133 1113 2178 praedictio
1141 2132 1310 2178 deinceps
1334 2134 1500 2170 falsitatis
1526 2148 1613 2171 con-

167 2178 262 2218 victa
288 2188 353 2224 est,
381 2189 456 2215 arte
481 2183 645 2215 nimirum
676 2182 786 2227 ipsius
811 2181 927 2225 palam
953 2191 973 2212 a
1000 2191 1083 2214 vero
1111 2179 1311 2214 aberrante.

265 2230 350 2263 Cum
385 2236 504 2263 autem
540 2240 685 2273 magnus
721 2229 915 2272 imperator
948 2226 1072 2260 urbem
1100 2238 1196 2261 suam
1226 2228 1412 2263 hominum
1447 2231 1612 2275 exiguam

170 2277 305 2312 habere
338 2278 476 2322 copiam
515 2282 699 2316 cerneret,
731 2280 910 2320 quotquot
946 2275 1076 2308 Romae
1105 2275 1317 2309 illustriores
1344 2283 1447 2311 erant
1471 2278 1611 2323 Cpolim

169 2325 374 2366 transtulit3
399 2335 550 2369 quorum
575 2324 612 2356 in
635 2334 781 2356 numero
811 2328 911 2355 erunt
937 2321 1122 2365 Olybrius,
1146 2322 1256 2356 Verus
1271 2349 1280 2364 ‚
1310 2324 1492 2366 Urbicius,
1515 2326 1612 2359 Zoti-

171 2385 243 2414 cus,
267 2373 457 2416 Eugenius,
482 2371 664 2410 Eubulus,
699 2369 857 2409 studim,
886 2369 1100 2411 Florentius,
1126 2369 1359 2413 Callistratus,
1382 2372 1612 2414 Maurianus,

170 2421 321 2453 Severus
346 2425 383 2452 et
406 2418 584 2460 Isidorus;
614 2417 675 2462 qui
702 2417 804 2461 Cpoli
831 2416 966 2456 domos,
993 2417 1136 2462 templa,
1159 2417 1340 2464 hospitum
1366 2418 1472 2452 aedes
1489 2424 1611 2452 extru-

170 2473 309 2500 xerunt.
358 2472 394 2499 et
427 2465 572 2511 quidem
608 2464 673 2497 hos
707 2464 873 2509 patricios
903 2465 1093 2505 Romanos,
1127 2475 1216 2509 quos
1244 2467 1509 2507 recensuimus,
1542 2465 1612 2500 hoc

170 2513 324 2558 quodam
349 2512 455 2547 modo
481 2512 734 2546 Constantinus
761 2522 802 2544 eo
826 2511 974 2554 migrare
998 2511 1165 2556 perpulit.
1214 2523 1292 2546 cum
1317 2514 1468 2547 annulos
1489 2524 1612 2547 eorum

171 2560 216 2593 ad
250 2571 287 2594 se
318 2561 531 2605 recepisset,
568 2565 690 2592 contra
714 2559 892 2592 Persarum
919 2569 1033 2602 regem
1062 2558 1251 2592 Sarbarum
1275 2561 1370 2604 ipsos
1396 2571 1475 2593 cum
1501 2562 1612 2606 copiis

171 2607 365 2651 ablegavit;
393 2618 464 2653 quo
489 2607 542 2639 illi
569 2607 664 2638 victo
691 2605 832 2638 tandem
856 2605 985 2638 reversi
1013 2612 1106 2639 sunt.
1155 2607 1292 2640 interea
1310 2617 1392 2640 vero
1409 2606 1492 2640 dum
1505 2607 1612 2642 domo

172 2655 344 2695 aberant,
370 2655 512 2688 annulis
541 2655 684 2686 Romam
708 2653 822 2685 missis
851 2651 1019 2686 uxoribus
1045 2665 1164 2686 eorum
1191 2653 1383 2699 persuadet
1408 2659 1448 2688 ut
1470 2654 1611 2700 Cpolim

173 2713 210 2734 se
242 2702 456 2734 conferrent.
505 2699 699 2734 secundum
725 2700 812 2732 haec
837 2700 924 2744 ipsis
944 2699 1103 2734 aedificia
1122 2701 1256 2740 condit,
1275 2712 1416 2745 prorsus
1435 2702 1610 2735 eiusmodi

173 2753 246 2783 tuin
273 2748 510 2795 amplitudine
539 2759 645 2794 qnam
670 2747 796 2790 fornia,
823 2746 942 2793 qualia
975 2748 1103 2782 Romae
1141 2747 1349 2783 habuerant.
1401 2761 1478 2784 cum
1501 2750 1609 2796 igitur
