<?xml version="1.0" encoding="UTF-8"?>
<!DOCTYPE html PUBLIC "-//W3C//DTD XHTML 1.0 Transitional//EN"
    "http://www.w3.org/TR/xhtml1/DTD/xhtml1-transitional.dtd">
<html xmlns="http://www.w3.org/1999/xhtml" xml:lang="en" lang="en">
 <head>
  <title>
</title>
<meta http-equiv="Content-Type" content="text/html;charset=utf-8" />
  <meta name='ocr-system' content='tesseract 3.04.00' />
  <meta name='ocr-capabilities' content='ocr_page ocr_carea ocr_par ocr_line ocrx_word'/>
</head>
<body>
  <div class='ocr_page' id='page_1' title='image "./corpusscriptorum37niebuoft_0400.png"; bbox 0 0 1826 3120; ppageno 0'>
   <div class='ocr_carea' id='block_1_1' title="bbox 252 133 1242 207">
    <p class='ocr_par' dir='ltr' id='par_1_1' title="bbox 252 133 1242 207">
     <span class='ocr_line' id='line_1_1' title="bbox 252 133 1242 207; baseline 0 -19"><span class='ocrx_word' id='word_1_1' title='bbox 252 133 365 207; x_wconf 84' lang='lat'><strong>378</strong></span> <span class='ocrx_word' id='word_1_2' title='bbox 693 148 979 190; x_wconf 68' lang='lat' dir='ltr'><strong>momnis</strong></span> <span class='ocrx_word' id='word_1_3' title='bbox 1022 146 1242 191; x_wconf 70' lang='lat' dir='ltr'>GLYCAE</span> 
     </span>
    </p>
   </div>
   <div class='ocr_carea' id='block_1_2' title="bbox 121 243 1767 1363">
    <p class='ocr_par' dir='ltr' id='par_1_2' title="bbox 121 243 1735 768">
     <span class='ocr_line' id='line_1_2' title="bbox 121 243 1700 306; baseline -0.001 -13"><span class='ocrx_word' id='word_1_4' title='bbox 121 260 236 296; x_wconf 69' lang='lat' dir='ltr'><strong>Rana</strong></span> <span class='ocrx_word' id='word_1_5' title='bbox 251 263 355 306; x_wconf 82' lang='grc' dir='ltr'><em>ψεν,</em></span> <span class='ocrx_word' id='word_1_6' title='bbox 397 248 518 293; x_wconf 71' lang='grc' dir='ltr'><em>ἔνθεν</em></span> <span class='ocrx_word' id='word_1_7' title='bbox 545 263 609 291; x_wconf 79' lang='grc' dir='ltr'><strong>τοι</strong></span> <span class='ocrx_word' id='word_1_8' title='bbox 644 247 719 290; x_wconf 76' lang='grc' dir='ltr'><strong><em>καὶ</em></strong></span> <span class='ocrx_word' id='word_1_9' title='bbox 759 249 1028 306; x_wconf 73' lang='grc' dir='ltr'><em>α’νῃρέθησαν</em></span> <span class='ocrx_word' id='word_1_10' title='bbox 1052 246 1258 303; x_wconf 76' lang='grc' dir='ltr'><em>μυριάδες</em></span> <span class='ocrx_word' id='word_1_11' title='bbox 1282 243 1351 302; x_wconf 84' lang='grc' dir='ltr'><strong><em>ιη’.</em></strong></span> <span class='ocrx_word' id='word_1_12' title='bbox 1408 247 1515 301; x_wconf 72' lang='grc' dir='ltr'><em>μετὰ</em></span> <span class='ocrx_word' id='word_1_13' title='bbox 1545 249 1592 292; x_wconf 79' lang='grc' dir='ltr'><strong>δὲ</strong></span> <span class='ocrx_word' id='word_1_14' title='bbox 1622 250 1700 292; x_wconf 73' lang='grc' dir='ltr'><strong>δύο</strong></span> 
     </span>
     <span class='ocr_line' id='line_1_3' title="bbox 249 311 1701 374; baseline -0.001 -14"><span class='ocrx_word' id='word_1_15' title='bbox 249 317 322 373; x_wconf 81' lang='grc' dir='ltr'><strong>ἔτη</strong></span> <span class='ocrx_word' id='word_1_16' title='bbox 369 317 587 359; x_wconf 74' lang='grc' dir='ltr'><em>ἀπέστειλε</em></span> <span class='ocrx_word' id='word_1_17' title='bbox 627 313 860 370; x_wconf 86' lang='grc' dir='ltr'><em>στρατηγόν</em></span> <span class='ocrx_word' id='word_1_18' title='bbox 877 347 889 368; x_wconf 89' lang='grc'><strong><em>,</em></strong></span> <span class='ocrx_word' id='word_1_19' title='bbox 935 312 980 362; x_wconf 83' lang='grc' dir='ltr'><strong><em>ὃς</em></strong></span> <span class='ocrx_word' id='word_1_20' title='bbox 1006 312 1140 356; x_wconf 79' lang='grc' dir='ltr'><strong><em>πολλὰ</em></strong></span> <span class='ocrx_word' id='word_1_21' title='bbox 1169 311 1276 356; x_wconf 76' lang='grc' dir='ltr'><strong><em>κακὰ</em></strong></span> <span class='ocrx_word' id='word_1_22' title='bbox 1302 314 1354 370; x_wconf 79' lang='grc' dir='ltr'><strong>τῇ</strong></span> <span class='ocrx_word' id='word_1_23' title='bbox 1375 311 1495 356; x_wconf 78' lang='grc' dir='ltr'><em>πόλει</em></span> <span class='ocrx_word' id='word_1_24' title='bbox 1520 318 1573 374; x_wconf 82' lang='grc' dir='ltr'><strong>τῇ</strong></span> <span class='ocrx_word' id='word_1_25' title='bbox 1600 313 1701 373; x_wconf 74' lang='grc' dir='ltr'><strong>ἁγίᾳ</strong></span> 
     </span>
     <span class='ocr_line' id='line_1_4' title="bbox 248 377 1701 436; baseline -0.001 -11"><span class='ocrx_word' id='word_1_26' title='bbox 248 384 478 432; x_wconf 72' lang='grc' dir='ltr'><em>ἐνεδείξατο</em></span> <span class='ocrx_word' id='word_1_27' title='bbox 519 380 593 422; x_wconf 84' lang='grc' dir='ltr'><strong><em>καί</em></strong></span> <span class='ocrx_word' id='word_1_28' title='bbox 618 379 700 427; x_wconf 59' lang='grc' dir='ltr'><strong>’τὸνΓ</strong></span> <span class='ocrx_word' id='word_1_29' title='bbox 721 379 826 422; x_wconf 82' lang='grc' dir='ltr'><strong><em>λαὸν</em></strong></span> <span class='ocrx_word' id='word_1_30' title='bbox 861 377 1088 436; x_wconf 73' lang='grc' dir='ltr'><em>ἑλληνίζειν</em></span> <span class='ocrx_word' id='word_1_31' title='bbox 1121 378 1340 435; x_wconf 75' lang='grc' dir='ltr'><em>ἠνάγκαζε.</em></span> <span class='ocrx_word' id='word_1_32' title='bbox 1398 381 1625 431; x_wconf 55' lang='lat' dir='ltr'><strong>Maranites</strong></span> <span class='ocrx_word' id='word_1_33' title='bbox 1651 383 1701 424; x_wconf 79' lang='grc' dir='ltr'><strong>δέ</strong></span> 
     </span>
     <span class='ocr_line' id='line_1_5' title="bbox 247 439 1701 503; baseline -0.001 -13"><span class='ocrx_word' id='word_1_34' title='bbox 247 465 310 498; x_wconf 87' lang='grc' dir='ltr'><strong>τις</strong></span> <span class='ocrx_word' id='word_1_35' title='bbox 338 446 450 502; x_wconf 76' lang='grc' dir='ltr'><em>ἔχων</em></span> <span class='ocrx_word' id='word_1_36' title='bbox 497 445 622 499; x_wconf 44' lang='grc' dir='ltr'><strong><em>υἱούς,</em></strong></span> <span class='ocrx_word' id='word_1_37' title='bbox 661 447 801 499; x_wconf 81' lang='grc' dir='ltr'><em>πέντε,</em></span> <span class='ocrx_word' id='word_1_38' title='bbox 849 447 925 503; x_wconf 72' lang='grc' dir='ltr'><strong>ἀφ’</strong></span> <span class='ocrx_word' id='word_1_39' title='bbox 963 441 1023 488; x_wconf 69' lang='grc' dir='ltr'><strong>ὧν</strong></span> <span class='ocrx_word' id='word_1_40' title='bbox 1067 439 1237 496; x_wconf 78' lang='grc' dir='ltr'><strong><em>Ἰούδας</em></strong></span> <span class='ocrx_word' id='word_1_41' title='bbox 1265 445 1286 488; x_wconf 81' lang='grc' dir='ltr'>ὅ</span> <span class='ocrx_word' id='word_1_42' title='bbox 1313 447 1622 500; x_wconf 83' lang='grc' dir='ltr'><strong><em>Μακκαβαῖος,</em></strong></span> <span class='ocrx_word' id='word_1_43' title='bbox 1651 445 1701 496; x_wconf 70' lang='grc' dir='ltr'><strong><em>ὃς</em></strong></span> 
     </span>
     <span class='ocr_line' id='line_1_6' title="bbox 246 508 1735 572; baseline 0.001 -18"><span class='ocrx_word' id='word_1_44' title='bbox 246 515 356 571; x_wconf 74' lang='grc' dir='ltr'><strong>ζήλῳ</strong></span> <span class='ocrx_word' id='word_1_45' title='bbox 397 512 498 572; x_wconf 74' lang='grc' dir='ltr'><em>θείῳ</em></span> <span class='ocrx_word' id='word_1_46' title='bbox 539 514 724 568; x_wconf 73' lang='grc' dir='ltr'><strong>κινηθείς</strong></span> <span class='ocrx_word' id='word_1_47' title='bbox 753 511 825 557; x_wconf 85' lang='grc' dir='ltr'><strong>τὸν</strong></span> <span class='ocrx_word' id='word_1_48' title='bbox 861 510 1096 569; x_wconf 81' lang='grc' dir='ltr'><em>στρατηγὸν</em></span> <span class='ocrx_word' id='word_1_49' title='bbox 1130 508 1453 555; x_wconf 80' lang='grc' dir='ltr'><em>ἆπέκτεινετοῦ</em></span> <span class='ocrx_word' id='word_1_50' title='bbox 1476 510 1735 567; x_wconf 59' lang='grc' dir='ltr'><strong>Ἀντιόχου5</strong></span> 
     </span>
     <span class='ocr_line' id='line_1_7' title="bbox 244 574 1700 635; baseline -0.001 -13"><span class='ocrx_word' id='word_1_51' title='bbox 244 581 319 622; x_wconf 82' lang='grc' dir='ltr'><strong><em>καί</em></strong></span> <span class='ocrx_word' id='word_1_52' title='bbox 344 581 479 634; x_wconf 82' lang='grc' dir='ltr'><strong><em>μυριά</em></strong></span> <span class='ocrx_word' id='word_1_53' title='bbox 523 574 646 622; x_wconf 79' lang='grc' dir='ltr'><strong><em>ἄλλα</em></strong></span> <span class='ocrx_word' id='word_1_54' title='bbox 674 577 906 634; x_wconf 79' lang='grc' dir='ltr'><em>εἰργάσατο.</em></span> <span class='ocrx_word' id='word_1_55' title='bbox 973 578 998 621; x_wconf 80' lang='grc' dir='ltr'><em>ὅ</em></span> <span class='ocrx_word' id='word_1_56' title='bbox 1027 581 1074 621; x_wconf 75' lang='grc' dir='ltr'><strong>δὲ</strong></span> <span class='ocrx_word' id='word_1_57' title='bbox 1106 578 1320 632; x_wconf 60' lang='grc' dir='ltr'><strong>Ἀντιοχος</strong></span> <span class='ocrx_word' id='word_1_58' title='bbox 1348 575 1456 620; x_wconf 76' lang='grc' dir='ltr'><strong><em>κατὰ</em></strong></span> <span class='ocrx_word' id='word_1_59' title='bbox 1486 581 1700 635; x_wconf 79' lang='grc' dir='ltr'><em>Περσίδος</em></span> 
     </span>
     <span class='ocr_line' id='line_1_8' title="bbox 243 643 1701 701; baseline -0.001 -13"><span class='ocrx_word' id='word_1_60' title='bbox 243 649 324 699; x_wconf 80' lang='grc' dir='ltr'><strong>μὲν</strong></span> <span class='ocrx_word' id='word_1_61' title='bbox 356 643 572 701; x_wconf 70' lang='grc' dir='ltr'><strong><em>ὁρμήσας,</em></strong></span> <span class='ocrx_word' id='word_1_62' title='bbox 604 644 763 698; x_wconf 69' lang='grc' dir='ltr'><strong><em>α’τίμως</em></strong></span> <span class='ocrx_word' id='word_1_63' title='bbox 793 647 838 687; x_wconf 75' lang='grc' dir='ltr'><strong>δὲ</strong></span> <span class='ocrx_word' id='word_1_64' title='bbox 868 645 1146 701; x_wconf 72' lang='grc' dir='ltr'><em>ὑποστρέφων</em></span> <span class='ocrx_word' id='word_1_65' title='bbox 1173 643 1279 697; x_wconf 73' lang='grc' dir='ltr'><em>μετὰ</em></span> <span class='ocrx_word' id='word_1_66' title='bbox 1310 647 1386 688; x_wconf 83' lang='grc' dir='ltr'><em>καί</em></span> <span class='ocrx_word' id='word_1_67' title='bbox 1410 643 1537 687; x_wconf 83' lang='grc' dir='ltr'><em>νόσου</em></span> <span class='ocrx_word' id='word_1_68' title='bbox 1564 647 1701 701; x_wconf 78' lang='grc' dir='ltr'><strong><em>βαρυ-</em></strong></span> 
     </span>
     <span class='ocr_line' id='line_1_9' title="bbox 245 704 1704 768; baseline 0 -14"><span class='ocrx_word' id='word_1_69' title='bbox 245 710 398 768; x_wconf 79' lang='grc' dir='ltr'><strong><em>τάτης,</em></strong></span> <span class='ocrx_word' id='word_1_70' title='bbox 436 714 590 766; x_wconf 83' lang='grc' dir='ltr'><em>συνῆκε</em></span> <span class='ocrx_word' id='word_1_71' title='bbox 633 715 730 753; x_wconf 75' lang='grc' dir='ltr'><strong><em>καθ’</em></strong></span> <span class='ocrx_word' id='word_1_72' title='bbox 768 710 922 757; x_wconf 75' lang='grc' dir='ltr'><em>ἑαυτὸν</em></span> <span class='ocrx_word' id='word_1_73' title='bbox 962 714 1093 765; x_wconf 83' lang='grc' dir='ltr'><em>λέγων</em></span> <span class='ocrx_word' id='word_1_74' title='bbox 1125 706 1254 765; x_wconf 61' lang='grc' dir='ltr'><strong><em>»ἄξια</em></strong></span> <span class='ocrx_word' id='word_1_75' title='bbox 1282 712 1434 766; x_wconf 79' lang='grc' dir='ltr'><em>πάσχω</em></span> <span class='ocrx_word' id='word_1_76' title='bbox 1458 704 1518 754; x_wconf 72' lang='grc' dir='ltr'><strong>ὧν</strong></span> <span class='ocrx_word' id='word_1_77' title='bbox 1534 712 1601 761; x_wconf 79' lang='grc' dir='ltr'><strong>εἷς</strong></span> <span class='ocrx_word' id='word_1_78' title='bbox 1625 709 1704 767; x_wconf 72' lang='grc' dir='ltr'><strong>τὴν</strong></span> 
     </span>
    </p>

    <p class='ocr_par' dir='ltr' id='par_1_3' title="bbox 209 776 1767 1363">
     <span class='ocr_line' id='line_1_10' title="bbox 209 776 1704 835; baseline 0.001 -17"><span class='ocrx_word' id='word_1_79' title='bbox 209 777 532 833; x_wconf 80' lang='grc' dir='ltr'><em>ΒἹερουσαλὴμ</em></span> <span class='ocrx_word' id='word_1_80' title='bbox 565 780 805 832; x_wconf 83' lang='grc' dir='ltr'><strong><em>πέπραχα.”</em></strong></span> <span class='ocrx_word' id='word_1_81' title='bbox 861 776 935 821; x_wconf 83' lang='grc' dir='ltr'><em>καί</em></span> <span class='ocrx_word' id='word_1_82' title='bbox 969 776 1184 833; x_wconf 74' lang='grc' dir='ltr'><strong>σκώληκας</strong></span> <span class='ocrx_word' id='word_1_83' title='bbox 1214 778 1425 833; x_wconf 79' lang='grc' dir='ltr'><strong><em>ἑκβρὰσας</em></strong></span> <span class='ocrx_word' id='word_1_84' title='bbox 1450 777 1528 834; x_wconf 77' lang='grc' dir='ltr'><strong>τὴν</strong></span> <span class='ocrx_word' id='word_1_85' title='bbox 1555 776 1704 835; x_wconf 71' lang='grc' dir='ltr'><strong><em>ψυχὴν</em></strong></span> 
     </span>
     <span class='ocr_line' id='line_1_11' title="bbox 247 840 1767 900; baseline 0.001 -14"><span class='ocrx_word' id='word_1_86' title='bbox 247 840 527 900; x_wconf 74' lang='grc' dir='ltr'><em>ἅπερρήξατο.</em></span> <span class='ocrx_word' id='word_1_87' title='bbox 582 844 690 898; x_wconf 76' lang='grc' dir='ltr'><em>μετά</em></span> <span class='ocrx_word' id='word_1_88' title='bbox 731 845 778 887; x_wconf 75' lang='grc' dir='ltr'><strong>δὲ</strong></span> <span class='ocrx_word' id='word_1_89' title='bbox 808 848 954 887; x_wconf 80' lang='grc' dir='ltr'><em>τοῦτον</em></span> <span class='ocrx_word' id='word_1_90' title='bbox 972 845 1193 898; x_wconf 82' lang='grc' dir='ltr'><strong>Ἀντίοχος</strong></span> <span class='ocrx_word' id='word_1_91' title='bbox 1221 841 1420 899; x_wconf 71' lang='grc' dir='ltr'><em>εὐπάτωρ</em></span> <span class='ocrx_word' id='word_1_92' title='bbox 1451 842 1472 886; x_wconf 83' lang='grc' dir='ltr'>ὅ</span> <span class='ocrx_word' id='word_1_93' title='bbox 1502 841 1598 895; x_wconf 81' lang='grc' dir='ltr'><strong><em>υἱὸς</em></strong></span> <span class='ocrx_word' id='word_1_94' title='bbox 1624 844 1767 888; x_wconf 65' lang='lat' dir='ltr'><strong>anf-10</strong></span> 
     </span>
     <span class='ocr_line' id='line_1_12' title="bbox 246 905 1703 967; baseline -0.001 -14"><span class='ocrx_word' id='word_1_95' title='bbox 246 912 349 961; x_wconf 75' lang='grc' dir='ltr'><strong>τοῦ,</strong></span> <span class='ocrx_word' id='word_1_96' title='bbox 389 913 457 967; x_wconf 78' lang='grc' dir='ltr'><strong>ἐφ’</strong></span> <span class='ocrx_word' id='word_1_97' title='bbox 485 905 538 952; x_wconf 78' lang='grc' dir='ltr'><strong>οὗ</strong></span> <span class='ocrx_word' id='word_1_98' title='bbox 572 909 746 961; x_wconf 76' lang='grc' dir='ltr'><strong><em>Ἰούδας</em></strong></span> <span class='ocrx_word' id='word_1_99' title='bbox 789 910 811 951; x_wconf 80' lang='grc' dir='ltr'>ὅ</span> <span class='ocrx_word' id='word_1_100' title='bbox 841 914 1122 965; x_wconf 84' lang='grc' dir='ltr'><strong><em>Μακκαβαῖος</em></strong></span> <span class='ocrx_word' id='word_1_101' title='bbox 1146 908 1247 959; x_wconf 75' lang='grc' dir='ltr'><strong><em>τούς</em></strong></span> <span class='ocrx_word' id='word_1_102' title='bbox 1280 909 1585 966; x_wconf 81' lang='grc' dir='ltr'><em>φρουράρχους</em></span> <span class='ocrx_word' id='word_1_103' title='bbox 1606 911 1703 955; x_wconf 78' lang='grc' dir='ltr'><strong>,Ἀν-</strong></span> 
     </span>
     <span class='ocr_line' id='line_1_13' title="bbox 245 973 1703 1032; baseline 0 -14"><span class='ocrx_word' id='word_1_104' title='bbox 245 975 392 1030; x_wconf 79' lang='grc' dir='ltr'><strong><em>τιόχου</em></strong></span> <span class='ocrx_word' id='word_1_105' title='bbox 420 976 745 1031; x_wconf 82' lang='grc' dir='ltr'><em>τροπωσάμενος</em></span> <span class='ocrx_word' id='word_1_106' title='bbox 772 973 914 1032; x_wconf 71' lang='grc' dir='ltr'><em>ἤγειρε</em></span> <span class='ocrx_word' id='word_1_107' title='bbox 944 980 1044 1019; x_wconf 74' lang='grc' dir='ltr'><strong><em>καθ’</em></strong></span> <span class='ocrx_word' id='word_1_108' title='bbox 1070 973 1228 1019; x_wconf 76' lang='grc' dir='ltr'><strong><em>ἑαυτοῦ</em></strong></span> <span class='ocrx_word' id='word_1_109' title='bbox 1253 975 1324 1019; x_wconf 82' lang='grc' dir='ltr'><strong>τόν</strong></span> <span class='ocrx_word' id='word_1_110' title='bbox 1348 976 1574 1030; x_wconf 76' lang='grc' dir='ltr'><em>Ἀντίοχον-</em></span> <span class='ocrx_word' id='word_1_111' title='bbox 1592 974 1703 1029; x_wconf 77' lang='grc' dir='ltr'><em>μετὰ</em></span> 
     </span>
     <span class='ocr_line' id='line_1_14' title="bbox 246 1037 1703 1100; baseline -0.001 -16"><span class='ocrx_word' id='word_1_112' title='bbox 246 1042 438 1097; x_wconf 72' lang='grc' dir='ltr'><strong><em>πλήθους</em></strong></span> <span class='ocrx_word' id='word_1_113' title='bbox 466 1043 643 1098; x_wconf 78' lang='grc' dir='ltr'><em>α’πείρου</em></span> <span class='ocrx_word' id='word_1_114' title='bbox 675 1045 749 1085; x_wconf 82' lang='grc' dir='ltr'><em>καί</em></span> <span class='ocrx_word' id='word_1_115' title='bbox 771 1043 1007 1100; x_wconf 81' lang='grc' dir='ltr'><em>ἐλεφάντων</em></span> <span class='ocrx_word' id='word_1_116' title='bbox 1036 1042 1066 1084; x_wconf 88' lang='grc' dir='ltr'><strong>ν’</strong></span> <span class='ocrx_word' id='word_1_117' title='bbox 1097 1043 1171 1085; x_wconf 85' lang='grc' dir='ltr'><strong><em>καί</em></strong></span> <span class='ocrx_word' id='word_1_118' title='bbox 1197 1041 1241 1096; x_wconf 83' lang='grc' dir='ltr'><strong>ε’,</strong></span> <span class='ocrx_word' id='word_1_119' title='bbox 1268 1044 1335 1099; x_wconf 78' lang='grc' dir='ltr'><strong>ἐφ’</strong></span> <span class='ocrx_word' id='word_1_120' title='bbox 1360 1037 1420 1084; x_wconf 72' lang='grc' dir='ltr'><strong>ὧν</strong></span> <span class='ocrx_word' id='word_1_121' title='bbox 1448 1041 1603 1096; x_wconf 74' lang='grc' dir='ltr'><em>πύργοι</em></span> <span class='ocrx_word' id='word_1_122' title='bbox 1629 1041 1703 1093; x_wconf 76' lang='grc' dir='ltr'><strong>ξύ-</strong></span> 
     </span>
     <span class='ocr_line' id='line_1_15' title="bbox 244 1107 1702 1168; baseline -0.001 -17"><span class='ocrx_word' id='word_1_123' title='bbox 244 1114 374 1161; x_wconf 83' lang='grc' dir='ltr'><strong><em>λινοι,</em></strong></span> <span class='ocrx_word' id='word_1_124' title='bbox 407 1107 572 1164; x_wconf 82' lang='grc' dir='ltr'><em>ἔχοντες</em></span> <span class='ocrx_word' id='word_1_125' title='bbox 593 1107 615 1151; x_wconf 82' lang='grc' dir='ltr'><em>ὃ</em></span> <span class='ocrx_word' id='word_1_126' title='bbox 642 1112 742 1168; x_wconf 71' lang='grc' dir='ltr'><strong><em>καθ’</em></strong></span> <span class='ocrx_word' id='word_1_127' title='bbox 771 1109 844 1152; x_wconf 79' lang='grc' dir='ltr'><strong>ἕνα</strong></span> <span class='ocrx_word' id='word_1_128' title='bbox 872 1109 951 1151; x_wconf 79' lang='grc' dir='ltr'><strong>ἀνὰ</strong></span> <span class='ocrx_word' id='word_1_129' title='bbox 979 1108 1239 1163; x_wconf 78' lang='grc' dir='ltr'><strong>στρατιώτας</strong></span> <span class='ocrx_word' id='word_1_130' title='bbox 1271 1108 1471 1160; x_wconf 81' lang='grc' dir='ltr'><strong><em>ἐνόπλους</em></strong></span> <span class='ocrx_word' id='word_1_131' title='bbox 1498 1107 1575 1162; x_wconf 63' lang='grc' dir='ltr'><strong>λβ.</strong></span> <span class='ocrx_word' id='word_1_132' title='bbox 1606 1108 1702 1151; x_wconf 77' lang='grc' dir='ltr'><em>τότε</em></span> 
     </span>
     <span class='ocr_line' id='line_1_16' title="bbox 246 1171 1767 1231; baseline 0.001 -14"><span class='ocrx_word' id='word_1_133' title='bbox 246 1174 299 1230; x_wconf 74' lang='grc' dir='ltr'><strong>δὴ</strong></span> <span class='ocrx_word' id='word_1_134' title='bbox 320 1175 413 1217; x_wconf 85' lang='grc' dir='ltr'><em>τότε</em></span> <span class='ocrx_word' id='word_1_135' title='bbox 436 1172 599 1230; x_wconf 80' lang='grc' dir='ltr'><em>μεγάλα</em></span> <span class='ocrx_word' id='word_1_136' title='bbox 621 1173 843 1231; x_wconf 60' lang='grc' dir='ltr'><em>εἰργάσατο</em></span> <span class='ocrx_word' id='word_1_137' title='bbox 865 1174 886 1218; x_wconf 82' lang='grc' dir='ltr'><em>ὃ</em></span> <span class='ocrx_word' id='word_1_138' title='bbox 914 1175 1092 1228; x_wconf 81' lang='grc' dir='ltr'><strong><em>Ἰούδας,</em></strong></span> <span class='ocrx_word' id='word_1_139' title='bbox 1111 1174 1169 1224; x_wconf 76' lang='grc' dir='ltr'><strong><em>ὥς</em></strong></span> <span class='ocrx_word' id='word_1_140' title='bbox 1186 1177 1259 1217; x_wconf 83' lang='grc' dir='ltr'>καί</span> <span class='ocrx_word' id='word_1_141' title='bbox 1281 1174 1355 1230; x_wconf 76' lang='grc' dir='ltr'><strong>τήν</strong></span> <span class='ocrx_word' id='word_1_142' title='bbox 1383 1171 1703 1230; x_wconf 75' lang='grc' dir='ltr'><em>ἀρχιερωσύνην</em></span> <span class='ocrx_word' id='word_1_143' title='bbox 1718 1176 1767 1219; x_wconf 79' lang='grc' dir='ltr'><strong>ι5</strong></span> 
     </span>
     <span class='ocr_line' id='line_1_17' title="bbox 245 1236 1703 1299; baseline 0.001 -16"><span class='ocrx_word' id='word_1_144' title='bbox 245 1245 392 1296; x_wconf 80' lang='grc' dir='ltr'><em>λαβεῖν</em></span> <span class='ocrx_word' id='word_1_145' title='bbox 423 1240 540 1298; x_wconf 80' lang='grc' dir='ltr'><strong><em>παρὰ</em></strong></span> <span class='ocrx_word' id='word_1_146' title='bbox 570 1243 648 1284; x_wconf 79' lang='grc' dir='ltr'><strong>τοῦ</strong></span> <span class='ocrx_word' id='word_1_147' title='bbox 678 1243 794 1284; x_wconf 81' lang='grc' dir='ltr'><strong><em>λαοῦ.</em></strong></span> <span class='ocrx_word' id='word_1_148' title='bbox 862 1243 934 1299; x_wconf 79' lang='grc' dir='ltr'><strong>ἐφ’</strong></span> <span class='ocrx_word' id='word_1_149' title='bbox 961 1236 1012 1284; x_wconf 72' lang='grc' dir='ltr'><strong>οὗ</strong></span> <span class='ocrx_word' id='word_1_150' title='bbox 1053 1241 1076 1283; x_wconf 76' lang='grc' dir='ltr'><em>ὅ</em></span> <span class='ocrx_word' id='word_1_151' title='bbox 1102 1241 1272 1296; x_wconf 82' lang='grc' dir='ltr'><strong><em>Ἰησοῦς</em></strong></span> <span class='ocrx_word' id='word_1_152' title='bbox 1298 1239 1320 1282; x_wconf 82' lang='grc' dir='ltr'><em>ὃ</em></span> <span class='ocrx_word' id='word_1_153' title='bbox 1348 1243 1426 1284; x_wconf 83' lang='grc' dir='ltr'><strong>τοῦ</strong></span> <span class='ocrx_word' id='word_1_154' title='bbox 1452 1239 1592 1299; x_wconf 80' lang='grc' dir='ltr'><em>Σιροὶχ</em></span> <span class='ocrx_word' id='word_1_155' title='bbox 1623 1238 1703 1297; x_wconf 69' lang='grc' dir='ltr'><strong>τὴν</strong></span> 
     </span>
     <span class='ocr_line' id='line_1_18' title="bbox 245 1304 1254 1363; baseline 0.002 -14"><span class='ocrx_word' id='word_1_156' title='bbox 245 1305 478 1363; x_wconf 77' lang='grc' dir='ltr'><em>πανάρετον</em></span> <span class='ocrx_word' id='word_1_157' title='bbox 501 1304 709 1359; x_wconf 76' lang='grc' dir='ltr'><strong><em>συντάξας</em></strong></span> <span class='ocrx_word' id='word_1_158' title='bbox 736 1308 965 1358; x_wconf 75' lang='grc' dir='ltr'><strong><em>Ἰουδαίοις</em></strong></span> <span class='ocrx_word' id='word_1_159' title='bbox 992 1309 1254 1363; x_wconf 80' lang='grc' dir='ltr'><em>ἐγνωρίζετο.</em></span> 
     </span>
    </p>
   </div>
   <div class='ocr_carea' id='block_1_3' title="bbox 244 1499 1760 2346">
    <p class='ocr_par' dir='ltr' id='par_1_4' title="bbox 244 1499 1760 2346">
     <span class='ocr_line' id='line_1_19' title="bbox 244 1499 1760 1545; baseline 0.001 -13"><span class='ocrx_word' id='word_1_160' title='bbox 244 1500 363 1545; x_wconf 79' lang='lat' dir='ltr'><strong>misit,</strong></span> <span class='ocrx_word' id='word_1_161' title='bbox 399 1500 461 1545; x_wconf 89' lang='lat' dir='ltr'><strong>qui</strong></span> <span class='ocrx_word' id='word_1_162' title='bbox 487 1499 600 1533; x_wconf 86' lang='lat' dir='ltr'><strong>multa</strong></span> <span class='ocrx_word' id='word_1_163' title='bbox 638 1499 734 1534; x_wconf 80' lang='lat' dir='ltr'><strong>mala</strong></span> <span class='ocrx_word' id='word_1_164' title='bbox 772 1500 853 1534; x_wconf 88' lang='lat' dir='ltr'><strong>urbi</strong></span> <span class='ocrx_word' id='word_1_165' title='bbox 893 1511 1016 1534; x_wconf 83' lang='lat' dir='ltr'><strong>sacrae</strong></span> <span class='ocrx_word' id='word_1_166' title='bbox 1041 1500 1191 1541; x_wconf 84' lang='lat' dir='ltr'><strong>intulit,</strong></span> <span class='ocrx_word' id='word_1_167' title='bbox 1226 1499 1479 1544; x_wconf 80' lang='lat' dir='ltr'><strong>populumque</strong></span> <span class='ocrx_word' id='word_1_168' title='bbox 1515 1499 1634 1544; x_wconf 80' lang='lat' dir='ltr'><strong>coegit</strong></span> <span class='ocrx_word' id='word_1_169' title='bbox 1659 1506 1702 1538; x_wconf 75' lang='lat' dir='ltr'><strong>ut</strong></span> <span class='ocrx_word' id='word_1_170' title='bbox 1754 1530 1760 1536; x_wconf 73' lang='grc'><strong><em>,</em></strong></span> 
     </span>
     <span class='ocr_line' id='line_1_20' title="bbox 246 1546 1701 1593; baseline 0.001 -14"><span class='ocrx_word' id='word_1_171' title='bbox 246 1547 420 1580; x_wconf 80' lang='lat' dir='ltr'>Graecam</span> <span class='ocrx_word' id='word_1_172' title='bbox 442 1547 652 1592; x_wconf 81' lang='lat' dir='ltr'>religionem</span> <span class='ocrx_word' id='word_1_173' title='bbox 667 1559 708 1580; x_wconf 82' lang='lat' dir='ltr'><strong>ac</strong></span> <span class='ocrx_word' id='word_1_174' title='bbox 725 1558 843 1581; x_wconf 87' lang='lat' dir='ltr'><strong>mores</strong></span> <span class='ocrx_word' id='word_1_175' title='bbox 857 1548 1143 1593; x_wconf 83' lang='lat' dir='ltr'><strong>amplecteretur.</strong></span> <span class='ocrx_word' id='word_1_176' title='bbox 1170 1547 1309 1580; x_wconf 79' lang='lat' dir='ltr'><strong>exstitit</strong></span> <span class='ocrx_word' id='word_1_177' title='bbox 1332 1552 1408 1580; x_wconf 85' lang='lat' dir='ltr'><strong>tum</strong></span> <span class='ocrx_word' id='word_1_178' title='bbox 1420 1546 1592 1580; x_wconf 80' lang='lat' dir='ltr'><strong>Matthias</strong></span> <span class='ocrx_word' id='word_1_179' title='bbox 1618 1548 1701 1593; x_wconf 85' lang='lat' dir='ltr'><strong>qui—</strong></span> 
     </span>
     <span class='ocr_line' id='line_1_21' title="bbox 247 1593 1702 1640; baseline 0.001 -14"><span class='ocrx_word' id='word_1_180' title='bbox 247 1594 346 1634; x_wconf 80' lang='lat' dir='ltr'><strong>dam,</strong></span> <span class='ocrx_word' id='word_1_181' title='bbox 372 1595 432 1626; x_wconf 88' lang='lat' dir='ltr'><strong>cui</strong></span> <span class='ocrx_word' id='word_1_182' title='bbox 464 1595 628 1640; x_wconf 80' lang='lat' dir='ltr'><strong>quinque</strong></span> <span class='ocrx_word' id='word_1_183' title='bbox 663 1595 730 1627; x_wconf 83' lang='lat' dir='ltr'><strong>filii</strong></span> <span class='ocrx_word' id='word_1_184' title='bbox 756 1600 880 1635; x_wconf 86' lang='lat' dir='ltr'><strong>erant,</strong></span> <span class='ocrx_word' id='word_1_185' title='bbox 921 1600 959 1628; x_wconf 87' lang='lat' dir='ltr'><strong>et</strong></span> <span class='ocrx_word' id='word_1_186' title='bbox 983 1596 1080 1629; x_wconf 90' lang='lat' dir='ltr'><strong>inter</strong></span> <span class='ocrx_word' id='word_1_187' title='bbox 1105 1595 1194 1627; x_wconf 83' lang='lat' dir='ltr'><strong>alios</strong></span> <span class='ocrx_word' id='word_1_188' title='bbox 1220 1593 1327 1626; x_wconf 79' lang='lat' dir='ltr'><strong>Iudas</strong></span> <span class='ocrx_word' id='word_1_189' title='bbox 1353 1593 1417 1626; x_wconf 85' lang='lat' dir='ltr'><strong>ille</strong></span> <span class='ocrx_word' id='word_1_190' title='bbox 1442 1593 1702 1636; x_wconf 53' lang='lat' dir='ltr'><strong>Maccahaeusg</strong></span> 
     </span>
     <span class='ocr_line' id='line_1_22' title="bbox 247 1640 1703 1686; baseline 0.002 -14"><span class='ocrx_word' id='word_1_191' title='bbox 247 1642 313 1685; x_wconf 86' lang='lat' dir='ltr'><strong>qui</strong></span> <span class='ocrx_word' id='word_1_192' title='bbox 338 1640 459 1674; x_wconf 85' lang='lat' dir='ltr'><strong>divina</strong></span> <span class='ocrx_word' id='word_1_193' title='bbox 484 1641 639 1686; x_wconf 84' lang='lat' dir='ltr'><strong>quadam</strong></span> <span class='ocrx_word' id='word_1_194' title='bbox 665 1642 909 1675; x_wconf 77' lang='lat' dir='ltr'><strong>aemulatione</strong></span> <span class='ocrx_word' id='word_1_195' title='bbox 923 1648 1122 1675; x_wconf 86' lang='lat' dir='ltr'><strong>commotus</strong></span> <span class='ocrx_word' id='word_1_196' title='bbox 1142 1641 1278 1685; x_wconf 85' lang='lat' dir='ltr'><strong>regium</strong></span> <span class='ocrx_word' id='word_1_197' title='bbox 1305 1640 1432 1673; x_wconf 89' lang='lat' dir='ltr'><strong>ducem</strong></span> <span class='ocrx_word' id='word_1_198' title='bbox 1455 1641 1639 1675; x_wconf 79' lang='lat' dir='ltr'><strong>interemit</strong></span> <span class='ocrx_word' id='word_1_199' title='bbox 1665 1647 1703 1676; x_wconf 82' lang='lat' dir='ltr'><strong>et</strong></span> 
     </span>
     <span class='ocr_line' id='line_1_23' title="bbox 249 1687 1703 1734; baseline 0.002 -15"><span class='ocrx_word' id='word_1_200' title='bbox 249 1689 390 1732; x_wconf 75' lang='lat' dir='ltr'><strong>egregia</strong></span> <span class='ocrx_word' id='word_1_201' title='bbox 416 1688 575 1721; x_wconf 83' lang='lat' dir='ltr'><strong>facinora</strong></span> <span class='ocrx_word' id='word_1_202' title='bbox 600 1688 659 1720; x_wconf 81' lang='lat' dir='ltr'><strong>vel</strong></span> <span class='ocrx_word' id='word_1_203' title='bbox 687 1695 856 1722; x_wconf 82' lang='lat' dir='ltr'><strong>sexcenta</strong></span> <span class='ocrx_word' id='word_1_204' title='bbox 891 1689 1055 1734; x_wconf 78' lang='lat' dir='ltr'><strong>patravit.</strong></span> <span class='ocrx_word' id='word_1_205' title='bbox 1079 1699 1143 1720; x_wconf 82' lang='lat' dir='ltr'><strong>rex</strong></span> <span class='ocrx_word' id='word_1_206' title='bbox 1168 1694 1288 1721; x_wconf 81' lang='lat' dir='ltr'><strong>autem</strong></span> <span class='ocrx_word' id='word_1_207' title='bbox 1313 1687 1513 1721; x_wconf 79' lang='lat' dir='ltr'><strong>Antiochus</strong></span> <span class='ocrx_word' id='word_1_208' title='bbox 1538 1687 1703 1734; x_wconf 78' lang='lat' dir='ltr'><strong>suscepta</strong></span> 
     </span>
     <span class='ocr_line' id='line_1_24' title="bbox 246 1734 1703 1780; baseline 0.001 -13"><span class='ocrx_word' id='word_1_209' title='bbox 246 1736 287 1767; x_wconf 91' lang='lat' dir='ltr'><strong>in</strong></span> <span class='ocrx_word' id='word_1_210' title='bbox 311 1734 491 1767; x_wconf 87' lang='lat' dir='ltr'><strong>Persidem</strong></span> <span class='ocrx_word' id='word_1_211' title='bbox 531 1735 791 1780; x_wconf 79' lang='lat' dir='ltr'><strong>expeditione,</strong></span> <span class='ocrx_word' id='word_1_212' title='bbox 836 1747 916 1769; x_wconf 85' lang='lat' dir='ltr'><strong>cum</strong></span> <span class='ocrx_word' id='word_1_213' title='bbox 943 1742 981 1770; x_wconf 89' lang='lat' dir='ltr'><strong>et</strong></span> <span class='ocrx_word' id='word_1_214' title='bbox 1016 1735 1221 1780; x_wconf 85' lang='lat' dir='ltr'><strong>gravissimo</strong></span> <span class='ocrx_word' id='word_1_215' title='bbox 1259 1741 1444 1780; x_wconf 87' lang='lat' dir='ltr'><strong>correptus</strong></span> <span class='ocrx_word' id='word_1_216' title='bbox 1475 1735 1599 1769; x_wconf 85' lang='lat' dir='ltr'><strong>morbo</strong></span> <span class='ocrx_word' id='word_1_217' title='bbox 1635 1747 1703 1769; x_wconf 83' lang='lat' dir='ltr'><strong>nec</strong></span> 
     </span>
     <span class='ocr_line' id='line_1_25' title="bbox 248 1782 1704 1827; baseline 0.001 -13"><span class='ocrx_word' id='word_1_218' title='bbox 248 1782 327 1815; x_wconf 81' lang='lat' dir='ltr'><strong>sine</strong></span> <span class='ocrx_word' id='word_1_219' title='bbox 354 1783 525 1826; x_wconf 75' lang='lat' dir='ltr'><strong>singulari</strong></span> <span class='ocrx_word' id='word_1_220' title='bbox 554 1782 734 1815; x_wconf 85' lang='lat' dir='ltr'><strong>dedecore</strong></span> <span class='ocrx_word' id='word_1_221' title='bbox 758 1782 902 1816; x_wconf 88' lang='lat' dir='ltr'><strong>domum</strong></span> <span class='ocrx_word' id='word_1_222' title='bbox 920 1787 1180 1824; x_wconf 84' lang='lat' dir='ltr'><strong>reverteretur,</strong></span> <span class='ocrx_word' id='word_1_223' title='bbox 1199 1782 1353 1827; x_wconf 86' lang='lat' dir='ltr'><strong>ipsemet</strong></span> <span class='ocrx_word' id='word_1_224' title='bbox 1375 1783 1509 1815; x_wconf 83' lang='lat' dir='ltr'><strong>scelera</strong></span> <span class='ocrx_word' id='word_1_225' title='bbox 1533 1794 1597 1816; x_wconf 86' lang='lat' dir='ltr'><strong>sua</strong></span> <span class='ocrx_word' id='word_1_226' title='bbox 1621 1788 1704 1816; x_wconf 85' lang='lat' dir='ltr'><strong>tan-</strong></span> 
     </span>
     <span class='ocr_line' id='line_1_26' title="bbox 249 1829 1703 1875; baseline 0.001 -14"><span class='ocrx_word' id='word_1_227' title='bbox 249 1829 333 1861; x_wconf 90' lang='lat' dir='ltr'><strong>dem</strong></span> <span class='ocrx_word' id='word_1_228' title='bbox 357 1830 526 1874; x_wconf 85' lang='lat' dir='ltr'><strong>agnovit,</strong></span> <span class='ocrx_word' id='word_1_229' title='bbox 551 1841 631 1862; x_wconf 90' lang='lat' dir='ltr'><strong>cum</strong></span> <span class='ocrx_word' id='word_1_230' title='bbox 657 1829 794 1863; x_wconf 86' lang='lat' dir='ltr'><strong>diceret</strong></span> <span class='ocrx_word' id='word_1_231' title='bbox 824 1842 862 1863; x_wconf 87' lang='lat' dir='ltr'><strong>se</strong></span> <span class='ocrx_word' id='word_1_232' title='bbox 888 1830 1033 1864; x_wconf 77' lang='lat' dir='ltr'><strong>meritas</strong></span> <span class='ocrx_word' id='word_1_233' title='bbox 1067 1841 1191 1863; x_wconf 89' lang='lat' dir='ltr'><strong>eorum</strong></span> <span class='ocrx_word' id='word_1_234' title='bbox 1220 1830 1420 1863; x_wconf 79' lang='lat' dir='ltr'><strong>facinorum</strong></span> <span class='ocrx_word' id='word_1_235' title='bbox 1447 1840 1582 1874; x_wconf 80' lang='lat' dir='ltr'><strong>poenas</strong></span> <span class='ocrx_word' id='word_1_236' title='bbox 1611 1841 1703 1875; x_wconf 86' lang='lat' dir='ltr'><strong>pen-</strong></span> 
     </span>
     <span class='ocr_line' id='line_1_27' title="bbox 250 1875 1703 1922; baseline 0.001 -14"><span class='ocrx_word' id='word_1_237' title='bbox 250 1876 337 1908; x_wconf 90' lang='lat' dir='ltr'><strong>dere</strong></span> <span class='ocrx_word' id='word_1_238' title='bbox 363 1887 457 1921; x_wconf 83' lang='lat' dir='ltr'><strong>quae</strong></span> <span class='ocrx_word' id='word_1_239' title='bbox 494 1875 663 1910; x_wconf 81' lang='lat' dir='ltr'><strong>adversus</strong></span> <span class='ocrx_word' id='word_1_240' title='bbox 688 1876 975 1921; x_wconf 81' lang='lat' dir='ltr'><strong>Hierosolymam</strong></span> <span class='ocrx_word' id='word_1_241' title='bbox 1010 1877 1257 1911; x_wconf 87' lang='lat' dir='ltr'><strong>commisisset.</strong></span> <span class='ocrx_word' id='word_1_242' title='bbox 1283 1882 1393 1921; x_wconf 88' lang='lat' dir='ltr'><strong>atque</strong></span> <span class='ocrx_word' id='word_1_243' title='bbox 1417 1875 1486 1910; x_wconf 90' lang='lat' dir='ltr'><strong>hoc</strong></span> <span class='ocrx_word' id='word_1_244' title='bbox 1501 1875 1608 1910; x_wconf 87' lang='lat' dir='ltr'><strong>modo</strong></span> <span class='ocrx_word' id='word_1_245' title='bbox 1635 1888 1703 1922; x_wconf 89' lang='lat' dir='ltr'><strong>pe-</strong></span> 
     </span>
     <span class='ocr_line' id='line_1_28' title="bbox 249 1923 1701 1970; baseline 0.001 -15"><span class='ocrx_word' id='word_1_246' title='bbox 249 1923 381 1956; x_wconf 89' lang='lat' dir='ltr'><strong>diculis</strong></span> <span class='ocrx_word' id='word_1_247' title='bbox 416 1935 461 1956; x_wconf 82' lang='lat' dir='ltr'><strong>ex</strong></span> <span class='ocrx_word' id='word_1_248' title='bbox 497 1924 576 1968; x_wconf 89' lang='lat' dir='ltr'><strong>ipso</strong></span> <span class='ocrx_word' id='word_1_249' title='bbox 601 1923 747 1968; x_wconf 82' lang='lat' dir='ltr'><strong>largiter</strong></span> <span class='ocrx_word' id='word_1_250' title='bbox 782 1923 1054 1970; x_wconf 86' lang='lat' dir='ltr'><strong>erumpentibus</strong></span> <span class='ocrx_word' id='word_1_251' title='bbox 1092 1924 1245 1957; x_wconf 82' lang='lat' dir='ltr'><strong>animam</strong></span> <span class='ocrx_word' id='word_1_252' title='bbox 1279 1923 1421 1956; x_wconf 82' lang='lat' dir='ltr'><strong>efflavit.</strong></span> <span class='ocrx_word' id='word_1_253' title='bbox 1460 1924 1631 1957; x_wconf 77' lang='lat' dir='ltr'><strong>successit</strong></span> <span class='ocrx_word' id='word_1_254' title='bbox 1666 1924 1701 1957; x_wconf 90' lang='lat' dir='ltr'><strong>ei</strong></span> 
     </span>
     <span class='ocr_line' id='line_1_29' title="bbox 250 1969 1703 2016; baseline 0.001 -14"><span class='ocrx_word' id='word_1_255' title='bbox 250 1971 346 2003; x_wconf 81' lang='lat' dir='ltr'><strong>filius</strong></span> <span class='ocrx_word' id='word_1_256' title='bbox 362 1969 562 2003; x_wconf 80' lang='lat' dir='ltr'><strong>Antiochus</strong></span> <span class='ocrx_word' id='word_1_257' title='bbox 587 1970 764 2015; x_wconf 85' lang='lat' dir='ltr'><strong>Eupator‚</strong></span> <span class='ocrx_word' id='word_1_258' title='bbox 790 1982 862 2016; x_wconf 89' lang='lat' dir='ltr'><strong>quo</strong></span> <span class='ocrx_word' id='word_1_259' title='bbox 896 1976 1070 2016; x_wconf 82' lang='lat' dir='ltr'><strong>regnante</strong></span> <span class='ocrx_word' id='word_1_260' title='bbox 1101 1970 1208 2004; x_wconf 88' lang='lat' dir='ltr'><strong>Iudas</strong></span> <span class='ocrx_word' id='word_1_261' title='bbox 1235 1969 1470 2004; x_wconf 80' lang='lat' dir='ltr'><strong>Maccabaeus</strong></span> <span class='ocrx_word' id='word_1_262' title='bbox 1501 1971 1540 2003; x_wconf 88' lang='lat' dir='ltr'><strong>in</strong></span> <span class='ocrx_word' id='word_1_263' title='bbox 1581 1971 1703 2015; x_wconf 84' lang='lat' dir='ltr'><strong>fugam</strong></span> 
     </span>
     <span class='ocr_line' id='line_1_30' title="bbox 250 2016 1702 2063; baseline 0.001 -14"><span class='ocrx_word' id='word_1_264' title='bbox 250 2017 425 2050; x_wconf 85' lang='lat' dir='ltr'><strong>coniectis</strong></span> <span class='ocrx_word' id='word_1_265' title='bbox 451 2017 768 2060; x_wconf 83' lang='lat' dir='ltr'><strong>Bierosolymitani</strong></span> <span class='ocrx_word' id='word_1_266' title='bbox 807 2019 979 2063; x_wconf 78' lang='lat' dir='ltr'><strong>praesidii</strong></span> <span class='ocrx_word' id='word_1_267' title='bbox 1003 2018 1156 2051; x_wconf 88' lang='lat' dir='ltr'><strong>ducibus</strong></span> <span class='ocrx_word' id='word_1_268' title='bbox 1191 2016 1407 2051; x_wconf 89' lang='lat' dir='ltr'><strong>Antiochum</strong></span> <span class='ocrx_word' id='word_1_269' title='bbox 1434 2018 1551 2061; x_wconf 90' lang='lat' dir='ltr'><strong>ipsum</strong></span> <span class='ocrx_word' id='word_1_270' title='bbox 1577 2023 1702 2060; x_wconf 59' lang='lat' dir='ltr'><strong>contra</strong></span> 
     </span>
     <span class='ocr_line' id='line_1_31' title="bbox 249 2064 1701 2111; baseline 0.001 -14"><span class='ocrx_word' id='word_1_271' title='bbox 249 2075 289 2097; x_wconf 86' lang='lat' dir='ltr'><strong>se</strong></span> <span class='ocrx_word' id='word_1_272' title='bbox 327 2075 408 2096; x_wconf 90' lang='lat' dir='ltr'><strong>cum</strong></span> <span class='ocrx_word' id='word_1_273' title='bbox 445 2064 596 2096; x_wconf 82' lang='lat' dir='ltr'><strong>infinitis</strong></span> <span class='ocrx_word' id='word_1_274' title='bbox 623 2065 737 2109; x_wconf 89' lang='lat' dir='ltr'><strong>copiis</strong></span> <span class='ocrx_word' id='word_1_275' title='bbox 763 2067 978 2106; x_wconf 84' lang='lat' dir='ltr'><strong>concitavit,</strong></span> <span class='ocrx_word' id='word_1_276' title='bbox 1004 2077 1092 2111; x_wconf 82' lang='lat' dir='ltr'><strong>quas</strong></span> <span class='ocrx_word' id='word_1_277' title='bbox 1124 2066 1217 2098; x_wconf 89' lang='lat' dir='ltr'><strong>inter</strong></span> <span class='ocrx_word' id='word_1_278' title='bbox 1244 2070 1281 2097; x_wconf 89' lang='lat' dir='ltr'><strong>et</strong></span> <span class='ocrx_word' id='word_1_279' title='bbox 1305 2064 1491 2109; x_wconf 77' lang='lat' dir='ltr'><strong>elephanti</strong></span> <span class='ocrx_word' id='word_1_280' title='bbox 1518 2070 1619 2099; x_wconf 84' lang='lat' dir='ltr'><strong>erant</strong></span> <span class='ocrx_word' id='word_1_281' title='bbox 1643 2065 1701 2107; x_wconf 84' lang='lat'><strong>55,</strong></span> 
     </span>
     <span class='ocr_line' id='line_1_32' title="bbox 249 2110 1701 2158; baseline 0.002 -16"><span class='ocrx_word' id='word_1_282' title='bbox 249 2110 384 2155; x_wconf 88' lang='lat' dir='ltr'><strong>quibus</strong></span> <span class='ocrx_word' id='word_1_283' title='bbox 410 2111 601 2155; x_wconf 82' lang='lat' dir='ltr'><strong>impositae</strong></span> <span class='ocrx_word' id='word_1_284' title='bbox 626 2117 741 2145; x_wconf 81' lang='lat' dir='ltr'><strong>turres</strong></span> <span class='ocrx_word' id='word_1_285' title='bbox 761 2113 1036 2156; x_wconf 81' lang='lat' dir='ltr'><strong>spectabantur,</strong></span> <span class='ocrx_word' id='word_1_286' title='bbox 1062 2124 1213 2158; x_wconf 87' lang='lat' dir='ltr'><strong>quarum</strong></span> <span class='ocrx_word' id='word_1_287' title='bbox 1236 2112 1397 2155; x_wconf 86' lang='lat' dir='ltr'><strong>singulae</strong></span> <span class='ocrx_word' id='word_1_288' title='bbox 1421 2111 1555 2146; x_wconf 86' lang='lat' dir='ltr'><strong>milites</strong></span> <span class='ocrx_word' id='word_1_289' title='bbox 1583 2123 1701 2145; x_wconf 81' lang='lat' dir='ltr'><strong>arma-</strong></span> 
     </span>
     <span class='ocr_line' id='line_1_33' title="bbox 249 2157 1700 2205; baseline 0.001 -15"><span class='ocrx_word' id='word_1_290' title='bbox 249 2163 306 2190; x_wconf 87' lang='lat' dir='ltr'><strong>tos</strong></span> <span class='ocrx_word' id='word_1_291' title='bbox 333 2158 375 2189; x_wconf 80' lang='lat'><strong>32</strong></span> <span class='ocrx_word' id='word_1_292' title='bbox 404 2158 649 2191; x_wconf 79' lang='lat' dir='ltr'><strong>continebant.</strong></span> <span class='ocrx_word' id='word_1_293' title='bbox 688 2159 727 2191; x_wconf 90' lang='lat' dir='ltr'><strong>in</strong></span> <span class='ocrx_word' id='word_1_294' title='bbox 748 2170 791 2191; x_wconf 91' lang='lat' dir='ltr'><strong>eo</strong></span> <span class='ocrx_word' id='word_1_295' title='bbox 815 2161 953 2205; x_wconf 80' lang='lat' dir='ltr'><strong>praelio</strong></span> <span class='ocrx_word' id='word_1_296' title='bbox 978 2165 1049 2193; x_wconf 82' lang='lat' dir='ltr'><strong>tam</strong></span> <span class='ocrx_word' id='word_1_297' title='bbox 1072 2159 1222 2203; x_wconf 82' lang='lat' dir='ltr'><strong>insignia</strong></span> <span class='ocrx_word' id='word_1_298' title='bbox 1256 2158 1416 2191; x_wconf 80' lang='lat' dir='ltr'><strong>facinora</strong></span> <span class='ocrx_word' id='word_1_299' title='bbox 1438 2157 1545 2192; x_wconf 83' lang='lat' dir='ltr'><strong>Iudas</strong></span> <span class='ocrx_word' id='word_1_300' title='bbox 1572 2158 1700 2200; x_wconf 87' lang='lat' dir='ltr'><strong>edidit,</strong></span> 
     </span>
     <span class='ocr_line' id='line_1_34' title="bbox 249 2204 1700 2252; baseline 0.002 -16"><span class='ocrx_word' id='word_1_301' title='bbox 249 2210 292 2237; x_wconf 88' lang='lat' dir='ltr'><strong>ut</strong></span> <span class='ocrx_word' id='word_1_302' title='bbox 338 2204 445 2237; x_wconf 81' lang='lat' dir='ltr'><strong>etiam</strong></span> <span class='ocrx_word' id='word_1_303' title='bbox 470 2205 703 2250; x_wconf 77' lang='lat' dir='ltr'><strong>pontificatus</strong></span> <span class='ocrx_word' id='word_1_304' title='bbox 729 2206 798 2251; x_wconf 86' lang='lat' dir='ltr'><strong>ipsi</strong></span> <span class='ocrx_word' id='word_1_305' title='bbox 834 2219 854 2240; x_wconf 86' lang='lat' dir='ltr'>a</span> <span class='ocrx_word' id='word_1_306' title='bbox 877 2207 1014 2252; x_wconf 82' lang='lat' dir='ltr'><strong>populo</strong></span> <span class='ocrx_word' id='word_1_307' title='bbox 1041 2206 1254 2239; x_wconf 88' lang='lat' dir='ltr'><strong>deferretur.</strong></span> <span class='ocrx_word' id='word_1_308' title='bbox 1283 2205 1407 2238; x_wconf 83' lang='lat' dir='ltr'><strong>eadem</strong></span> <span class='ocrx_word' id='word_1_309' title='bbox 1435 2211 1553 2238; x_wconf 84' lang='lat' dir='ltr'><strong>aetate</strong></span> <span class='ocrx_word' id='word_1_310' title='bbox 1579 2206 1700 2248; x_wconf 69' lang='lat' dir='ltr'><strong>lesus,</strong></span> 
     </span>
     <span class='ocr_line' id='line_1_35' title="bbox 250 2250 1699 2301; baseline 0.003 -18"><span class='ocrx_word' id='word_1_311' title='bbox 250 2250 389 2284; x_wconf 82' lang='lat' dir='ltr'><strong>Sirachi</strong></span> <span class='ocrx_word' id='word_1_312' title='bbox 419 2252 465 2291; x_wconf 82' lang='lat' dir='ltr'><strong>F,</strong></span> <span class='ocrx_word' id='word_1_313' title='bbox 505 2252 569 2296; x_wconf 86' lang='lat' dir='ltr'><strong>qui</strong></span> <span class='ocrx_word' id='word_1_314' title='bbox 606 2252 740 2286; x_wconf 82' lang='lat' dir='ltr'><strong>librum</strong></span> <span class='ocrx_word' id='word_1_315' title='bbox 765 2253 812 2288; x_wconf 85' lang='lat' dir='ltr'><strong>de</strong></span> <span class='ocrx_word' id='word_1_316' title='bbox 839 2255 967 2301; x_wconf 86' lang='lat' dir='ltr'><strong>quovis</strong></span> <span class='ocrx_word' id='word_1_317' title='bbox 1001 2254 1174 2298; x_wconf 67' lang='lat' dir='ltr'><strong>vii-tutum</strong></span> <span class='ocrx_word' id='word_1_318' title='bbox 1200 2263 1330 2298; x_wconf 77' lang='lat' dir='ltr'><strong>genere</strong></span> <span class='ocrx_word' id='word_1_319' title='bbox 1351 2253 1578 2300; x_wconf 80' lang='lat' dir='ltr'><strong>composuit,</strong></span> <span class='ocrx_word' id='word_1_320' title='bbox 1601 2253 1699 2288; x_wconf 83' lang='lat' dir='ltr'><strong>cele-</strong></span> 
     </span>
     <span class='ocr_line' id='line_1_36' title="bbox 249 2298 717 2346; baseline 0.006 -15"><span class='ocrx_word' id='word_1_321' title='bbox 249 2298 316 2332; x_wconf 82' lang='lat' dir='ltr'><strong>ber</strong></span> <span class='ocrx_word' id='word_1_322' title='bbox 339 2298 436 2346; x_wconf 87' lang='lat' dir='ltr'><strong>apud</strong></span> <span class='ocrx_word' id='word_1_323' title='bbox 461 2299 613 2332; x_wconf 78' lang='lat' dir='ltr'><strong>ludaeos</strong></span> <span class='ocrx_word' id='word_1_324' title='bbox 637 2300 717 2334; x_wconf 84' lang='lat' dir='ltr'><strong>fuit.</strong></span> 
     </span>
    </p>
   </div>
  </div>
 </body>
</html>
