1826 3120
626 133 912 190 mmmm
955 149 1096 190 PARS
1139 151 1194 192 11.
1506 128 1578 184 35
1595 149 1613 185 ι

156 253 232 299 im*
254 258 342 302 τοῖς
384 247 662 306 ἁμαρτήμασι
705 250 913 304 τιμωρίας
951 247 1005 291 τὰ
1041 250 1189 304 πρῶτα
1219 249 1542 304 κατορθώματα.
1598 245 1624 290 «5

154 322 297 366 τοίνυν
324 314 544 373 Ἰωσαφάτ
574 315 796 368 δεξάμενος
826 314 900 357 τὸν
930 313 1104 370 ἔλεγχον
1134 315 1413 370 διωρθώσατο
1439 315 1514 358 ἐπὶ
1541 315 1626 356 πᾶ-

157 403 228 438 σι,
259 384 332 428 καὶ
361 383 505 439 κριτὰς
536 384 587 440 τῇ
615 380 736 424 πόλει
763 383 1006 436 ἐπέστησεν,
1039 383 1110 424 ἵνα
1136 383 1309 433 δικαίως
1331 383 1470 425 πάντα
1488 381 1625 439 πράτ-

155 469 306 498 τοιντο.
362 449 470 494 α’λλὰ
500 448 574 492 καί
601 448 812 500 πολεμίων
840 450 1100 490 ἐπιστάντων
1118 447 1223 504 πρὸς
1248 449 1348 492 θεὸν
1373 452 1625 505 κατέφυγεν,

116 518 203 571 δὸς
230 522 304 562 καί
333 515 658 574 παρεθάρρυνεν
686 515 815 558 αὐτὸν
844 513 915 557 διὰ
945 517 1020 558 τοῦ
1034 511 1241 571 Ἰεζεκιηλ
1269 519 1398 571 λέγων
1426 515 1513 572 ,μή
1545 532 1627 572 φο-

158 590 320 644 βηθῆτε
359 585 405 628 τό
446 583 554 627 πολὺ
595 585 781 638 πλῆθος,
823 582 916 624 ἀλλ’
954 579 1108 638 αὔριον
1151 586 1379 635 ἐξέλθετε.”
1434 585 1628 639 πρώτους

161 656 210 697 δὲ
237 652 334 703 τούς
363 654 553 701 Λευίτας
585 649 608 692 ὅ
637 647 840 704 βασιλεὺς
878 651 1104 704 ἐξήγαγεν·
1180 646 1279 692 ὅθεν
1318 649 1393 692 καὶ
1433 650 1473 693 οἱ
1506 654 1663 697 πωλέ’-Β

158 735 251 775 μιοι
280 718 486 775 ἀλλήλους
505 719 757 770 κατέκοψαν.
817 711 897 771 ὅρα
927 717 973 757 δὲ
1003 718 1077 758 καί
1103 713 1252 772 ἑτέραν
1278 716 1425 770 βίβλον
1455 734 1626 774 προφη-

157 787 303 841 τικήν·
363 787 474 839 λέγει
500 782 581 839 γὰρ
615 782 643 838 ἦ
684 780 850 837 ἱστορία
879 781 983 835 „nal
1021 780 1060 824 οἱ
1085 782 1234 825 πολλοὶ
1261 781 1376 837 λόγοι
1404 783 1627 840 Ἰωσαφὰτ

101 870 148 898 ιο
161 851 200 896 οἱ
228 854 389 908 πρῶτοι
420 851 492 893 καί
520 848 558 892 οἱ
587 847 761 904 ἔσχατοι
783 850 857 891 οὐκ
883 849 978 891 ἰδού
997 852 1279 906 γεγραμμένοι
1297 850 1404 892 εἰσίν
1424 853 1469 893 ἐν
1489 851 1630 906 λόγοις

153 916 280 976 Ἰηοῦ
307 917 408 961 υἱοῦ
445 918 638 972 Ἁνανῆ.”

271 985 430 1034 Καλῶς
459 986 506 1026 δὲ
535 982 558 1025 ὅ
587 987 704 1033 θεῖος
732 981 888 1037 ψάλλει
907 984 1048 1037 Δαβίδ
1076 981 1332 1038 ,,λότρωσαι’
1356 998 1411 1037 με
1442 981 1524 1025 ἀπὸ
1554 1000 1634 1026 συ-

148 1054 388 1109 ·κοφαντιάς
428 1048 704 1106 ἀνθρώπων.”
760 1048 1044 1106 ’,,ηυ’λόγησε”
1081 1047 1162 1105 γάρ
1198 1066 1328 1107 φησιν
1370 1052 1636 1104 »Ναβουθαί

150 1119 264 1163 θεὸν
292 1121 365 1160 καί
391 1119 598 1173 βασιλέα,
632 1119 852 1160 τουτέστιν
879 1117 1186 1174 ἐβλασφήμησε
1201 1150 1214 1170 ,
1244 1115 1352 1159 κατὰ
1385 1115 1433 1159 τό
1461 1119 1506 1159 ἐν
1532 1115 1635 1171 Ἰώβ

82 1180 148 1231 4⁵15
160 1188 452 1244 γεγραμμένον
480 1179 538 1239 ,,ἧ
561 1184 645 1238 μὴν
680 1186 741 1232 εἰς
769 1181 999 1238 πρόσωπόν
1028 1199 1076 1225 σε
1113 1180 1380 1239 εὖλογησει,”
1405 1185 1476 1240 ἐφ’
1507 1177 1543 1241 ᾧ
1561 1183 1673 1227 >calc

162 1254 237 1296 τὸν
260 1255 354 1306 βίον
386 1251 573 1302 ἐξέλιπεν
584 1284 596 1304 ,
625 1251 701 1305 τῆς
723 1249 915 1303 Ἰεζάβελ
956 1253 1079 1291 τοῦτο
1109 1248 1450 1305 οἰκονομησάσης.
1506 1252 1574 1306 ἐφ’
1600 1244 1633 1308 ᾦ
1645 1259 1689 1294 V.
1707 1259 1776 1304 146

161 1319 237 1362 ml
262 1315 596 1372 παρρησιάζεται
626 1315 649 1357 ὅ
679 1319 811 1371 μέγας
833 1318 990 1365 Ἠλίας
1008 1315 1114 1372 πρὸς
1139 1314 1311 1371 Ἀχαὰβ
1338 1319 1470 1371 λέγων
1499 1315 1635 1370 „wida

162 1388 274 1439 λέγει
301 1384 471 1440 κύριος·
501 1383 560 1432 ὠς
590 1382 644 1425 σύ
676 1382 910 1440 ἐφόνευσας
952 1382 1025 1424 καί
1050 1382 1401 1438 ἐκληρονόμησας,
1433 1380 1506 1424 διὰ
1535 1385 1638 1424 τοῦ-

162 1466 209 1496 το
238 1452 341 1494 τάδε
380 1451 492 1506 λέγει
524 1448 683 1507 κύριος.
752 1451 797 1493 έν
824 1449 954 1492 παντὶ
991 1446 1104 1507 τόπῳ
1134 1444 1167 1508 ᾧ
1198 1447 1361 1500 ἔλειξαν
1392 1449 1438 1492 αἱ
1469 1445 1541 1500 ὕες
1566 1450 1640 1492 καί

168 1665 259 1698 irato
283 1673 420 1709 poenas
445 1661 572 1696 dares:
612 1662 677 1695 sed
711 1662 928 1694 exstiterunt
955 1660 994 1693 in
1020 1665 1056 1693 te
1079 1659 1280 1692 laudabilia
1306 1659 1510 1705 quaedam,
1537 1658 1639 1704 quod

169 1711 269 1744 lucos
292 1710 434 1744 scilicet
459 1721 477 1742 e
518 1709 597 1742 solo
637 1709 851 1754 ditioneque
887 1707 1034 1740 Iudaica
1074 1707 1399 1740 exterminaveris.”
1433 1705 1565 1752 quibus
1593 1718 1637 1739 ex

168 1758 287 1792 verbis
313 1757 451 1790 discere
488 1757 576 1790 licet
616 1757 801 1801 praeclara
837 1755 1025 1788 hominum
1050 1754 1163 1796 facta,
1189 1766 1282 1800 quae
1308 1755 1409 1799 prius
1432 1755 1506 1788 sint
1530 1765 1637 1798 prae-

169 1807 274 1847 stita,
302 1804 519 1838 delictorum
543 1804 776 1849 sequentium
801 1814 935 1848 poenas
969 1802 1195 1835 imminuere.
1244 1801 1460 1846 Iosaphatus
1486 1800 1636 1847 quidem

169 1859 266 1888 certe
295 1864 374 1886 cum
412 1851 506 1884 hanc
547 1850 865 1896 reprehensionem
898 1849 1058 1893 benigne
1094 1849 1262 1889 tulisset,
1290 1849 1429 1882 cunctis
1455 1849 1493 1881 iu
1522 1849 1637 1881 actio-

169 1900 277 1935 nibus
302 1911 340 1934 se
367 1899 538 1944 deinceps
560 1899 702 1943 egregie
727 1898 846 1941 gessit,
876 1908 917 1929 ac
935 1897 1074 1929 iudices
1100 1895 1324 1940 reipublicae
1350 1895 1538 1941 praefecit.
1565 1896 1637 1930 eis-

170 1947 254 1982 dem
280 1948 461 1993 imperans
499 1952 541 1979 ut
570 1946 692 1979 onmia
724 1945 770 1977 de
791 1945 877 1977 iuris
909 1950 946 1976 et
967 1944 1075 1989 aequi
1107 1944 1329 1988 praescripto
1350 1943 1512 1977 facerent
1535 1955 1636 1980 cnm-

170 2007 243 2042 que
267 1995 388 2029 hostes
422 1996 540 2040 ipsum
579 1993 812 2038 invasissent,v
846 1990 893 2024 ad
922 1991 1028 2024 deum
1061 1990 1236 2035 confugit.
1271 1990 1302 2023 is
1330 1989 1487 2024 hominis
1513 1991 1634 2024 animo

152 2042 281 2078 -robur
307 2041 473 2084 addidit,
500 2040 706 2074 huiusmodi
731 2039 848 2074 verbis
872 2049 936 2083 per
972 2038 1184 2071 Iezecielum
1207 2044 1324 2072 vatem
1350 2038 1458 2072 editis
1484 2041 1521 2081 (3
1549 2039 1634 2083 Reg.

172 2101 218 2125 20
251 2091 306 2137 15)
332 2090 470 2131 „nolite
496 2094 633 2123 tantam
658 2089 763 2122 istam
782 2085 1055 2120 multitudinem
1074 2091 1245 2126 metuere,
1270 2085 1335 2118 sed
1360 2097 1434 2119 cras
1461 2085 1508 2118 ad
1532 2085 1634 2119 illam

171 2137 415 2183 egredimini.'’
443 2148 516 2182 quo
544 2136 638 2170 facto
664 2147 726 2169 rex
747 2135 883 2180 primos
910 2134 1071 2166 onmium
1097 2133 1239 2166 Levitas
1265 2132 1403 2174 eduxit,
1427 2145 1495 2166 nec
1518 2133 1634 2166 multo

171 2191 256 2232 post
282 2185 427 2230 ipsimet
447 2184 570 2218 hostes
596 2195 632 2217 se
660 2183 797 2216 mutuis
822 2181 1033 2214 vulneribus
1058 2179 1305 2214 conciderunt.
1331 2181 1418 2214 licet
1443 2186 1563 2214 autem
1591 2193 1637 2214 ex

153 2233 319 2269 ‹indiciis
346 2231 562 2278 quibusdam
585 2231 775 2276 colligere,
821 2229 1003 2274 quendam
1032 2229 1142 2262 alium
1169 2239 1315 2274 quoque
1341 2228 1475 2262 librum
1503 2229 1547 2261 de
1576 2229 1638 2261 Io-

172 2279 324 2326 saphato
348 2281 520 2326 scriptum
554 2278 686 2312 fuisse:
720 2289 802 2311 nam
837 2275 1044 2310 huiusmodi
1077 2275 1186 2309 verba
1226 2281 1369 2309 exstant
1398 2276 1438 2310 in
1463 2276 1636 2309 historiae

171 2328 414 2362 monumentis
458 2327 493 2373 (2
519 2327 631 2360 Paral.
653 2337 697 2359 20
730 2325 790 2369 34)
828 2335 899 2365 „an
923 2335 998 2357 non
1021 2324 1157 2358 multae
1180 2323 1366 2369 Iosapliati
1392 2325 1573 2357 orationes
1600 2329 1638 2357 et

152 2375 269 2410 ,facta
291 2381 368 2408 tum
404 2375 566 2408 ineuntis
600 2373 729 2408 aetatis
768 2378 846 2406 tum
870 2371 1034 2406 defectae
1058 2372 1099 2405 in
1121 2370 1225 2405 libris
1256 2371 1338 2404 Hiei
1361 2371 1477 2414 vatis,
1500 2372 1636 2405 Ananis

171 2423 211 2458 1⁴¹.
237 2422 436 2469 perscripta
459 2421 589 2456 sunt?'’

269 2470 457 2504 Caeterum
489 2469 674 2515 praeclare
699 2467 842 2501 divi-nus
880 2466 943 2499 ille
967 2465 1126 2500 Davides
1152 2466 1251 2500 canit
1281 2466 1425 2504 (Psalm.
1461 2465 1524 2498 118
1556 2464 1635 2510 134)

175 2515 313 2559 „libera
340 2528 397 2550 me
438 2517 483 2551 ab
509 2516 698 2550 hominum
723 2514 933 2548 calumnia.'’
970 2525 1052 2547 nam
1080 2513 1125 2547 de
1148 2513 1365 2547 Nabuthaeo
1394 2511 1636 2558 perscriptum

175 2563 339 2609 legimus,
364 2564 473 2598 fuisse
491 2564 555 2610 qui
573 2562 692 2598 verbis
711 2561 919 2615 hujusmodi
939 2559 1119 2595 hominem
1135 2561 1319 2595 deferrent
1341 2561 1375 2606 (3
1392 2561 1474 2604 Reg.
1502 2570 1540 2592 21
1580 2559 1635 2606 13)

177 2611 440 2654 „Nabuthaeus
480 2611 548 2644 deo
575 2617 611 2644 et
643 2611 717 2654 regi
742 2610 836 2643 bene
862 2614 1029 2654 precatus
1057 2610 1154 2651 est‚”
1189 2609 1259 2642 hoc
1282 2614 1338 2641 est
1360 2606 1561 2640 maledixit.
1587 2607 1639 2639 sie

179 2659 275 2692 enim
299 2659 449 2692 verbum
473 2657 571 2693 istud
595 2658 666 2691 hoc
693 2658 773 2690 loco
799 2656 910 2690 debet
935 2656 1061 2701 accipi,
1088 2655 1395 2702 quemadmodum
1424 2660 1461 2687 et
1484 2655 1522 2687 in
1547 2653 1639 2687 Iobo

179 2706 333 2750 legimus
357 2706 447 2752 (Iob.
479 2717 489 2739 1
527 2707 582 2750 11)
611 2706 672 2746 „in
698 2716 737 2738 os
770 2703 932 2750 profecto
957 2703 1051 2737 bene
1077 2705 1147 2738 tibi
1173 2703 1413 2750 precabitur.’'
1437 2701 1506 2735 hoc
1529 2708 1637 2747 pacto

158 2753 324 2789 'delatus
354 2754 465 2788 vitam
491 2753 629 2796 amisit,
653 2751 820 2786 lezabele
844 2763 919 2786 rem
939 2751 1093 2787 consilio
1129 2759 1167 2787 et
1200 2757 1280 2786 astu
1312 2761 1378 2786 auo
1408 2755 1637 2797 procurante.
