<?xml version="1.0" encoding="UTF-8"?>
<!DOCTYPE html PUBLIC "-//W3C//DTD XHTML 1.0 Transitional//EN"
    "http://www.w3.org/TR/xhtml1/DTD/xhtml1-transitional.dtd">
<html xmlns="http://www.w3.org/1999/xhtml" xml:lang="en" lang="en">
 <head>
  <title>
</title>
<meta http-equiv="Content-Type" content="text/html;charset=utf-8" />
  <meta name='ocr-system' content='tesseract 3.04.00' />
  <meta name='ocr-capabilities' content='ocr_page ocr_carea ocr_par ocr_line ocrx_word'/>
</head>
<body>
  <div class='ocr_page' id='page_1' title='image "./corpusscriptorum37niebuoft_0154.png"; bbox 0 0 1826 3120; ppageno 0'>
   <div class='ocr_carea' id='block_1_1' title="bbox 268 177 1242 234">
    <p class='ocr_par' dir='ltr' id='par_1_1' title="bbox 268 177 1242 234">
     <span class='ocr_line' id='line_1_1' title="bbox 268 177 1242 234; baseline 0.002 -4"><span class='ocrx_word' id='word_1_1' title='bbox 268 177 367 231; x_wconf 82' lang='lat'><strong>132</strong></span> <span class='ocrx_word' id='word_1_2' title='bbox 700 191 987 233; x_wconf 75' lang='lat' dir='ltr'><strong>MicuAELis</strong></span> <span class='ocrx_word' id='word_1_3' title='bbox 1026 191 1242 234; x_wconf 79' lang='lat' dir='ltr'>GLYCAE</span> 
     </span>
    </p>
   </div>
   <div class='ocr_carea' id='block_1_2' title="bbox 140 291 1764 1734">
    <p class='ocr_par' dir='ltr' id='par_1_2' title="bbox 140 291 1764 1734">
     <span class='ocr_line' id='line_1_2' title="bbox 258 291 1701 353; baseline -0.003 -15"><span class='ocrx_word' id='word_1_4' title='bbox 258 296 420 353; x_wconf 69' lang='grc' dir='ltr'><em>φύσησε</em></span> <span class='ocrx_word' id='word_1_5' title='bbox 466 296 575 345; x_wconf 80' lang='grc' dir='ltr'><em>λέξιν</em></span> <span class='ocrx_word' id='word_1_6' title='bbox 616 295 683 334; x_wconf 79' lang='grc' dir='ltr'><em>καὶ</em></span> <span class='ocrx_word' id='word_1_7' title='bbox 729 291 839 335; x_wconf 79' lang='grc' dir='ltr'><em>πάνυ</em></span> <span class='ocrx_word' id='word_1_8' title='bbox 881 295 1133 346; x_wconf 71' lang='grc' dir='ltr'><em>θαυμασίως</em></span> <span class='ocrx_word' id='word_1_9' title='bbox 1172 294 1434 349; x_wconf 74' lang='grc' dir='ltr'><em>παρείληφε,</em></span> <span class='ocrx_word' id='word_1_10' title='bbox 1474 293 1529 334; x_wconf 77' lang='grc' dir='ltr'><strong>δι’</strong></span> <span class='ocrx_word' id='word_1_11' title='bbox 1570 292 1701 347; x_wconf 69' lang='grc' dir='ltr'><em>αὐτῆς</em></span> 
     </span>
     <span class='ocr_line' id='line_1_3' title="bbox 255 355 1702 418; baseline -0.003 -14"><span class='ocrx_word' id='word_1_12' title='bbox 255 362 555 418; x_wconf 68' lang='grc' dir='ltr'><em>ὑπεμφαίνων,</em></span> <span class='ocrx_word' id='word_1_13' title='bbox 597 358 654 407; x_wconf 73' lang='grc' dir='ltr'><strong>ὥς</strong></span> <span class='ocrx_word' id='word_1_14' title='bbox 682 357 867 414; x_wconf 83' lang='grc' dir='ltr'><em>εἴρηται,</em></span> <span class='ocrx_word' id='word_1_15' title='bbox 911 359 955 401; x_wconf 81' lang='grc' dir='ltr'><em>τό</em></span> <span class='ocrx_word' id='word_1_16' title='bbox 994 361 1157 412; x_wconf 82' lang='grc' dir='ltr'><em>πνεῦμα</em></span> <span class='ocrx_word' id='word_1_17' title='bbox 1183 356 1230 401; x_wconf 86' lang='grc' dir='ltr'>τὸ</span> <span class='ocrx_word' id='word_1_18' title='bbox 1259 355 1400 413; x_wconf 76' lang='grc' dir='ltr'><em>ἅγιον,</em></span> <span class='ocrx_word' id='word_1_19' title='bbox 1439 358 1513 401; x_wconf 74' lang='grc' dir='ltr'><em>καί</em></span> <span class='ocrx_word' id='word_1_20' title='bbox 1537 355 1596 400; x_wconf 81' lang='grc' dir='ltr'><em>ὅτι</em></span> <span class='ocrx_word' id='word_1_21' title='bbox 1626 360 1702 412; x_wconf 83' lang='grc' dir='ltr'><em>τῆς</em></span> 
     </span>
     <span class='ocr_line' id='line_1_4' title="bbox 256 423 1700 481; baseline -0.004 -11"><span class='ocrx_word' id='word_1_22' title='bbox 256 430 332 470; x_wconf 83' lang='grc' dir='ltr'><em>τοῦ</em></span> <span class='ocrx_word' id='word_1_23' title='bbox 361 424 564 479; x_wconf 77' lang='grc' dir='ltr'><em>παναγίου</em></span> <span class='ocrx_word' id='word_1_24' title='bbox 597 423 832 478; x_wconf 80' lang='grc' dir='ltr'><em>πνεύματος</em></span> <span class='ocrx_word' id='word_1_25' title='bbox 858 423 1058 481; x_wconf 78' lang='grc' dir='ltr'><em>χάριτος,</em></span> <span class='ocrx_word' id='word_1_26' title='bbox 1088 425 1145 473; x_wconf 76' lang='grc' dir='ltr'><strong>ὥς</strong></span> <span class='ocrx_word' id='word_1_27' title='bbox 1174 424 1198 465; x_wconf 83' lang='grc' dir='ltr'><em>ὅ</em></span> <span class='ocrx_word' id='word_1_28' title='bbox 1225 423 1445 474; x_wconf 85' lang='grc' dir='ltr'><em>θειότατός</em></span> <span class='ocrx_word' id='word_1_29' title='bbox 1472 441 1577 480; x_wconf 79' lang='grc' dir='ltr'><em>φησι</em></span> <span class='ocrx_word' id='word_1_30' title='bbox 1604 423 1700 466; x_wconf 77' lang='grc' dir='ltr'><strong>Κύ-</strong></span> 
     </span>
     <span class='ocr_line' id='line_1_5' title="bbox 256 484 1701 547; baseline -0.002 -13"><span class='ocrx_word' id='word_1_31' title='bbox 256 498 417 547; x_wconf 85' lang='grc' dir='ltr'><em>ριλλος,</em></span> <span class='ocrx_word' id='word_1_32' title='bbox 445 493 621 544; x_wconf 83' lang='grc' dir='ltr'><em>μέτοχος</em></span> <span class='ocrx_word' id='word_1_33' title='bbox 650 490 670 533; x_wconf 85' lang='grc' dir='ltr'><em>ὃ</em></span> <span class='ocrx_word' id='word_1_34' title='bbox 695 486 917 546; x_wconf 70' lang='grc' dir='ltr'><em>ἄνθρωπος</em></span> <span class='ocrx_word' id='word_1_35' title='bbox 945 493 1173 547; x_wconf 83' lang='grc' dir='ltr'><em>τηνικαῦτα</em></span> <span class='ocrx_word' id='word_1_36' title='bbox 1204 490 1436 546; x_wconf 82' lang='grc' dir='ltr'><strong><em>παρήγετο,</em></strong></span> <span class='ocrx_word' id='word_1_37' title='bbox 1461 484 1538 532; x_wconf 66' lang='grc' dir='ltr'><strong>κᾶν</strong></span> <span class='ocrx_word' id='word_1_38' title='bbox 1562 489 1589 545; x_wconf 82' lang='grc' dir='ltr'><em>ἦ</em></span> <span class='ocrx_word' id='word_1_39' title='bbox 1618 506 1701 531; x_wconf 88' lang='grc' dir='ltr'><em>πα-</em></span> 
     </span>
     <span class='ocr_line' id='line_1_6' title="bbox 251 553 1737 614; baseline -0.001 -14"><span class='ocrx_word' id='word_1_40' title='bbox 251 558 430 614; x_wconf 81' lang='grc' dir='ltr'><em>ράβασις</em></span> <span class='ocrx_word' id='word_1_41' title='bbox 468 553 641 611; x_wconf 75' lang='grc' dir='ltr'><em>ὕστερον</em></span> <span class='ocrx_word' id='word_1_42' title='bbox 677 555 752 611; x_wconf 67' lang='grc' dir='ltr'><em>τὴν</em></span> <span class='ocrx_word' id='word_1_43' title='bbox 791 554 987 613; x_wconf 75' lang='grc' dir='ltr'><em>τοιαύτην</em></span> <span class='ocrx_word' id='word_1_44' title='bbox 1026 555 1255 612; x_wconf 75' lang='grc' dir='ltr'><em>ἠμαύρωσε</em></span> <span class='ocrx_word' id='word_1_45' title='bbox 1283 554 1447 612; x_wconf 77' lang='grc' dir='ltr'><em>δωρεὰν</em></span> <span class='ocrx_word' id='word_1_46' title='bbox 1478 553 1550 598; x_wconf 78' lang='grc' dir='ltr'><em>καὶ</em></span> <span class='ocrx_word' id='word_1_47' title='bbox 1577 554 1737 610; x_wconf 46' lang='grc' dir='ltr'><em>συνέῇὸ</em></span> 
     </span>
     <span class='ocr_line' id='line_1_7' title="bbox 248 619 1700 680; baseline -0.001 -16"><span class='ocrx_word' id='word_1_48' title='bbox 248 640 362 678; x_wconf 78' lang='grc' dir='ltr'><em>χεεν.</em></span> <span class='ocrx_word' id='word_1_49' title='bbox 420 623 553 680; x_wconf 77' lang='grc' dir='ltr'><em>ταύτῃ</em></span> <span class='ocrx_word' id='word_1_50' title='bbox 583 638 648 664; x_wconf 89' lang='grc' dir='ltr'><em>τοι</em></span> <span class='ocrx_word' id='word_1_51' title='bbox 677 626 750 664; x_wconf 75' lang='grc' dir='ltr'><em>καί</em></span> <span class='ocrx_word' id='word_1_52' title='bbox 776 622 964 673; x_wconf 74' lang='grc' dir='ltr'><em>ἀναστὰς</em></span> <span class='ocrx_word' id='word_1_53' title='bbox 993 621 1014 664; x_wconf 83' lang='grc' dir='ltr'><em>ὃ</em></span> <span class='ocrx_word' id='word_1_54' title='bbox 1043 620 1188 679; x_wconf 72' lang='grc' dir='ltr'><em>κύριος</em></span> <span class='ocrx_word' id='word_1_55' title='bbox 1219 624 1265 664; x_wconf 80' lang='grc' dir='ltr'><strong>ἐκ</strong></span> <span class='ocrx_word' id='word_1_56' title='bbox 1293 623 1448 677; x_wconf 78' lang='grc' dir='ltr'><em>νεκρῶν</em></span> <span class='ocrx_word' id='word_1_57' title='bbox 1469 619 1700 678; x_wconf 74' lang='grc' dir='ltr'><em>ἐνεφύσὴσε</em></span> 
     </span>
     <span class='ocr_line' id='line_1_8' title="bbox 252 683 1700 744; baseline -0.001 -14"><span class='ocrx_word' id='word_1_58' title='bbox 252 697 338 738; x_wconf 85' lang='grc' dir='ltr'><em>τοῖς</em></span> <span class='ocrx_word' id='word_1_59' title='bbox 365 693 579 744; x_wconf 76' lang='grc' dir='ltr'><em>μαθηταῖς</em></span> <span class='ocrx_word' id='word_1_60' title='bbox 621 686 803 731; x_wconf 56' lang='lat' dir='ltr'><strong>ualdus</strong></span> <span class='ocrx_word' id='word_1_61' title='bbox 841 689 1018 743; x_wconf 84' lang='grc' dir='ltr'><em>,,λα’βετε</em></span> <span class='ocrx_word' id='word_1_62' title='bbox 1057 690 1222 741; x_wconf 76' lang='grc' dir='ltr'><em>πνεῦμα</em></span> <span class='ocrx_word' id='word_1_63' title='bbox 1262 684 1424 743; x_wconf 73' lang='grc' dir='ltr'><em>ἅγιον.”</em></span> <span class='ocrx_word' id='word_1_64' title='bbox 1490 683 1591 729; x_wconf 73' lang='grc' dir='ltr'><em>οὐδὲ</em></span> <span class='ocrx_word' id='word_1_65' title='bbox 1616 684 1700 741; x_wconf 76' lang='grc' dir='ltr'><strong>γὰρ</strong></span> 
     </span>
     <span class='ocr_line' id='line_1_9' title="bbox 250 749 1702 810; baseline -0.002 -13"><span class='ocrx_word' id='word_1_66' title='bbox 250 755 442 809; x_wconf 75' lang='grc' dir='ltr'><em>ἠνέσχετο</em></span> <span class='ocrx_word' id='word_1_67' title='bbox 475 757 547 797; x_wconf 86' lang='grc' dir='ltr'>καί</span> <span class='ocrx_word' id='word_1_68' title='bbox 575 749 704 804; x_wconf 71' lang='grc' dir='ltr'><em>αὖθις</em></span> <span class='ocrx_word' id='word_1_69' title='bbox 734 753 846 810; x_wconf 74' lang='grc' dir='ltr'><em>ἡμᾶς</em></span> <span class='ocrx_word' id='word_1_70' title='bbox 871 755 1094 806; x_wconf 75' lang='grc' dir='ltr'><em>ιῖποδεῖξαι</em></span> <span class='ocrx_word' id='word_1_71' title='bbox 1113 757 1188 797; x_wconf 79' lang='grc' dir='ltr'><em>τοῦ</em></span> <span class='ocrx_word' id='word_1_72' title='bbox 1217 756 1422 809; x_wconf 80' lang='grc' dir='ltr'><em>παναγίου</em></span> <span class='ocrx_word' id='word_1_73' title='bbox 1452 752 1702 808; x_wconf 75' lang='grc' dir='ltr'><em>μετέχοντας</em></span> 
     </span>
     <span class='ocr_line' id='line_1_10' title="bbox 251 817 1701 878; baseline -0.001 -17"><span class='ocrx_word' id='word_1_74' title='bbox 251 819 496 873; x_wconf 77' lang='grc' dir='ltr'><em>πνεύματος.</em></span> <span class='ocrx_word' id='word_1_75' title='bbox 558 817 580 860; x_wconf 78' lang='grc' dir='ltr'>ὃ</span> <span class='ocrx_word' id='word_1_76' title='bbox 611 819 658 876; x_wconf 69' lang='grc' dir='ltr'><em>δὴ</em></span> <span class='ocrx_word' id='word_1_77' title='bbox 682 822 755 862; x_wconf 80' lang='grc' dir='ltr'><em>καί</em></span> <span class='ocrx_word' id='word_1_78' title='bbox 781 820 960 876; x_wconf 80' lang='grc' dir='ltr'><em>τήμερον</em></span> <span class='ocrx_word' id='word_1_79' title='bbox 990 822 1161 878; x_wconf 80' lang='grc' dir='ltr'><em>ἐμφυσᾷ</em></span> <span class='ocrx_word' id='word_1_80' title='bbox 1188 822 1243 876; x_wconf 76' lang='grc' dir='ltr'><em>τῷ</em></span> <span class='ocrx_word' id='word_1_81' title='bbox 1271 820 1559 877; x_wconf 76' lang='grc' dir='ltr'><em>βαπτιζομὲνῳ</em></span> <span class='ocrx_word' id='word_1_82' title='bbox 1594 817 1617 860; x_wconf 80' lang='grc' dir='ltr'>ὅ</span> <span class='ocrx_word' id='word_1_83' title='bbox 1643 817 1701 860; x_wconf 80' lang='grc' dir='ltr'><strong>ἱε-</strong></span> 
     </span>
     <span class='ocr_line' id='line_1_11' title="bbox 140 877 1764 942; baseline 0 -15"><span class='ocrx_word' id='word_1_84' title='bbox 140 894 180 927; x_wconf 93' lang='lat' dir='ltr'><strong>V.</strong></span> <span class='ocrx_word' id='word_1_85' title='bbox 195 895 237 938; x_wconf 74' lang='grc'><strong>54</strong></span> <span class='ocrx_word' id='word_1_86' title='bbox 251 885 370 940; x_wconf 79' lang='grc' dir='ltr'><em>ρεύς,</em></span> <span class='ocrx_word' id='word_1_87' title='bbox 417 888 628 941; x_wconf 78' lang='grc' dir='ltr'><em>ζωογονῶν</em></span> <span class='ocrx_word' id='word_1_88' title='bbox 669 883 809 941; x_wconf 71' lang='grc' dir='ltr'><em>ὥσπερ</em></span> <span class='ocrx_word' id='word_1_89' title='bbox 843 885 918 942; x_wconf 65' lang='grc' dir='ltr'><em>τήν</em></span> <span class='ocrx_word' id='word_1_90' title='bbox 947 886 1077 929; x_wconf 78' lang='grc' dir='ltr'><em>αὐτοῦ</em></span> <span class='ocrx_word' id='word_1_91' title='bbox 1111 885 1260 941; x_wconf 76' lang='grc' dir='ltr'><em>ψυχήν</em></span> <span class='ocrx_word' id='word_1_92' title='bbox 1288 886 1592 941; x_wconf 82' lang='grc' dir='ltr'><em>νενεκρωμένην</em></span> <span class='ocrx_word' id='word_1_93' title='bbox 1618 877 1700 940; x_wconf 68' lang='grc' dir='ltr'><strong>ἤδη</strong></span> <span class='ocrx_word' id='word_1_94' title='bbox 1718 899 1764 927; x_wconf 78' lang='grc' dir='ltr'><strong>ιο</strong></span> 
     </span>
     <span class='ocr_line' id='line_1_12' title="bbox 213 951 922 1009; baseline -0.004 -13"><span class='ocrx_word' id='word_1_95' title='bbox 213 955 305 1009; x_wconf 74' lang='grc' dir='ltr'><strong>Ετῷ</strong></span> <span class='ocrx_word' id='word_1_96' title='bbox 333 955 409 994; x_wconf 79' lang='grc' dir='ltr'><em>τοῦ</em></span> <span class='ocrx_word' id='word_1_97' title='bbox 437 951 572 1006; x_wconf 76' lang='grc' dir='ltr'><em>Ἀδὰμ</em></span> <span class='ocrx_word' id='word_1_98' title='bbox 599 952 922 1007; x_wconf 80' lang='grc' dir='ltr'><em>παραπτώματι.</em></span> 
     </span>
     <span class='ocr_line' id='line_1_13' title="bbox 355 1011 1698 1073; baseline -0.005 -11"><span class='ocrx_word' id='word_1_99' title='bbox 355 1018 470 1062; x_wconf 79' lang='grc' dir='ltr'><strong>Ἀλλ’</strong></span> <span class='ocrx_word' id='word_1_100' title='bbox 513 1017 585 1061; x_wconf 73' lang='grc' dir='ltr'><strong>ἐπὶ</strong></span> <span class='ocrx_word' id='word_1_101' title='bbox 624 1017 701 1073; x_wconf 68' lang='grc' dir='ltr'><strong>τήν</strong></span> <span class='ocrx_word' id='word_1_102' title='bbox 739 1017 996 1060; x_wconf 69' lang='grc' dir='ltr'><em>ἀκολουθίαν</em></span> <span class='ocrx_word' id='word_1_103' title='bbox 1038 1017 1114 1059; x_wconf 78' lang='grc' dir='ltr'><em>τοῦ</em></span> <span class='ocrx_word' id='word_1_104' title='bbox 1140 1014 1265 1071; x_wconf 80' lang='grc' dir='ltr'><em>λόγου</em></span> <span class='ocrx_word' id='word_1_105' title='bbox 1294 1015 1367 1059; x_wconf 82' lang='grc' dir='ltr'>καί</span> <span class='ocrx_word' id='word_1_106' title='bbox 1394 1011 1523 1068; x_wconf 74' lang='grc' dir='ltr'><em>αὖθις</em></span> <span class='ocrx_word' id='word_1_107' title='bbox 1551 1017 1698 1059; x_wconf 80' lang='grc' dir='ltr'><em>ἐπανι-</em></span> 
     </span>
     <span class='ocr_line' id='line_1_14' title="bbox 247 1081 1699 1140; baseline -0.001 -14"><span class='ocrx_word' id='word_1_108' title='bbox 247 1087 350 1127; x_wconf 83' lang='grc' dir='ltr'><em>τέον.</em></span> <span class='ocrx_word' id='word_1_109' title='bbox 410 1083 665 1140; x_wconf 78' lang='grc' dir='ltr'><em>ἐνεφύσησεν</em></span> <span class='ocrx_word' id='word_1_110' title='bbox 705 1085 764 1132; x_wconf 83' lang='grc' dir='ltr'><strong>εἰς</strong></span> <span class='ocrx_word' id='word_1_111' title='bbox 795 1082 840 1126; x_wconf 82' lang='grc' dir='ltr'><em>τὸ</em></span> <span class='ocrx_word' id='word_1_112' title='bbox 881 1082 1102 1139; x_wconf 86' lang='grc' dir='ltr'><em>πρόσωπον</em></span> <span class='ocrx_word' id='word_1_113' title='bbox 1149 1085 1281 1126; x_wconf 73' lang='grc' dir='ltr'><em>αὐτοῦ</em></span> <span class='ocrx_word' id='word_1_114' title='bbox 1316 1081 1446 1138; x_wconf 75' lang='grc' dir='ltr'><em>πνοὴν</em></span> <span class='ocrx_word' id='word_1_115' title='bbox 1489 1084 1614 1138; x_wconf 78' lang='grc' dir='ltr'><strong><em>ζωῆς.</em></strong></span> <span class='ocrx_word' id='word_1_116' title='bbox 1671 1083 1699 1137; x_wconf 84' lang='grc' dir='ltr'><em>ἦ</em></span> 
     </span>
     <span class='ocr_line' id='line_1_15' title="bbox 247 1146 1699 1205; baseline -0.001 -14"><span class='ocrx_word' id='word_1_117' title='bbox 247 1153 323 1202; x_wconf 80' lang='grc' dir='ltr'><em>μὲν</em></span> <span class='ocrx_word' id='word_1_118' title='bbox 349 1146 422 1192; x_wconf 75' lang='grc' dir='ltr'><strong>οὖν</strong></span> <span class='ocrx_word' id='word_1_119' title='bbox 447 1151 627 1204; x_wconf 78' lang='grc' dir='ltr'><em>ἡμετέρα</em></span> <span class='ocrx_word' id='word_1_120' title='bbox 656 1152 730 1191; x_wconf 80' lang='grc' dir='ltr'><em>καί</em></span> <span class='ocrx_word' id='word_1_121' title='bbox 757 1149 1018 1205; x_wconf 69' lang='grc' dir='ltr'><em>ἀληθεστέρα</em></span> <span class='ocrx_word' id='word_1_122' title='bbox 1056 1151 1155 1199; x_wconf 77' lang='grc' dir='ltr'><em>δόξα</em></span> <span class='ocrx_word' id='word_1_123' title='bbox 1182 1148 1281 1203; x_wconf 79' lang='grc' dir='ltr'><em>περὶ</em></span> <span class='ocrx_word' id='word_1_124' title='bbox 1310 1152 1385 1204; x_wconf 82' lang='grc' dir='ltr'><em>τῆς</em></span> <span class='ocrx_word' id='word_1_125' title='bbox 1413 1151 1473 1199; x_wconf 84' lang='grc' dir='ltr'><strong>εἰς</strong></span> <span class='ocrx_word' id='word_1_126' title='bbox 1499 1148 1545 1192; x_wconf 87' lang='grc' dir='ltr'><em>τὸ</em></span> <span class='ocrx_word' id='word_1_127' title='bbox 1575 1150 1699 1203; x_wconf 73' lang='grc' dir='ltr'><em>σῶμα</em></span> 
     </span>
     <span class='ocr_line' id='line_1_16' title="bbox 246 1213 1763 1271; baseline 0.001 -14"><span class='ocrx_word' id='word_1_128' title='bbox 246 1219 320 1270; x_wconf 79' lang='grc' dir='ltr'><em>τῆς</em></span> <span class='ocrx_word' id='word_1_129' title='bbox 347 1218 488 1271; x_wconf 69' lang='grc' dir='ltr'><em>ψυχῆς</em></span> <span class='ocrx_word' id='word_1_130' title='bbox 531 1214 719 1264; x_wconf 54' lang='grc' dir='ltr'><em>ξενώσεως</em></span> <span class='ocrx_word' id='word_1_131' title='bbox 759 1215 870 1269; x_wconf 77' lang='grc' dir='ltr'><em>ἁπλῆ</em></span> <span class='ocrx_word' id='word_1_132' title='bbox 900 1215 963 1263; x_wconf 71' lang='grc' dir='ltr'><em>’τίς</em></span> <span class='ocrx_word' id='word_1_133' title='bbox 989 1218 1079 1257; x_wconf 82' lang='grc' dir='ltr'><em>ἐστι</em></span> <span class='ocrx_word' id='word_1_134' title='bbox 1119 1217 1192 1257; x_wconf 84' lang='grc' dir='ltr'>καί</span> <span class='ocrx_word' id='word_1_135' title='bbox 1225 1214 1378 1271; x_wconf 84' lang='grc' dir='ltr'><em>σαφής.</em></span> <span class='ocrx_word' id='word_1_136' title='bbox 1434 1214 1482 1257; x_wconf 84' lang='grc' dir='ltr'><em>τὸ</em></span> <span class='ocrx_word' id='word_1_137' title='bbox 1512 1217 1590 1269; x_wconf 83' lang='grc' dir='ltr'><em>μὲν</em></span> <span class='ocrx_word' id='word_1_138' title='bbox 1617 1213 1696 1270; x_wconf 76' lang='grc' dir='ltr'><strong>γὰρ</strong></span> <span class='ocrx_word' id='word_1_139' title='bbox 1717 1219 1763 1259; x_wconf 82' lang='lat'><strong>15</strong></span> 
     </span>
     <span class='ocr_line' id='line_1_17' title="bbox 245 1276 1700 1336; baseline 0 -13"><span class='ocrx_word' id='word_1_140' title='bbox 245 1283 370 1334; x_wconf 80' lang='grc' dir='ltr'><em>σῶμα</em></span> <span class='ocrx_word' id='word_1_141' title='bbox 403 1284 447 1323; x_wconf 82' lang='grc' dir='ltr'><strong>ἐκ</strong></span> <span class='ocrx_word' id='word_1_142' title='bbox 478 1279 601 1335; x_wconf 76' lang='grc' dir='ltr'><em>χοός,</em></span> <span class='ocrx_word' id='word_1_143' title='bbox 635 1281 661 1335; x_wconf 79' lang='grc' dir='ltr'><em>ἡ</em></span> <span class='ocrx_word' id='word_1_144' title='bbox 693 1283 739 1323; x_wconf 78' lang='grc' dir='ltr'><strong>δὲ</strong></span> <span class='ocrx_word' id='word_1_145' title='bbox 766 1279 887 1335; x_wconf 75' lang='grc' dir='ltr'><em>ψυχὴ</em></span> <span class='ocrx_word' id='word_1_146' title='bbox 920 1281 1087 1331; x_wconf 82' lang='grc' dir='ltr'><em>α’μέσως</em></span> <span class='ocrx_word' id='word_1_147' title='bbox 1116 1282 1160 1322; x_wconf 79' lang='grc' dir='ltr'><strong>ἐκ</strong></span> <span class='ocrx_word' id='word_1_148' title='bbox 1189 1283 1294 1322; x_wconf 82' lang='grc' dir='ltr'><em>θεοῦ</em></span> <span class='ocrx_word' id='word_1_149' title='bbox 1317 1280 1566 1336; x_wconf 79' lang='grc' dir='ltr'><em>παράγεται.</em></span> <span class='ocrx_word' id='word_1_150' title='bbox 1596 1276 1700 1323; x_wconf 77' lang='grc' dir='ltr'><strong>κᾶν-</strong></span> 
     </span>
     <span class='ocr_line' id='line_1_18' title="bbox 245 1343 1698 1402; baseline 0 -14"><span class='ocrx_word' id='word_1_151' title='bbox 245 1350 396 1389; x_wconf 80' lang='grc' dir='ltr'><em>τεῦθεν</em></span> <span class='ocrx_word' id='word_1_152' title='bbox 428 1349 501 1388; x_wconf 79' lang='grc' dir='ltr'><em>καί</em></span> <span class='ocrx_word' id='word_1_153' title='bbox 528 1347 718 1401; x_wconf 76' lang='grc' dir='ltr'><em>ἀλλήλων</em></span> <span class='ocrx_word' id='word_1_154' title='bbox 745 1348 1069 1399; x_wconf 78' lang='grc' dir='ltr'><em>συναπτομένων</em></span> <span class='ocrx_word' id='word_1_155' title='bbox 1094 1348 1198 1397; x_wconf 82' lang='grc' dir='ltr'><em>ζῶον</em></span> <span class='ocrx_word' id='word_1_156' title='bbox 1225 1348 1269 1388; x_wconf 77' lang='grc' dir='ltr'><strong>ἓν</strong></span> <span class='ocrx_word' id='word_1_157' title='bbox 1297 1343 1499 1389; x_wconf 75' lang='grc' dir='ltr'><em>σύνθετον</em></span> <span class='ocrx_word' id='word_1_158' title='bbox 1525 1347 1698 1402; x_wconf 79' lang='grc' dir='ltr'><em>γίνεται,</em></span> 
     </span>
     <span class='ocr_line' id='line_1_19' title="bbox 244 1411 1724 1469; baseline 0 -15"><span class='ocrx_word' id='word_1_159' title='bbox 244 1415 316 1454; x_wconf 82' lang='grc' dir='ltr'><em>καὶ</em></span> <span class='ocrx_word' id='word_1_160' title='bbox 348 1411 472 1454; x_wconf 81' lang='grc' dir='ltr'><em>τοῦτό</em></span> <span class='ocrx_word' id='word_1_161' title='bbox 509 1414 621 1454; x_wconf 80' lang='grc' dir='ltr'><em>ἐστιν</em></span> <span class='ocrx_word' id='word_1_162' title='bbox 653 1412 678 1467; x_wconf 81' lang='grc' dir='ltr'><em>ἦ</em></span> <span class='ocrx_word' id='word_1_163' title='bbox 718 1415 816 1453; x_wconf 86' lang='grc' dir='ltr'><em>καθ’</em></span> <span class='ocrx_word' id='word_1_164' title='bbox 842 1412 1075 1455; x_wconf 78' lang='grc' dir='ltr'><em>ὑπόστασιν</em></span> <span class='ocrx_word' id='word_1_165' title='bbox 1121 1415 1289 1466; x_wconf 75' lang='grc' dir='ltr'><em>ἓνωσις,</em></span> <span class='ocrx_word' id='word_1_166' title='bbox 1334 1413 1360 1467; x_wconf 83' lang='grc' dir='ltr'><em>ἦ</em></span> <span class='ocrx_word' id='word_1_167' title='bbox 1394 1411 1724 1469; x_wconf 26' lang='grc' dir='ltr'><em>ἄμφύπαρκτος,</em></span> 
     </span>
     <span class='ocr_line' id='line_1_20' title="bbox 245 1475 1700 1533; baseline -0.001 -13"><span class='ocrx_word' id='word_1_168' title='bbox 245 1482 327 1521; x_wconf 79' lang='grc' dir='ltr'><em>τῶν</em></span> <span class='ocrx_word' id='word_1_169' title='bbox 360 1478 611 1533; x_wconf 71' lang='grc' dir='ltr'><em>ἐτερουσιιῦν</em></span> <span class='ocrx_word' id='word_1_170' title='bbox 647 1480 737 1520; x_wconf 84' lang='grc' dir='ltr'><em>κατ’</em></span> <span class='ocrx_word' id='word_1_171' title='bbox 782 1477 911 1519; x_wconf 77' lang='grc' dir='ltr'><em>αὕτὸν</em></span> <span class='ocrx_word' id='word_1_172' title='bbox 941 1476 1172 1532; x_wconf 73' lang='grc' dir='ltr'><em>συνδρομή.</em></span> <span class='ocrx_word' id='word_1_173' title='bbox 1230 1475 1254 1518; x_wconf 76' lang='grc' dir='ltr'><em>ὃ</em></span> <span class='ocrx_word' id='word_1_174' title='bbox 1283 1477 1333 1533; x_wconf 75' lang='grc' dir='ltr'><em>δὴ</em></span> <span class='ocrx_word' id='word_1_175' title='bbox 1364 1478 1439 1519; x_wconf 83' lang='grc' dir='ltr'><em>καί</em></span> <span class='ocrx_word' id='word_1_176' title='bbox 1464 1475 1700 1531; x_wconf 75' lang='grc' dir='ltr'><em>θαυμάζων</em></span> 
     </span>
     <span class='ocr_line' id='line_1_21' title="bbox 248 1538 1762 1600; baseline 0.001 -16"><span class='ocrx_word' id='word_1_177' title='bbox 248 1544 270 1584; x_wconf 77' lang='grc' dir='ltr'>ὁ</span> <span class='ocrx_word' id='word_1_178' title='bbox 301 1544 378 1598; x_wconf 69' lang='grc' dir='ltr'><strong>τήν</strong></span> <span class='ocrx_word' id='word_1_179' title='bbox 415 1546 600 1598; x_wconf 76' lang='grc' dir='ltr'><em>γλῶτταν</em></span> <span class='ocrx_word' id='word_1_180' title='bbox 644 1545 832 1599; x_wconf 78' lang='grc' dir='ltr'><em>χρυσοῦς</em></span> <span class='ocrx_word' id='word_1_181' title='bbox 870 1542 984 1597; x_wconf 70' lang='grc' dir='ltr'><em>ἔλεγε</em></span> <span class='ocrx_word' id='word_1_182' title='bbox 1026 1546 1144 1596; x_wconf 60' lang='grc' dir='ltr'><em>»πῶς</em></span> <span class='ocrx_word' id='word_1_183' title='bbox 1175 1544 1218 1584; x_wconf 83' lang='grc' dir='ltr'><strong>ἐν</strong></span> <span class='ocrx_word' id='word_1_184' title='bbox 1257 1543 1398 1600; x_wconf 72' lang='grc' dir='ltr'><em>μήτρᾳ</em></span> <span class='ocrx_word' id='word_1_185' title='bbox 1427 1541 1447 1584; x_wconf 85' lang='grc' dir='ltr'>ὅ</span> <span class='ocrx_word' id='word_1_186' title='bbox 1478 1538 1762 1598; x_wconf 52' lang='grc' dir='ltr'><em>ἅνθρωπος-ιο</em></span> 
     </span>
     <span class='ocr_line' id='line_1_22' title="bbox 218 1606 1698 1668; baseline 0.001 -18"><span class='ocrx_word' id='word_1_187' title='bbox 218 1633 222 1636; x_wconf 59' lang='lat'>&gt;</span> <span class='ocrx_word' id='word_1_188' title='bbox 248 1609 574 1661; x_wconf 71' lang='grc' dir='ltr'><em>διαπλάττεταις</em></span> <span class='ocrx_word' id='word_1_189' title='bbox 602 1612 674 1650; x_wconf 80' lang='grc' dir='ltr'><em>καί</em></span> <span class='ocrx_word' id='word_1_190' title='bbox 702 1612 790 1657; x_wconf 83' lang='grc' dir='ltr'><strong>πῶς</strong></span> <span class='ocrx_word' id='word_1_191' title='bbox 817 1606 975 1663; x_wconf 73' lang='grc' dir='ltr'><em>ἁθρόον</em></span> <span class='ocrx_word' id='word_1_192' title='bbox 1005 1609 1030 1664; x_wconf 81' lang='grc' dir='ltr'><strong><em>ἡ</em></strong></span> <span class='ocrx_word' id='word_1_193' title='bbox 1065 1612 1296 1658; x_wconf 75' lang='grc' dir='ltr'><em>θεοείκελος</em></span> <span class='ocrx_word' id='word_1_194' title='bbox 1321 1609 1443 1665; x_wconf 78' lang='grc' dir='ltr'><strong>ψυχὴ</strong></span> <span class='ocrx_word' id='word_1_195' title='bbox 1472 1611 1529 1668; x_wconf 76' lang='grc' dir='ltr'><em>τῷ</em></span> <span class='ocrx_word' id='word_1_196' title='bbox 1554 1609 1698 1662; x_wconf 81' lang='grc' dir='ltr'><em>σώμα-</em></span> 
     </span>
     <span class='ocr_line' id='line_1_23' title="bbox 203 1673 1696 1734; baseline 0.001 -17"><span class='ocrx_word' id='word_1_197' title='bbox 203 1687 289 1720; x_wconf 81' lang='grc' dir='ltr'><em>Βτι</em></span> <span class='ocrx_word' id='word_1_198' title='bbox 319 1677 777 1730; x_wconf 70' lang='grc' dir='ltr'><em>συμπαρυφισταται,·”</em></span> <span class='ocrx_word' id='word_1_199' title='bbox 805 1673 843 1716; x_wconf 82' lang='grc' dir='ltr'><strong>οἱ</strong></span> <span class='ocrx_word' id='word_1_200' title='bbox 871 1677 917 1717; x_wconf 74' lang='grc' dir='ltr'><strong>δέ</strong></span> <span class='ocrx_word' id='word_1_201' title='bbox 934 1690 980 1729; x_wconf 78' lang='grc' dir='ltr'><strong>γε</strong></span> <span class='ocrx_word' id='word_1_202' title='bbox 1011 1676 1140 1734; x_wconf 66' lang='grc' dir='ltr'><em>σοφία</em></span> <span class='ocrx_word' id='word_1_203' title='bbox 1168 1677 1216 1733; x_wconf 81' lang='grc' dir='ltr'><em>τῇ</em></span> <span class='ocrx_word' id='word_1_204' title='bbox 1241 1673 1399 1726; x_wconf 79' lang='grc' dir='ltr'><em>ἔξωθεν</em></span> <span class='ocrx_word' id='word_1_205' title='bbox 1430 1673 1696 1730; x_wconf 81' lang='grc' dir='ltr'><em>ἐγκαυχώμε-</em></span> 
     </span>
    </p>
   </div>
   <div class='ocr_carea' id='block_1_3' title="bbox 340 1775 674 1829">
    <p class='ocr_par' dir='ltr' id='par_1_3' title="bbox 340 1775 674 1829">
     <span class='ocr_line' id='line_1_24' title="bbox 340 1775 674 1829; baseline -0.003 -15"><span class='ocrx_word' id='word_1_206' title='bbox 340 1782 372 1814; x_wconf 85' lang='grc'><strong>8.</strong></span> <span class='ocrx_word' id='word_1_207' title='bbox 391 1779 477 1829; x_wconf 52' lang='lat' dir='ltr'><strong>zai]</strong></span> <span class='ocrx_word' id='word_1_208' title='bbox 506 1775 557 1827; x_wconf 66' lang='grc' dir='ltr'><em>μὴ</em></span> <span class='ocrx_word' id='word_1_209' title='bbox 583 1780 674 1814; x_wconf 74' lang='lat' dir='ltr'><strong>uoci?</strong></span> 
     </span>
    </p>
   </div>
   <div class='ocr_carea' id='block_1_4' title="bbox 249 1871 1696 2822">
    <p class='ocr_par' dir='ltr' id='par_1_4' title="bbox 249 1871 1696 2305">
     <span class='ocr_line' id='line_1_25' title="bbox 249 1871 1695 1929; baseline 0.002 -15"><span class='ocrx_word' id='word_1_210' title='bbox 249 1887 303 1915; x_wconf 81' lang='lat' dir='ltr'><strong>est</strong></span> <span class='ocrx_word' id='word_1_211' title='bbox 319 1908 327 1922; x_wconf 95' lang='lat'><strong>,</strong></span> <span class='ocrx_word' id='word_1_212' title='bbox 355 1892 420 1927; x_wconf 89' lang='lat' dir='ltr'><strong>per</strong></span> <span class='ocrx_word' id='word_1_213' title='bbox 455 1881 550 1914; x_wconf 87' lang='lat' dir='ltr'><strong>illud</strong></span> <span class='ocrx_word' id='word_1_214' title='bbox 582 1882 700 1927; x_wconf 87' lang='lat' dir='ltr'><strong>ipsum</strong></span> <span class='ocrx_word' id='word_1_215' title='bbox 717 1908 726 1923; x_wconf 93' lang='lat'><strong>,</strong></span> <span class='ocrx_word' id='word_1_216' title='bbox 752 1883 808 1917; x_wconf 89' lang='lat' dir='ltr'><strong>uti</strong></span> <span class='ocrx_word' id='word_1_217' title='bbox 836 1883 1012 1925; x_wconf 79' lang='lat' dir='ltr'>diximus,</span> <span class='ocrx_word' id='word_1_218' title='bbox 1038 1884 1203 1929; x_wconf 85' lang='lat' dir='ltr'><strong>spiritum</strong></span> <span class='ocrx_word' id='word_1_219' title='bbox 1228 1888 1390 1917; x_wconf 88' lang='lat' dir='ltr'><strong>sanctum</strong></span> <span class='ocrx_word' id='word_1_220' title='bbox 1415 1871 1695 1918; x_wconf 72' lang='lat' dir='ltr'><strong>commonstrans</strong></span> 
     </span>
     <span class='ocr_line' id='line_1_26' title="bbox 249 1929 1696 1976; baseline 0.001 -14"><span class='ocrx_word' id='word_1_221' title='bbox 249 1935 358 1974; x_wconf 84' lang='lat' dir='ltr'><strong>atque</strong></span> <span class='ocrx_word' id='word_1_222' title='bbox 384 1929 572 1968; x_wconf 83' lang='lat' dir='ltr'><strong>denotans,</strong></span> <span class='ocrx_word' id='word_1_223' title='bbox 602 1929 773 1975; x_wconf 85' lang='lat' dir='ltr'><strong>quodque</strong></span> <span class='ocrx_word' id='word_1_224' title='bbox 800 1932 937 1975; x_wconf 83' lang='lat' dir='ltr'><strong>gratiae</strong></span> <span class='ocrx_word' id='word_1_225' title='bbox 967 1932 1113 1976; x_wconf 86' lang='lat' dir='ltr'><strong>spiritus</strong></span> <span class='ocrx_word' id='word_1_226' title='bbox 1144 1932 1253 1964; x_wconf 85' lang='lat' dir='ltr'><strong>sancti</strong></span> <span class='ocrx_word' id='word_1_227' title='bbox 1280 1932 1458 1975; x_wconf 81' lang='lat' dir='ltr'><strong>particeps</strong></span> <span class='ocrx_word' id='word_1_228' title='bbox 1485 1929 1593 1964; x_wconf 88' lang='lat' dir='ltr'><strong>homo</strong></span> <span class='ocrx_word' id='word_1_229' title='bbox 1618 1936 1696 1964; x_wconf 84' lang='lat' dir='ltr'><strong>tum</strong></span> 
     </span>
     <span class='ocr_line' id='line_1_27' title="bbox 249 1975 1696 2023; baseline 0.001 -14"><span class='ocrx_word' id='word_1_230' title='bbox 249 1975 484 2016; x_wconf 78' lang='lat' dir='ltr'><strong>conderetur,</strong></span> <span class='ocrx_word' id='word_1_231' title='bbox 511 1976 814 2020; x_wconf 82' lang='lat' dir='ltr'><strong>quemadmodum</strong></span> <span class='ocrx_word' id='word_1_232' title='bbox 839 1978 992 2022; x_wconf 86' lang='lat' dir='ltr'><strong>Cyrillus</strong></span> <span class='ocrx_word' id='word_1_233' title='bbox 1020 1978 1202 2023; x_wconf 89' lang='lat' dir='ltr'><strong>loquitur,</strong></span> <span class='ocrx_word' id='word_1_234' title='bbox 1227 1978 1373 2010; x_wconf 84' lang='lat' dir='ltr'><strong>tametsi</strong></span> <span class='ocrx_word' id='word_1_235' title='bbox 1401 1976 1571 2022; x_wconf 84' lang='lat' dir='ltr'><strong>deinceps</strong></span> <span class='ocrx_word' id='word_1_236' title='bbox 1594 1988 1696 2011; x_wconf 86' lang='lat' dir='ltr'><strong>man-</strong></span> 
     </span>
     <span class='ocr_line' id='line_1_28' title="bbox 250 2023 1696 2069; baseline 0.001 -13"><span class='ocrx_word' id='word_1_237' title='bbox 250 2023 326 2056; x_wconf 85' lang='lat' dir='ltr'><strong>dati</strong></span> <span class='ocrx_word' id='word_1_238' title='bbox 351 2023 463 2057; x_wconf 78' lang='lat' dir='ltr'><strong>divini</strong></span> <span class='ocrx_word' id='word_1_239' title='bbox 489 2025 722 2068; x_wconf 77' lang='lat' dir='ltr'><strong>transgressio</strong></span> <span class='ocrx_word' id='word_1_240' title='bbox 766 2025 898 2058; x_wconf 90' lang='lat' dir='ltr'><strong>donum</strong></span> <span class='ocrx_word' id='word_1_241' title='bbox 937 2025 1005 2058; x_wconf 85' lang='lat' dir='ltr'><strong>hoc</strong></span> <span class='ocrx_word' id='word_1_242' title='bbox 1034 2025 1238 2058; x_wconf 82' lang='lat' dir='ltr'><strong>obscuravit</strong></span> <span class='ocrx_word' id='word_1_243' title='bbox 1262 2030 1370 2069; x_wconf 86' lang='lat' dir='ltr'><strong>atque</strong></span> <span class='ocrx_word' id='word_1_244' title='bbox 1401 2023 1576 2058; x_wconf 78' lang='lat' dir='ltr'><strong>confudit.</strong></span> <span class='ocrx_word' id='word_1_245' title='bbox 1603 2024 1696 2058; x_wconf 84' lang='lat' dir='ltr'><strong>hanc</strong></span> 
     </span>
     <span class='ocr_line' id='line_1_29' title="bbox 251 2069 1696 2117; baseline 0.001 -14"><span class='ocrx_word' id='word_1_246' title='bbox 251 2070 296 2103; x_wconf 93' lang='lat' dir='ltr'><strong>ob</strong></span> <span class='ocrx_word' id='word_1_247' title='bbox 323 2082 465 2103; x_wconf 86' lang='lat' dir='ltr'><strong>causam</strong></span> <span class='ocrx_word' id='word_1_248' title='bbox 492 2069 670 2111; x_wconf 67' lang='lat' dir='ltr'><strong>domium,</strong></span> <span class='ocrx_word' id='word_1_249' title='bbox 697 2083 775 2104; x_wconf 88' lang='lat' dir='ltr'><strong>cum</strong></span> <span class='ocrx_word' id='word_1_250' title='bbox 804 2084 848 2105; x_wconf 89' lang='lat' dir='ltr'><strong>ex</strong></span> <span class='ocrx_word' id='word_1_251' title='bbox 870 2074 1021 2105; x_wconf 75' lang='lat' dir='ltr'><strong>mortuis</strong></span> <span class='ocrx_word' id='word_1_252' title='bbox 1047 2071 1315 2112; x_wconf 80' lang='lat' dir='ltr'><strong>resurrexisset,</strong></span> <span class='ocrx_word' id='word_1_253' title='bbox 1338 2082 1476 2104; x_wconf 86' lang='lat' dir='ltr'><strong>rursum</strong></span> <span class='ocrx_word' id='word_1_254' title='bbox 1498 2071 1696 2117; x_wconf 86' lang='lat' dir='ltr'><strong>discipulos</strong></span> 
     </span>
     <span class='ocr_line' id='line_1_30' title="bbox 251 2116 1696 2164; baseline 0.002 -15"><span class='ocrx_word' id='word_1_255' title='bbox 251 2117 408 2159; x_wconf 81' lang='lat' dir='ltr'><strong>adflavit,</strong></span> <span class='ocrx_word' id='word_1_256' title='bbox 435 2123 472 2150; x_wconf 82' lang='lat' dir='ltr'><strong>et</strong></span> <span class='ocrx_word' id='word_1_257' title='bbox 491 2116 583 2150; x_wconf 83' lang='lat' dir='ltr'><strong>dixit</strong></span> <span class='ocrx_word' id='word_1_258' title='bbox 601 2119 777 2163; x_wconf 81' lang='lat' dir='ltr'><strong>„accipite</strong></span> <span class='ocrx_word' id='word_1_259' title='bbox 807 2120 972 2164; x_wconf 83' lang='lat' dir='ltr'><strong>spiritum</strong></span> <span class='ocrx_word' id='word_1_260' title='bbox 999 2120 1191 2152; x_wconf 81' lang='lat' dir='ltr'><strong>sanctum.”</strong></span> <span class='ocrx_word' id='word_1_261' title='bbox 1217 2130 1284 2151; x_wconf 89' lang='lat' dir='ltr'><strong>nec</strong></span> <span class='ocrx_word' id='word_1_262' title='bbox 1312 2118 1407 2150; x_wconf 86' lang='lat' dir='ltr'><strong>enim</strong></span> <span class='ocrx_word' id='word_1_263' title='bbox 1434 2118 1527 2151; x_wconf 83' lang='lat' dir='ltr'><strong>ferre</strong></span> <span class='ocrx_word' id='word_1_264' title='bbox 1553 2124 1696 2164; x_wconf 84' lang='lat' dir='ltr'><strong>poterat</strong></span> 
     </span>
     <span class='ocr_line' id='line_1_31' title="bbox 252 2164 1695 2211; baseline 0.002 -15"><span class='ocrx_word' id='word_1_265' title='bbox 252 2170 293 2196; x_wconf 83' lang='lat' dir='ltr'><strong>ut</strong></span> <span class='ocrx_word' id='word_1_266' title='bbox 316 2176 389 2196; x_wconf 93' lang='lat' dir='ltr'><strong>non</strong></span> <span class='ocrx_word' id='word_1_267' title='bbox 415 2164 460 2197; x_wconf 87' lang='lat' dir='ltr'><strong>de</strong></span> <span class='ocrx_word' id='word_1_268' title='bbox 486 2165 623 2208; x_wconf 83' lang='lat' dir='ltr'><strong>integro</strong></span> <span class='ocrx_word' id='word_1_269' title='bbox 649 2166 761 2198; x_wconf 86' lang='lat' dir='ltr'><strong>sancti</strong></span> <span class='ocrx_word' id='word_1_270' title='bbox 790 2167 937 2211; x_wconf 90' lang='lat' dir='ltr'><strong>spiritus</strong></span> <span class='ocrx_word' id='word_1_271' title='bbox 965 2166 1155 2211; x_wconf 82' lang='lat' dir='ltr'><strong>participes</strong></span> <span class='ocrx_word' id='word_1_272' title='bbox 1185 2176 1262 2198; x_wconf 86' lang='lat' dir='ltr'><strong>esse</strong></span> <span class='ocrx_word' id='word_1_273' title='bbox 1289 2164 1562 2207; x_wconf 85' lang='lat' dir='ltr'><strong>declararemur,</strong></span> <span class='ocrx_word' id='word_1_274' title='bbox 1587 2177 1695 2211; x_wconf 88' lang='lat' dir='ltr'><strong>quem</strong></span> 
     </span>
     <span class='ocr_line' id='line_1_32' title="bbox 253 2210 1694 2258; baseline 0.003 -15"><span class='ocrx_word' id='word_1_275' title='bbox 253 2212 359 2243; x_wconf 87' lang='lat' dir='ltr'><strong>etiam</strong></span> <span class='ocrx_word' id='word_1_276' title='bbox 383 2211 494 2244; x_wconf 86' lang='lat' dir='ltr'><strong>hodie</strong></span> <span class='ocrx_word' id='word_1_277' title='bbox 523 2210 687 2244; x_wconf 77' lang='lat' dir='ltr'><strong>sacerdos</strong></span> <span class='ocrx_word' id='word_1_278' title='bbox 714 2213 746 2244; x_wconf 86' lang='lat' dir='ltr'><strong>ei</strong></span> <span class='ocrx_word' id='word_1_279' title='bbox 773 2214 835 2257; x_wconf 89' lang='lat' dir='ltr'><strong>qui</strong></span> <span class='ocrx_word' id='word_1_280' title='bbox 866 2214 1071 2258; x_wconf 84' lang='lat' dir='ltr'><strong>baptizatur</strong></span> <span class='ocrx_word' id='word_1_281' title='bbox 1094 2212 1224 2252; x_wconf 80' lang='lat' dir='ltr'><strong>adflat,</strong></span> <span class='ocrx_word' id='word_1_282' title='bbox 1254 2213 1358 2257; x_wconf 77' lang='lat' dir='ltr'><strong>quasi</strong></span> <span class='ocrx_word' id='word_1_283' title='bbox 1379 2213 1475 2246; x_wconf 87' lang='lat' dir='ltr'><strong>vitae</strong></span> <span class='ocrx_word' id='word_1_284' title='bbox 1501 2213 1694 2247; x_wconf 83' lang='lat' dir='ltr'><strong>restituens</strong></span> 
     </span>
     <span class='ocr_line' id='line_1_33' title="bbox 251 2258 1248 2305; baseline 0 -15"><span class='ocrx_word' id='word_1_285' title='bbox 251 2259 328 2291; x_wconf 87' lang='lat' dir='ltr'><strong>eius</strong></span> <span class='ocrx_word' id='word_1_286' title='bbox 353 2259 504 2291; x_wconf 86' lang='lat' dir='ltr'><strong>animam</strong></span> <span class='ocrx_word' id='word_1_287' title='bbox 535 2269 579 2291; x_wconf 81' lang='lat' dir='ltr'><strong>ex</strong></span> <span class='ocrx_word' id='word_1_288' title='bbox 604 2258 729 2291; x_wconf 87' lang='lat' dir='ltr'><strong>Adami</strong></span> <span class='ocrx_word' id='word_1_289' title='bbox 754 2261 1034 2305; x_wconf 83' lang='lat' dir='ltr'><strong>transgressione</strong></span> <span class='ocrx_word' id='word_1_290' title='bbox 1062 2265 1248 2298; x_wconf 78' lang='lat' dir='ltr'><strong>mortuam.</strong></span> 
     </span>
    </p>

    <p class='ocr_par' dir='ltr' id='par_1_5' title="bbox 250 2305 1696 2822">
     <span class='ocr_line' id='line_1_34' title="bbox 343 2305 1696 2340; baseline 0.001 -3"><span class='ocrx_word' id='word_1_291' title='bbox 343 2305 476 2337; x_wconf 87' lang='lat' dir='ltr'><strong>Verum</strong></span> <span class='ocrx_word' id='word_1_292' title='bbox 505 2306 685 2338; x_wconf 82' lang='lat' dir='ltr'><strong>enimvero</strong></span> <span class='ocrx_word' id='word_1_293' title='bbox 712 2306 755 2338; x_wconf 84' lang='lat' dir='ltr'><strong>ad</strong></span> <span class='ocrx_word' id='word_1_294' title='bbox 785 2309 912 2340; x_wconf 88' lang='lat' dir='ltr'><strong>seriem</strong></span> <span class='ocrx_word' id='word_1_295' title='bbox 940 2307 1111 2340; x_wconf 84' lang='lat' dir='ltr'><strong>orationis</strong></span> <span class='ocrx_word' id='word_1_296' title='bbox 1146 2306 1350 2338; x_wconf 87' lang='lat' dir='ltr'><strong>institutam</strong></span> <span class='ocrx_word' id='word_1_297' title='bbox 1374 2310 1602 2339; x_wconf 84' lang='lat' dir='ltr'><strong>revertamur.</strong></span> <span class='ocrx_word' id='word_1_298' title='bbox 1627 2317 1696 2338; x_wconf 82' lang='lat' dir='ltr'><strong>no-</strong></span> 
     </span>
     <span class='ocr_line' id='line_1_35' title="bbox 250 2352 1695 2399; baseline 0.002 -16"><span class='ocrx_word' id='word_1_299' title='bbox 250 2357 346 2392; x_wconf 84' lang='lat' dir='ltr'><strong>stra,</strong></span> <span class='ocrx_word' id='word_1_300' title='bbox 382 2352 551 2396; x_wconf 82' lang='lat' dir='ltr'><strong>inquam,</strong></span> <span class='ocrx_word' id='word_1_301' title='bbox 578 2363 691 2397; x_wconf 85' lang='lat' dir='ltr'><strong>eaque</strong></span> <span class='ocrx_word' id='word_1_302' title='bbox 723 2354 841 2386; x_wconf 86' lang='lat' dir='ltr'><strong>verior</strong></span> <span class='ocrx_word' id='word_1_303' title='bbox 877 2355 1002 2399; x_wconf 89' lang='lat' dir='ltr'><strong>opinio</strong></span> <span class='ocrx_word' id='word_1_304' title='bbox 1042 2353 1086 2386; x_wconf 89' lang='lat' dir='ltr'><strong>de</strong></span> <span class='ocrx_word' id='word_1_305' title='bbox 1111 2354 1270 2398; x_wconf 88' lang='lat' dir='ltr'><strong>eorporis</strong></span> <span class='ocrx_word' id='word_1_306' title='bbox 1295 2365 1374 2386; x_wconf 90' lang='lat' dir='ltr'><strong>cum</strong></span> <span class='ocrx_word' id='word_1_307' title='bbox 1398 2353 1516 2386; x_wconf 85' lang='lat' dir='ltr'><strong>anima</strong></span> <span class='ocrx_word' id='word_1_308' title='bbox 1542 2352 1695 2386; x_wconf 65' lang='lat' dir='ltr'><strong>conium</strong></span> 
     </span>
     <span class='ocr_line' id='line_1_36' title="bbox 251 2398 1694 2446; baseline 0.001 -17"><span class='ocrx_word' id='word_1_309' title='bbox 251 2398 371 2430; x_wconf 82' lang='lat' dir='ltr'><strong>ctione</strong></span> <span class='ocrx_word' id='word_1_310' title='bbox 405 2399 557 2443; x_wconf 85' lang='lat' dir='ltr'><strong>simplex</strong></span> <span class='ocrx_word' id='word_1_311' title='bbox 582 2405 636 2432; x_wconf 80' lang='lat' dir='ltr'><strong>est.</strong></span> <span class='ocrx_word' id='word_1_312' title='bbox 661 2404 770 2444; x_wconf 81' lang='lat' dir='ltr'><strong>atque</strong></span> <span class='ocrx_word' id='word_1_313' title='bbox 801 2402 999 2446; x_wconf 85' lang='lat' dir='ltr'><strong>perspicua.</strong></span> <span class='ocrx_word' id='word_1_314' title='bbox 1027 2411 1153 2444; x_wconf 87' lang='lat' dir='ltr'><strong>corpus</strong></span> <span class='ocrx_word' id='word_1_315' title='bbox 1192 2400 1286 2432; x_wconf 87' lang='lat' dir='ltr'><strong>enim</strong></span> <span class='ocrx_word' id='word_1_316' title='bbox 1315 2411 1358 2432; x_wconf 84' lang='lat' dir='ltr'><strong>ex</strong></span> <span class='ocrx_word' id='word_1_317' title='bbox 1381 2400 1548 2444; x_wconf 87' lang='lat' dir='ltr'><strong>pulvere,</strong></span> <span class='ocrx_word' id='word_1_318' title='bbox 1575 2399 1694 2432; x_wconf 76' lang='lat' dir='ltr'><strong>anima</strong></span> 
     </span>
     <span class='ocr_line' id='line_1_37' title="bbox 251 2445 1693 2492; baseline 0.002 -15"><span class='ocrx_word' id='word_1_319' title='bbox 251 2451 372 2477; x_wconf 78' lang='lat' dir='ltr'><strong>autem</strong></span> <span class='ocrx_word' id='word_1_320' title='bbox 410 2447 498 2478; x_wconf 86' lang='lat' dir='ltr'><strong>citra</strong></span> <span class='ocrx_word' id='word_1_321' title='bbox 534 2446 691 2478; x_wconf 78' lang='lat' dir='ltr'><strong>medium</strong></span> <span class='ocrx_word' id='word_1_322' title='bbox 727 2447 839 2479; x_wconf 87' lang='lat' dir='ltr'><strong>ullum</strong></span> <span class='ocrx_word' id='word_1_323' title='bbox 873 2460 892 2480; x_wconf 85' lang='lat' dir='ltr'><strong>a</strong></span> <span class='ocrx_word' id='word_1_324' title='bbox 926 2448 993 2481; x_wconf 87' lang='lat' dir='ltr'><strong>deo</strong></span> <span class='ocrx_word' id='word_1_325' title='bbox 1018 2446 1240 2492; x_wconf 87' lang='lat' dir='ltr'><strong>producitur.</strong></span> <span class='ocrx_word' id='word_1_326' title='bbox 1273 2446 1431 2491; x_wconf 88' lang='lat' dir='ltr'><strong>ideoque</strong></span> <span class='ocrx_word' id='word_1_327' title='bbox 1456 2446 1608 2479; x_wconf 83' lang='lat' dir='ltr'><strong>dicimus</strong></span> <span class='ocrx_word' id='word_1_328' title='bbox 1635 2445 1693 2480; x_wconf 74' lang='lat' dir='ltr'><strong>his</strong></span> 
     </span>
     <span class='ocr_line' id='line_1_38' title="bbox 252 2492 1694 2538; baseline 0.002 -15"><span class='ocrx_word' id='word_1_329' title='bbox 252 2492 347 2524; x_wconf 87' lang='lat' dir='ltr'><strong>inter</strong></span> <span class='ocrx_word' id='word_1_330' title='bbox 389 2503 426 2525; x_wconf 90' lang='lat' dir='ltr'><strong>se</strong></span> <span class='ocrx_word' id='word_1_331' title='bbox 461 2493 661 2537; x_wconf 86' lang='lat' dir='ltr'><strong>copulatis,</strong></span> <span class='ocrx_word' id='word_1_332' title='bbox 698 2494 830 2526; x_wconf 83' lang='lat' dir='ltr'><strong>animal</strong></span> <span class='ocrx_word' id='word_1_333' title='bbox 864 2507 975 2527; x_wconf 88' lang='lat' dir='ltr'><strong>unum</strong></span> <span class='ocrx_word' id='word_1_334' title='bbox 1017 2493 1185 2538; x_wconf 88' lang='lat' dir='ltr'><strong>idemque</strong></span> <span class='ocrx_word' id='word_1_335' title='bbox 1222 2494 1459 2538; x_wconf 78' lang='lat' dir='ltr'><strong>compositum</strong></span> <span class='ocrx_word' id='word_1_336' title='bbox 1493 2493 1694 2536; x_wconf 78' lang='lat' dir='ltr'><strong>exstitisse3</strong></span> 
     </span>
     <span class='ocr_line' id='line_1_39' title="bbox 254 2539 1693 2585; baseline 0.003 -16"><span class='ocrx_word' id='word_1_337' title='bbox 254 2548 347 2581; x_wconf 80' lang='lat' dir='ltr'><strong>quae</strong></span> <span class='ocrx_word' id='word_1_338' title='bbox 372 2539 519 2583; x_wconf 87' lang='lat' dir='ltr'><strong>quidem</strong></span> <span class='ocrx_word' id='word_1_339' title='bbox 556 2545 610 2572; x_wconf 90' lang='lat' dir='ltr'><strong>est</strong></span> <span class='ocrx_word' id='word_1_340' title='bbox 641 2540 705 2572; x_wconf 78' lang='lat' dir='ltr'><strong>illa</strong></span> <span class='ocrx_word' id='word_1_341' title='bbox 739 2542 939 2585; x_wconf 81' lang='lat' dir='ltr'><strong>personalis</strong></span> <span class='ocrx_word' id='word_1_342' title='bbox 964 2541 1100 2582; x_wconf 87' lang='lat' dir='ltr'><strong>unitio,</strong></span> <span class='ocrx_word' id='word_1_343' title='bbox 1142 2540 1309 2572; x_wconf 88' lang='lat' dir='ltr'><strong>nimirum</strong></span> <span class='ocrx_word' id='word_1_344' title='bbox 1341 2541 1496 2573; x_wconf 80' lang='lat' dir='ltr'><strong>existens</strong></span> <span class='ocrx_word' id='word_1_345' title='bbox 1522 2540 1693 2585; x_wconf 84' lang='lat' dir='ltr'><strong>utrinque</strong></span> 
     </span>
     <span class='ocr_line' id='line_1_40' title="bbox 252 2585 1692 2632; baseline 0.003 -18"><span class='ocrx_word' id='word_1_346' title='bbox 252 2589 459 2618; x_wconf 87' lang='lat' dir='ltr'><strong>naturarum</strong></span> <span class='ocrx_word' id='word_1_347' title='bbox 497 2586 714 2620; x_wconf 88' lang='lat' dir='ltr'><strong>diversarum</strong></span> <span class='ocrx_word' id='word_1_348' title='bbox 750 2587 787 2619; x_wconf 89' lang='lat' dir='ltr'><strong>in</strong></span> <span class='ocrx_word' id='word_1_349' title='bbox 811 2600 920 2621; x_wconf 88' lang='lat' dir='ltr'><strong>unum</strong></span> <span class='ocrx_word' id='word_1_350' title='bbox 946 2598 1146 2621; x_wconf 87' lang='lat' dir='ltr'><strong>concursus.</strong></span> <span class='ocrx_word' id='word_1_351' title='bbox 1192 2598 1297 2632; x_wconf 87' lang='lat' dir='ltr'><strong>quam</strong></span> <span class='ocrx_word' id='word_1_352' title='bbox 1321 2598 1394 2620; x_wconf 86' lang='lat' dir='ltr'><strong>rem</strong></span> <span class='ocrx_word' id='word_1_353' title='bbox 1420 2585 1692 2630; x_wconf 76' lang='lat' dir='ltr'><strong>Chrysostomus</strong></span> 
     </span>
     <span class='ocr_line' id='line_1_41' title="bbox 254 2629 1693 2680; baseline 0.006 -20"><span class='ocrx_word' id='word_1_354' title='bbox 254 2629 434 2664; x_wconf 86' lang='lat' dir='ltr'><strong>admirans</strong></span> <span class='ocrx_word' id='word_1_355' title='bbox 459 2634 672 2678; x_wconf 83' lang='lat' dir='ltr'><strong>„quonam,⁷&#39;</strong></span> <span class='ocrx_word' id='word_1_356' title='bbox 702 2634 839 2678; x_wconf 85' lang='lat' dir='ltr'><strong>inquit,</strong></span> <span class='ocrx_word' id='word_1_357' title='bbox 866 2641 995 2680; x_wconf 84' lang='lat' dir='ltr'><strong>„pacto</strong></span> <span class='ocrx_word' id='word_1_358' title='bbox 1021 2635 1058 2667; x_wconf 91' lang='lat' dir='ltr'><strong>in</strong></span> <span class='ocrx_word' id='word_1_359' title='bbox 1074 2634 1153 2667; x_wconf 86' lang='lat' dir='ltr'><strong>alvo</strong></span> <span class='ocrx_word' id='word_1_360' title='bbox 1178 2639 1337 2667; x_wconf 83' lang='lat' dir='ltr'><strong>materna</strong></span> <span class='ocrx_word' id='word_1_361' title='bbox 1365 2633 1539 2667; x_wconf 86' lang='lat' dir='ltr'><strong>formatur</strong></span> <span class='ocrx_word' id='word_1_362' title='bbox 1555 2632 1693 2668; x_wconf 75' lang='lat' dir='ltr'><strong>homo?</strong></span> 
     </span>
     <span class='ocr_line' id='line_1_42' title="bbox 256 2677 1693 2720; baseline 0.004 -13"><span class='ocrx_word' id='word_1_363' title='bbox 256 2677 320 2720; x_wconf 83' lang='lat' dir='ltr'><strong>qui</strong></span> <span class='ocrx_word' id='word_1_364' title='bbox 348 2677 465 2710; x_wconf 85' lang='lat' dir='ltr'><strong>subito</strong></span> <span class='ocrx_word' id='word_1_365' title='bbox 491 2680 607 2712; x_wconf 85' lang='lat' dir='ltr'><strong>anima</strong></span> <span class='ocrx_word' id='word_1_366' title='bbox 624 2679 781 2713; x_wconf 87' lang='lat' dir='ltr'><strong>divinam</strong></span> <span class='ocrx_word' id='word_1_367' title='bbox 805 2682 1078 2715; x_wconf 86' lang='lat' dir='ltr'><strong>similitudinem</strong></span> <span class='ocrx_word' id='word_1_368' title='bbox 1097 2681 1253 2714; x_wconf 82' lang='lat' dir='ltr'><strong>referens</strong></span> <span class='ocrx_word' id='word_1_369' title='bbox 1271 2681 1392 2714; x_wconf 83' lang='lat' dir='ltr'><strong>existit</strong></span> <span class='ocrx_word' id='word_1_370' title='bbox 1414 2692 1486 2714; x_wconf 87' lang='lat' dir='ltr'><strong>una</strong></span> <span class='ocrx_word' id='word_1_371' title='bbox 1509 2692 1587 2714; x_wconf 86' lang='lat' dir='ltr'><strong>cum</strong></span> <span class='ocrx_word' id='word_1_372' title='bbox 1613 2690 1693 2714; x_wconf 83' lang='lat' dir='ltr'><strong>cor-</strong></span> 
     </span>
     <span class='ocr_line' id='line_1_43' title="bbox 255 2722 1692 2774; baseline 0.003 -20"><span class='ocrx_word' id='word_1_373' title='bbox 255 2733 342 2766; x_wconf 85' lang='lat' dir='ltr'><strong>pore</strong></span> <span class='ocrx_word' id='word_1_374' title='bbox 354 2722 389 2756; x_wconf 80' lang='lat'><strong>?”</strong></span> <span class='ocrx_word' id='word_1_375' title='bbox 419 2726 480 2768; x_wconf 89' lang='lat' dir='ltr'><strong>qui</strong></span> <span class='ocrx_word' id='word_1_376' title='bbox 509 2727 662 2760; x_wconf 84' lang='lat' dir='ltr'><strong>extraria</strong></span> <span class='ocrx_word' id='word_1_377' title='bbox 687 2733 800 2760; x_wconf 85' lang='lat' dir='ltr'><strong>semet</strong></span> <span class='ocrx_word' id='word_1_378' title='bbox 824 2731 978 2762; x_wconf 83' lang='lat' dir='ltr'><strong>efferunt</strong></span> <span class='ocrx_word' id='word_1_379' title='bbox 1004 2728 1199 2774; x_wconf 85' lang='lat' dir='ltr'><strong>sapientia,</strong></span> <span class='ocrx_word' id='word_1_380' title='bbox 1224 2739 1301 2760; x_wconf 89' lang='lat' dir='ltr'><strong>cum</strong></span> <span class='ocrx_word' id='word_1_381' title='bbox 1322 2728 1550 2761; x_wconf 86' lang='lat' dir='ltr'><strong>formatorem</strong></span> <span class='ocrx_word' id='word_1_382' title='bbox 1573 2726 1692 2760; x_wconf 83' lang='lat' dir='ltr'><strong>homi-</strong></span> 
     </span>
     <span class='ocr_line' id='line_1_44' title="bbox 255 2770 1691 2822; baseline 0.003 -21"><span class='ocrx_word' id='word_1_383' title='bbox 255 2770 311 2802; x_wconf 75' lang='lat' dir='ltr'><strong>nis</strong></span> <span class='ocrx_word' id='word_1_384' title='bbox 343 2770 604 2814; x_wconf 81' lang='lat' dir='ltr'><strong>ignoraverint,</strong></span> <span class='ocrx_word' id='word_1_385' title='bbox 637 2774 747 2808; x_wconf 77' lang='lat' dir='ltr'><strong>etiam</strong></span> <span class='ocrx_word' id='word_1_386' title='bbox 785 2777 985 2810; x_wconf 85' lang='lat' dir='ltr'><strong>necessario</strong></span> <span class='ocrx_word' id='word_1_387' title='bbox 1020 2776 1058 2811; x_wconf 83' lang='lat' dir='ltr'><strong>in</strong></span> <span class='ocrx_word' id='word_1_388' title='bbox 1094 2775 1171 2822; x_wconf 88' lang='lat' dir='ltr'><strong>ipsa</strong></span> <span class='ocrx_word' id='word_1_389' title='bbox 1196 2775 1272 2808; x_wconf 79' lang='lat' dir='ltr'><strong>eius</strong></span> <span class='ocrx_word' id='word_1_390' title='bbox 1306 2775 1521 2809; x_wconf 84' lang='lat' dir='ltr'><strong>formatione</strong></span> <span class='ocrx_word' id='word_1_391' title='bbox 1547 2773 1691 2808; x_wconf 75' lang='lat' dir='ltr'><strong>aberra-</strong></span> 
     </span>
    </p>
   </div>
  </div>
 </body>
</html>
