1826 3120
587 130 869 171 ANNALmM
912 128 1047 171 PARS
1091 131 1122 169 ι.
1471 125 1488 160 ι
1501 125 1565 179 9¹

118 236 311 288 λέγουσιν
346 230 490 287 »εἴπερ
537 227 629 289 ᾔδει
659 231 680 273 ὃ
713 230 814 281 θεὸς
846 231 920 275 τὸν
945 229 1085 284 Ἀδὰμ
1122 229 1198 286 τὴν
1224 229 1392 285 ἐντολήν
1420 244 1464 272 τε
1491 246 1574 271 πα.-

119 301 376 355 ραβαίνοντα
416 300 488 340 καί
525 300 602 341 τοῦ
642 298 906 353 παραδείσου
952 299 1179 353 τηνικαῦτα
1222 295 1492 348 ἐκπίπτοντα,
1533 298 1581 337 τί

120 363 277 421 δήποτε
306 362 549 420 παρήγαγεν
578 363 730 417 αὗτόνς
758 360 787 419 ἢ
817 363 896 419 γὰρ
942 363 1024 406 ἔδει
1052 363 1111 418 ,ιιὴ
1140 368 1396 419 παραγαγεῖν
1423 360 1573 415 αἰτόν,

119 428 148 487 ἢ
175 434 453 488 παραχθέντα
483 433 670 473 κωλῦσαι
696 433 768 486 τῆς
795 430 1135 485 οἷπηγορευμένης
1157 431 1312 485 ἐκείνης
1331 427 1627 483 βρώσεωςῧᾪ.
1644 437 1688 481 78

84 494 228 554 ὄᾶφες
257 496 432 551 αὐτούς,
471 495 555 552 εἴγε
601 496 654 540 τὰ
682 499 856 539 τοιαῦτα
897 497 1130 552 φρονοῦσι,
1165 499 1315 538 πείθου
1345 497 1392 538 δὲ
1416 496 1576 549 μᾶλλον

119 566 179 622 τῷ
220 562 422 623 θειοτάτῳ
454 567 492 606 Γ
494 563 672 621 ρηγορίῳ
715 564 771 620 τῷ
800 561 978 617 Νύσσης
1026 560 1136 606 οὕτω
1180 564 1338 617 λέγοντι
1379 558 1470 617 »ὅτι
1499 563 1578 616 μὲν

118 631 424 688 ἐκτραπήσεται
457 632 534 673 τοῦ
561 631 727 685 α’γαθοῦ
752 628 797 670 τὸ
830 628 1116 684 α’νθρώπινον,
1144 630 1218 671 οὐκ
1248 627 1447 684 ἠγνόησεν
1475 625 1496 670 ὅ
1526 627 1578 671 τοὶ

119 697 254 740 πάντα
283 696 406 746 εἰδώς
432 697 541 747 θεός.
600 696 674 737 οὗκ
705 694 888 738 ἐκώλυσε
931 696 992 737 δέ·
1053 693 1194 748 ὥσπερ
1221 694 1301 750 γαρ
1329 694 1407 750 τήν
1439 713 1579 751 παρα-

117 762 274 820 τροπην
302 762 538 816 ἐθεάσατο,
567 760 676 805 οὕτω
706 761 781 818 τὴν
811 762 1036 818 α’νάκλησιν
1065 761 1201 804 αὐτοῦ
1222 761 1345 816 πάλιν
1374 759 1449 818 τήν
1478 761 1620 818 πρὸςΟ

16 861 22 867 ⁴
62 847 109 873 10
122 829 166 873 τὸ
196 829 362 886 ἆγαθὸν
387 829 626 885 κατενόησε.
681 830 729 871 τί
757 823 856 881 miv,-
886 825 1058 882 ἄμεινον
1088 824 1140 885 ἧν
1168 828 1356 872 καθόλου
1385 827 1444 884 μη
1477 831 1581 884 α’γα-

118 903 208 954 γεῖν
233 896 309 953 τὴν
336 894 469 954 φύσιν
496 897 615 951 ἡμῶν
641 898 700 945 εἰς
729 898 912 950 γένεσιν,
946 894 1089 950 ἐπειδὴ
1128 898 1204 938 τοῦ
1240 898 1373 939 καλοῦ
1398 897 1582 951 διαμαρ-

120 963 243 1008 τόντα
271 965 458 1018 προέγνω
484 962 555 1005 τὸν
584 959 832 1016 ἄνθρωπον,
871 959 900 1017 ἢ
928 965 1206 1018 παραχθέντα
1236 963 1309 1004 καί
1334 962 1583 1017 νενοσηκότα

118 1030 246 1073 πάλιν
275 1028 381 1084 πρὸς
406 1028 484 1085 τήν
512 1031 556 1079 ἐξ
578 1031 714 1084 α’ρχῆς
742 1026 871 1085 χάριν
911 1027 980 1071 διὰ
1010 1031 1236 1083 μετανοίας
1263 1030 1580 1071 ἐπανακαλέσα·

119 1101 251 1150 σθαι,·
281 1093 443 1146 πάντως
468 1094 513 1138 τὸ
548 1094 760 1151 δεύτερον.
816 1091 954 1145 ἄλλως
982 1112 1026 1137 τε
1056 1095 1127 1138 διὰ
1154 1094 1230 1151 την
1258 1096 1392 1138 αὐτοῦ
1421 1093 1584 1150 ἀγαθό-

61 1163 219 1221 ιότητα
248 1169 507 1219 παραγαγεῖν
549 1162 571 1205 ὅ
601 1162 703 1212 θεὸς
733 1163 915 1218 ἠθέλησε
943 1161 988 1204 τὸ
1022 1163 1314 1218 ἀνθρώπινον,
1353 1160 1583 1216 ὁμολογου-

118 1233 255 1284 μένως
285 1231 331 1272 δὲ
377 1231 544 1284 προεῖδε
580 1229 653 1270 καί
692 1228 767 1284 τὴν
796 1230 1073 1284 γενησομένην
1107 1231 1244 1271 αὕτοῦ
1272 1228 1580 1284 παρεκτροπήν.

121 1295 237 1351 εἴπερ
282 1291 359 1338 οὖν
400 1296 450 1336 οὐ
502 1294 715 1350 παρήγαγε
749 1294 819 1336 διά
848 1298 970 1337 τοῦτο
1000 1295 1073 1337 τὸν
1102 1291 1327 1350 ἄιθρωπον
1346 1328 1357 1349 ,
1387 1298 1501 1337 ἐνίκα
1535 1298 1584 1338 δὲ

122 1361 268 1406 λοιπόν
297 1362 322 1417 ἦ
353 1362 479 1404 κακία
507 1361 649 1416 ἡμῶν,
683 1359 739 1410 ὥς
766 1359 786 1402 ὅ
816 1361 1098 1416 Δαμασκηνὸς
1127 1360 1319 1417 Ἰωάννης
1350 1362 1479 1417 φησί,
1506 1361 1628 1416 τὴνΙ)

122 1427 365 1485 ἀγαθότητα
398 1430 475 1470 τοῦ
502 1431 616 1469 θεοῦ.
652 1427 784 1469 πάντα
816 1428 894 1481 μὲν
923 1422 997 1469 οὖν
1026 1427 1133 1470 καλοὶ
1165 1435 1285 1470 ποιεῖ
1307 1427 1328 1470 ὁ
1358 1427 1470 1481 θεός,
1507 1425 1585 1471 ὅσα

58 1511 110 1538 20
125 1495 175 1552 δὴ
196 1498 268 1538 καί
295 1500 417 1547 ποιεῖ’,
447 1497 616 1543 ἕκαστος
639 1496 685 1536 δὲ
703 1494 823 1549 ἡμῶν
846 1493 888 1545 ἐξ
916 1495 1071 1544 οἰκείας
1103 1497 1388 1549 προαιρέσεως
1406 1497 1585 1538 ἐκκλίνει

124 1561 230 1618 πρός
257 1578 302 1617 γε
332 1559 376 1604 τὸ
408 1559 538 1603 καλὸν
567 1557 596 1615 ἢ
624 1559 671 1602 τὸ
703 1558 845 1602 κακόν.
876 1561 917 1602 εἰ
947 1561 1028 1616 γὰρ
1062 1562 1136 1603 καί
1163 1564 1396 1617 ,,συνε’φερε
1426 1563 1482 1618 τῷ
1510 1562 1585 1603 (ἰν-

126 1629 284 1686 θρώπῳ
304 1629 344 1670 εἰ
371 1628 446 1668 οὐκ
474 1626 703 1682 ἑγεννήθη·”
730 1627 858 1683 φησίν
887 1626 910 1668 ὅ
938 1625 1094 1684 κύριος,
1125 1627 1220 1670 ἀλλ’
1248 1629 1299 1670 ου’
1326 1626 1400 1685 την
1429 1630 1586 1671 οἰκείαν

125 1831 366 1860 transversum
414 1823 471 1868 agi
516 1828 555 1856 te
606 1823 652 1855 ab
697 1824 742 1856 iis
783 1825 919 1869 patitor
954 1826 1018 1870 qui
1061 1825 1268 1858 huiusmodi
1308 1827 1519 1871 proferunt:
1555 1829 1584 1862 si

125 1877 231 1906 norat
264 1871 353 1904 deus
388 1870 565 1903 Adamum
600 1870 771 1904 mandato
790 1883 863 1904 non
895 1873 1095 1916 pariturum
1127 1872 1284 1918 ideoque
1324 1874 1491 1918 paradiso
1515 1875 1586 1908 eii-

126 1919 319 1960 ciendum,
361 1917 596 1962 quamobrem
641 1919 756 1962 ipsum
795 1918 991 1952 condidit?
1050 1920 1183 1952 etenim
1214 1920 1272 1956 vel
1310 1931 1389 1953 eum
1427 1922 1585 1956 condere

126 1979 200 2002 non
230 1965 408 2007 debebat,
448 1965 506 1998 vel
543 1964 738 2009 prohibere
772 1977 818 1998 ne
857 1966 1024 1999 conditus
1056 1966 1174 1999 cibum
1216 1967 1320 2000 illum
1345 1972 1498 2002 vetitum
1529 1976 1586 2004 at-

127 2016 294 2059 tingeret.
333 2013 396 2045 has
437 2012 628 2057 opiniones
670 2013 733 2057 qni
771 2019 992 2058 sequuntur,
1029 2014 1154 2047 missos
1191 2015 1313 2057 facito,
1343 2028 1383 2049 ac
1409 2018 1584 2062 Gregorio

128 2063 250 2108 potius
285 2060 421 2104 Nyssae
468 2059 625 2104 praesuli
677 2060 783 2093 fidem
824 2060 1022 2101 adhibeto,
1065 2062 1165 2094 cuius
1209 2061 1298 2095 haec
1340 2064 1450 2097 verba
1488 2071 1584 2099 sunt.

130 2109 218 2143 deus
258 2108 322 2141 ille
361 2107 424 2152 qui
461 2107 581 2139 omnia
624 2108 749 2148 novit,
788 2107 887 2141 haud
931 2107 1122 2152 ignorabat
1160 2119 1179 2142 e
1221 2110 1319 2143 bono
1360 2113 1586 2146 exorbitatu-

130 2168 205 2190 rum
240 2155 441 2197 hominem3
480 2165 599 2199 neque
639 2160 759 2188 tamen
795 2154 865 2188 hoc
901 2155 1100 2200 impedivit.
1143 2157 1446 2201 quemadmodum
1487 2162 1585 2195 enim

130 2204 433 2237 exorbitationem
468 2201 738 2247 prospiciebat,
777 2203 826 2235 sic
866 2207 902 2235 et
947 2204 1209 2236 revocationem
1245 2206 1322 2238 eius
1365 2206 1411 2240 ad
1447 2208 1585 2242 bonum

132 2251 310 2296 cognitam
339 2249 509 2282 habebat.
539 2249 628 2294 quid
655 2249 761 2294 ergo?
787 2250 1041 2294 praestabatne
1061 2262 1204 2296 prorsus
1229 2259 1394 2287 naturam
1424 2261 1585 2290 nostram

131 2299 170 2332 iu
195 2305 312 2332 ortum
341 2309 414 2330 non
441 2296 662 2341 producere,
690 2297 836 2343 quando
865 2303 971 2331 norat
989 2297 1169 2331 hominem
1196 2298 1284 2333 deus
1310 2312 1328 2333 a
1355 2301 1451 2335 bono
1478 2303 1586 2336 aber-

132 2351 312 2379 raturum:
350 2356 396 2378 an
430 2344 617 2377 conditum
650 2351 686 2378 et
720 2346 757 2377 in
781 2345 945 2378 morbum
970 2346 1175 2391 prolapsum
1211 2359 1330 2381 rursus
1358 2349 1403 2382 ad
1432 2351 1585 2395 primam

133 2393 280 2438 gratiam
306 2403 370 2437 per
394 2392 659 2437 poenitentiam
688 2393 882 2426 revocare?
918 2393 1191 2438 praeferendum
1223 2396 1369 2430 omnino
1396 2397 1466 2431 hoc
1493 2399 1586 2432 alte-

135 2451 230 2482 rum,
253 2440 463 2485 praesertim
490 2451 569 2471 cum
596 2445 739 2473 constet
763 2439 870 2473 deum
896 2440 1053 2474 voluisse
1080 2453 1166 2475 suae
1189 2442 1364 2477 bonitatis
1392 2457 1497 2478 causa
1524 2457 1587 2489 ge-

133 2498 202 2520 nus
226 2487 421 2520 humanum
447 2487 485 2519 in
511 2492 629 2520 ortum
655 2487 875 2532 producere,
902 2489 1064 2533 quamvis
1089 2490 1124 2522 in
1154 2491 1315 2523 confesso
1342 2492 1388 2524 sit
1413 2503 1494 2525 eum
1521 2493 1587 2526 de-

136 2533 325 2567 flexionem
351 2545 499 2579 quoque
523 2534 679 2567 hominis
703 2547 723 2567 a
748 2547 852 2568 cursu
882 2541 979 2568 recto
1004 2536 1234 2581 praevidisse.
1259 2539 1390 2583 quodsi
1420 2539 1513 2573 hanc
1537 2541 1584 2574 ob

136 2592 276 2614 causam
307 2582 485 2615 hominem
517 2581 708 2623 condidit,
748 2583 913 2627 sequitur
939 2582 984 2616 de
1011 2583 1178 2618 Iohannis
1204 2586 1418 2618 Damasceni
1440 2593 1580 2621 senten-

136 2629 189 2661 tia
217 2627 415 2662 bonitatem
449 2628 606 2662 divinam
650 2640 669 2660 a
701 2630 879 2675 pravitate
916 2636 1036 2664 nostra
1061 2632 1189 2665 victam
1214 2644 1302 2666 esse.
1334 2633 1470 2679 quippe
1496 2635 1586 2668 deus

138 2675 279 2716 omnia,
312 2687 406 2721 quae
445 2676 554 2716 facit,
582 2675 677 2708 bona
714 2677 822 2717 facit,
859 2688 938 2710 cum
969 2684 1128 2712 nostrum
1162 2679 1319 2724 quilibet
1344 2680 1520 2716 arbitratu
1549 2687 1586 2716 et

139 2722 317 2755 electione
355 2723 500 2769 propria
536 2724 594 2755 vel
619 2723 663 2756 ad
687 2723 818 2757 bonum
855 2725 913 2757 vel
939 2725 985 2758 ad
1008 2727 1138 2759 malum
1168 2726 1347 2761 deflectat.
1375 2740 1584 2776 quanquam
