1826 3120
572 164 855 205 ANNALHJM
897 164 1031 206 PARS
1072 166 1142 204 iv.
1439 149 1557 215 483

219 261 349 307 Μετὰ
378 265 424 306 δὲ
453 261 676 318 Ἀρκάδων
710 265 956 319 ἐβασίλευσε
989 264 1217 316 Θεοδόσιος
1245 263 1267 307 ὁ
1290 264 1384 316 υἱός
1409 262 1600 322 adraim

110 332 133 375 ὅ
163 331 237 375 καὶ
263 329 562 386 καλλιγράφος,
590 329 660 387 ἔτη
689 329 771 386 μβ’.
830 327 954 382 οὗτος
981 332 1165 384 ἐξελθών
1192 331 1459 390 ἱππασθῆναι
1489 336 1564 377 καί

108 395 335 452 συμπεσών
378 399 437 454 τῷ
477 399 588 455 ἵππῳ
631 400 704 440 τὸν
734 399 827 452 βίον
868 401 1057 450 τελευτᾷ.
1127 395 1251 449 οὗτος
1289 397 1363 441 τόν
1406 402 1450 442 ἐν
1476 407 1562 452 τοῖς

109 465 469 518 Χαλκοπρατειόις
494 466 564 519 τῆς
592 465 794 506 θεοτόκου
822 462 923 506 ναὸν
949 463 1101 520 ἔκτισε,
1120 465 1323 520 πρότερον
1345 483 1442 508 οντα
1462 483 1565 510 συν-

71 530 275 587 5αγωγὴν
300 529 539 576 Ἰουδαίων
572 529 679 572 α’λλοὶ
715 532 787 572 καί
815 527 861 572 τό
887 536 1023 585 τεῖχος
1044 533 1120 586 τῆς
1146 531 1306 582 πόλεως
1333 534 1566 589 παρεξέβα-

106 602 192 641 λεν.
225 598 293 654 ἐφ’
325 598 374 638 οὗ
399 595 568 650 σεισμὸς
594 598 725 650 μέγας
753 598 931 651 ἐγένετο,
961 595 1070 639 ω’στε
1098 603 1240 641 πεσεῖν
1262 598 1315 641 τὰ
1343 602 1463 655 τείχη
1492 602 1567 654 τῆς

107 663 267 714 πόλεως
304 680 373 705 και
413 662 518 704 πολὺ
544 665 672 718 μέρος
701 659 846 718 αυτῆς.
905 662 1124 718 ἐπεκράτει
1152 666 1199 707 δὲ
1227 665 1250 706 ό
1293 665 1468 719 σεισμὸς
1496 683 1567 708 και

107 729 213 774 κατὰ
243 733 381 772 πᾶσαν
401 730 550 784 χώραν
586 732 724 784 μῆνας
752 736 875 784 τρεῖς.
931 728 1025 772 τότε
1055 729 1105 786 δὴ
1135 729 1228 774 τότε
1254 735 1329 784 τοῦ
1360 732 1569 789 πατριάρ-

108 811 190 850 χου
221 795 425 851 Πρόκλου
449 799 521 838 καί
554 796 683 838 αὐτοῦ
710 798 785 838 τοῦ
802 799 1011 850 βασιλέως
1032 797 1301 840 α’νυποὸἐτων
1329 799 1568 841 λιτανευόν-

48 879 212 917 zormu,
252 865 407 918 συνέβη
447 864 617 904 παιδίον
661 862 903 918 ἁρπαγῆναι
941 866 1014 906 καί
1050 862 1123 906 τὸν
1171 862 1390 921 τρισάγιον
1431 863 1610 919 ὕμνονι)

106 931 354 985 μυηθῆναι,
383 927 456 971 καί
484 924 592 970 οὕτω
622 929 700 982 τὴν
727 931 849 971 θείαν
867 931 1016 985 στῆναι
1046 926 1182 984 ὀργήν.
1239 929 1329 973 ’ἑότε
1356 934 1431 974 καί
1454 933 1567 974 Ἰου-

107 997 227 1045 δαῖος
254 992 492 1051 παράλυτος
517 995 768 1048 βαπτισθεὶς
797 994 919 1050 ὑγιής
952 993 1127 1052 εὑρέθη.
1185 994 1208 1039 ὅ
1233 999 1377 1050 μέντοι
1417 1000 1566 1055 ὃιαλη..

108 1063 236 1118 φθείς
262 1058 532 1116 πατριάρχης
544 1060 742 1116 Πρόκλος
773 1063 818 1103 ἐν
833 1061 1005 1120 Κυζίκῳ
1031 1069 1336 1118 χειροτονεῖται
1365 1064 1568 1121 πρότερον

108 1126 183 1169 καὶ
206 1125 266 1182 μή
295 1127 464 1181 ὃεχθείς
500 1127 614 1182 παρὰ
657 1129 743 1169 τῶν
772 1130 906 1170 ἐκεῖσε
948 1134 1251 1182 χειροτονεῖται
1282 1132 1483 1174 ἐνταῦθα.
1542 1132 1568 1173 ὅ

46 1198 94 1242 15
109 1195 156 1236 δὲ
183 1192 393 1249 δυσσεβὴς
424 1193 656 1248 Νεστόριος
699 1193 779 1235 σόν
826 1196 870 1245 ἓξ
898 1192 1134 1251 ὅμόφροσιν
1174 1196 1309 1238 αὐτοῦ
1336 1195 1474 1252 ἔλεγεν
1503 1194 1568 1240 ὅτι

109 1261 329 1316 διμηναῖον
357 1260 429 1301 καὶ
456 1265 704 1315 τριμηναῖον
734 1260 784 1301 οὐ
825 1260 1007 1312 δύναμαι
1033 1263 1168 1316 λέγειν
1196 1260 1312 1305 θεόν.
1370 1261 1568 1319 Ἰωάννης

108 1329 157 1370 δὲ
186 1325 208 1368 ὃ
233 1327 491 1381 Ἀντιοχείας
526 1325 632 1380 μετὰ
662 1324 740 1382 τήν
781 1328 859 1368 τοῦ
888 1327 1124 1380 Νεστορίου
1154 1331 1406 1382 καθαίρεσιν
1437 1346 1567 1372 κατα-

109 1390 272 1448 λαβών,
301 1394 376 1434 καί
406 1395 612 1447 λυπηθείς
640 1390 705 1435 ὅτι
730 1390 863 1449 χ’ωρίς
891 1393 1029 1434 αὐτοῦ
1054 1396 1275 1451 καθῃρέθη
1306 1395 1567 1451 Νεστόριος,

107 1457 369 1515 παραλαβών
408 1457 510 1508 τούς
538 1457 619 1501 σὺν
646 1458 765 1517 αὐτῷ
794 1459 1078 1513 ἐπισκόπους,
1124 1462 1170 1503 ἐν
1203 1457 1266 1510 οἷς
1294 1460 1368 1502 καί
1397 1462 1566 1503 Θεοὸώ-
1580 1474 1615 1509 Ρ,
1633 1476 1697 1510 261

43 1541 234 1581 ηορητος
275 1526 428 1580 Κύρου
473 1523 546 1568 καὶ
561 1519 678 1578 ’Ἰβας
722 1524 745 1567 ὃ
780 1526 997 1582 Ἐδέσσης,
1031 1524 1281 1583 καθαίρεσιν
1305 1526 1566 1584 ὑπαγορεύει

108 1595 188 1634 τοῦ
212 1591 400 1647 μεγάλου
428 1594 667 1648 Κυριλλου.

202 1726 323 1759 Rebus
349 1732 468 1759 autem
492 1726 658 1759 humanis
697 1731 863 1772 exempto
888 1726 1064 1768 Arcadio,
1091 1727 1185 1760 filius
1211 1727 1290 1760 eius
1317 1725 1564 1770 Theodosius,

109 1773 172 1818 qui
200 1773 245 1806 ab
272 1773 454 1818 elegantia
479 1775 694 1819 scripturae,
720 1785 789 1819 qua
813 1775 1054 1819 pulcherrime
1086 1774 1200 1807 libros
1233 1773 1420 1814 exarabat,
1454 1775 1564 1807 Calli-

108 1819 263 1866 graphus
301 1827 528 1866 nuncupatus
567 1821 656 1862 fuit,
694 1832 805 1854 annos
845 1823 888 1854 33
910 1820 1107 1866 imperavit.
1146 1833 1226 1854 cum
1251 1832 1344 1866 equo
1370 1832 1564 1855 conscenso

107 1867 336 1913 profecturus
364 1868 487 1914 aliquo
525 1868 642 1909 foret,
672 1876 742 1901 una
767 1879 846 1900 cum
870 1869 947 1913 ipso
978 1868 1158 1912 collapsus
1186 1879 1280 1913 equo
1307 1867 1456 1913 fatoque
1479 1868 1566 1902 fun-

106 1920 186 1949 ctus
213 1921 279 1948 est.
319 1915 488 1961 deiparae
513 1915 689 1960 templum
726 1916 765 1948 in
793 1915 1053 1960 Chalcopratiis
1095 1915 1288 1956 exstruxit,
1330 1914 1429 1960 quod
1455 1921 1564 1949 antea

89 1963 300 2007 collegium
322 1969 358 1996 et
382 1963 673 1996 conventiculum
698 1963 911 1996 Iudaeorum
937 1969 1024 1995 erat.
1046 1961 1170 1995 itidem
1195 1961 1293 1995 urbis
1318 1973 1457 1995 murum
1481 1963 1564 1997 lon-

107 2010 185 2055 gius
212 2010 388 2044 extendit.
426 2011 552 2055 ingens
579 2009 676 2043 sub'
666 2021 745 2055 ipso
781 2015 897 2043 terrae
920 2015 1039 2043 motus
1064 2009 1225 2051 exstitit,
1251 2021 1322 2065 quo
1347 2015 1384 2042 et
1405 2011 1498 2042 muri
1525 2015 1563 2044 et

106 2068 235 2102 magna
275 2069 357 2103 pars
393 2057 491 2091 urbis
528 2063 759 2097 corruerunt,
797 2057 949 2090 durante
983 2068 1047 2102 per
1087 2067 1228 2090 omnem
1252 2057 1412 2090 vicinum
1439 2067 1563 2101 agrum

104 2103 172 2138 hac
205 2106 436 2139 succussione
475 2106 546 2138 soli
572 2111 667 2138 totos
700 2109 772 2138 tres
796 2115 947 2138 menses.
984 2106 1110 2149 itaque
1143 2104 1346 2148 patriarcha
1374 2104 1502 2137 Proclo
1525 2108 1563 2139 et

106 2153 323 2196 imperatore
357 2153 583 2186 discalceatis
608 2151 891 2197 supplicationes
924 2150 1224 2192 instituentibus,
1251 2150 1382 2184 accidit
1406 2158 1447 2185 ut
1469 2163 1563 2196 puer

106 2198 252 2244 quidam
277 2199 501 2245 abriperetur
525 2201 563 2233 in
592 2204 672 2234 aera
702 2205 738 2232 et
762 2200 936 2232 rationem
953 2198 1077 2242 hymni
1101 2199 1313 2232 sanctissimi
1342 2199 1561 2232 concinendi

108 2246 339 2290 αἰπεινοῖσι-ς
366 2259 438 2293 quo
453 2248 548 2281 facto
582 2248 635 2280 ira
661 2246 782 2279 divina
815 2245 937 2280 sedata
962 2246 1042 2279 fuit.
1067 2245 1193 2279 eodem
1216 2251 1380 2292 tempore
1405 2245 1560 2279 Iudaeus

109 2294 255 2339 quidam
279 2295 521 2340 paralyticus,
558 2307 636 2328 cum
663 2293 879 2338 biptissatus
918 2299 1031 2334 esset,
1056 2294 1246 2327 sanitatem
1270 2294 1427 2338 corporis
1453 2304 1561 2325 recu-

109 2343 257 2386 peravit.
305 2342 448 2375 Procius
476 2342 539 2374 ille
565 2341 788 2387 patriarcha
815 2342 915 2373 cuius
939 2339 1046 2374 modo
1068 2341 1291 2374 mentionem
1315 2339 1558 2382 faciebamus,

113 2387 231 2431 Cyzici
253 2390 404 2434 primum
427 2391 615 2434 episcopus
643 2394 720 2422 erat
744 2388 966 2432 designatus;
999 2388 1101 2421 cuius
1130 2387 1174 2420 ab
1199 2388 1297 2422 urbis
1324 2387 1461 2422 civibus
1483 2398 1558 2420 non

113 2434 287 2469 admissus
310 2436 433 2482 Cpolis
457 2436 572 2470 factus
598 2442 651 2469 est
673 2436 833 2468 antistes.
858 2436 996 2469 exstitit
1018 2434 1073 2468 his
1099 2435 1184 2480 ipsis
1210 2436 1312 2469 annis
1335 2435 1466 2480 impius
1493 2434 1558 2466 ille

110 2481 317 2525 Nestorius,
353 2483 451 2529 quod
477 2495 555 2516 cum
578 2484 658 2516 aliis
686 2495 747 2515 sex
774 2483 954 2528 opinionis
988 2482 1212 2516 consortibus
1239 2482 1360 2516 aiebat
1385 2493 1424 2514 se
1448 2481 1559 2514 duum

109 2529 263 2563 triumve
301 2531 478 2564 mensium
516 2531 622 2563 deum
647 2531 798 2575 prohxre
835 2541 908 2562 non
933 2540 1048 2574 posse.
1086 2529 1144 2564 hic
1167 2530 1355 2563 Nestorius
1380 2540 1460 2561 cum
1485 2528 1558 2561 iam

111 2575 239 2610 ordine
267 2588 364 2611 sacro
393 2579 521 2611 fuisset
541 2585 677 2618 motus,
702 2577 879 2609 Iohannes
906 2576 1150 2610 Antiochenus
1180 2578 1369 2622 episcopus
1399 2575 1445 2608 ad
1469 2586 1558 2608 con-

110 2623 235 2657 cilium
258 2626 374 2666 venit,
402 2626 628 2670 graviterque
662 2626 818 2657 ostensus
847 2623 945 2669 quod
988 2624 1124 2670 absque
1159 2625 1372 2658 auctoritate
1396 2633 1459 2656 sua
1483 2623 1558 2656 Ne-

111 2670 241 2703 storius
273 2671 400 2706 ordine
438 2673 599 2706 deiectus
636 2672 774 2712 fuisset,
803 2670 982 2704 adiunctis
1016 2672 1084 2705 sibi
1113 2671 1330 2717 quibusdam
1355 2670 1555 2716 episcopis,

111 2727 202 2762 quos
227 2728 346 2752 secum
381 2718 565 2762 habebat,
600 2719 699 2753 etin
739 2719 783 2751 iis
811 2717 1035 2752 Theodorito
1070 2719 1238 2762 Cyrensi,
1263 2718 1445 2753 Edessena
1468 2716 1552 2759 Iba,

112 2776 276 2809 magnum
300 2766 401 2802 illum
426 2767 600 2812 Cyrillum
623 2766 704 2800 loco
729 2764 945 2802 movendum
963 2766 1193 2812 pronuntiat.
