1826 3120
719 117 1063 160 PROOEMIUM.
1522 119 1615 161 xm
1626 163 1629 166 Α

173 231 322 280 cuturo
341 253 352 274 ‚
380 221 479 262 libet
505 220 586 260 hoc
612 221 704 260 loco
745 220 1046 274 spectatoribus
1074 218 1249 260 hominis
1279 219 1427 260 Graeci
1455 226 1495 260 et
1523 235 1616 262 om...

172 293 269 332 nino
304 290 498 331 hactenus
526 287 751 341 incogniti,
797 285 898 340 quid
931 286 989 324 ius
1023 286 1195 325 civitatis
1234 284 1403 341 adeptus
1441 287 1618 328 vicissim

171 358 233 399 rei
260 356 449 412 publicae
479 355 633 403 fructus
666 366 712 394 ex
741 366 782 392 se
813 351 1059 406 promittat,
1087 367 1211 408 quam
1234 353 1469 395 brevissime
1497 361 1619 409 pote..

173 426 256 476 rit,
288 422 489 463 indicare.·
521 421 716 460 nimirum
742 419 925 472 agnoscit
961 420 1002 458 in
1047 420 1254 460 civitatem
1276 419 1436 461 admitti
1462 436 1504 462 se
1533 437 1618 462 non

174 491 324 531 debere
351 487 506 528 nudum
544 500 591 525 ac
621 486 808 539 inopem,
844 500 896 525 ne
933 485 1062 524 lustro
1104 492 1344 540 appetente,
1383 489 1619 530 censoribus

174 556 461 612 pervulgatum
499 551 600 592 illud
641 565 698 592 ex
724 551 853 596 animi
886 552 1081 600 sententia
1114 554 1414 606 praefantibus,
1461 562 1618 610 egesta..

174 630 258 664 tem
285 635 380 662 mox
413 621 498 674 ipse
525 634 638 658 suam
662 618 782 658 fateri
815 623 1014 671 cogatur,
1047 624 1089 657 et
1116 618 1209 658 loco
1238 626 1372 660 motus
1403 621 1467 662 vel
1501 637 1620 662 aera-

173 689 335 730 riorum
355 688 396 727 in
421 701 639 726 numerum
660 683 931 739 ordinemque
964 683 1093 738 redigi
1123 685 1187 725 vel
1217 688 1350 740 capite
1378 690 1533 729 censeri
1557 691 1622 731 vel

172 769 341 812 prorsus
370 755 460 795 iure
490 752 663 793 civitatis
683 751 881 802 excidere,
913 750 1026 806 quod
1055 750 1222 805 quidem
1244 754 1433 795 amittere
1461 757 1625 811 turpius

176 821 379 879 quam.ab
414 820 531 860 initio
554 833 638 860 non
669 819 918 873 impetrasse.
952 818 1223 873 quamobrem
1252 819 1380 859 diviso
1415 822 1456 861 in
1484 824 1623 864 triun-

176 904 239 931 ces
268 887 510 930 facultatum
531 885 651 927 huius
673 900 769 936 asse,
798 885 932 940 deque
951 884 996 924 iis
1019 885 1300 926 aestimatione
1323 887 1451 940 facta,
1480 890 1623 931 videa-

173 972 262 998 mus
292 971 342 996 an
372 956 414 995 in
443 969 609 996 censum
641 952 770 1007 redigi
802 952 941 1006 possit.
976 951 1166 992 universa
1187 953 1338 1008 Glycae
1369 963 1625 997 commenta-

177 1026 235 1065 tio
265 1029 465 1079 quattuor
504 1023 546 1061 in
594 1027 731 1075 partes
762 1026 820 1060 est
857 1019 1090 1060 distributa.
1137 1034 1279 1061 earum
1318 1022 1454 1075 prima
1484 1038 1626 1064 rerum

173 1092 314 1147 primis
343 1104 408 1131 sex
441 1088 582 1129 diebus
613 1089 662 1128 ab
693 1093 792 1127 ortu
814 1086 956 1127 mundi
979 1086 1240 1127 conditarum
1273 1091 1637 1132 enumerationem-

173 1158 432 1213 praeclaram
461 1156 671 1206 continet,
714 1154 898 1194 immistis
942 1154 1087 1208 passim
1119 1155 1275 1194 arcanis
1307 1161 1499 1209 naturae,
1529 1172 1626 1198 cum

179 1225 410 1266 admirabili
458 1222 719 1276 expositionis
759 1221 980 1272 varietate,
1012 1236 1115 1275 quae
1151 1221 1386 1275 religiosum
1417 1231 1458 1264 et
1485 1240 1630 1265 aman-

177 1299 261 1333 tem
291 1290 445 1346 opificii
471 1289 840 1344 providentiaeque
859 1287 1021 1328 divinae
1046 1287 1248 1329 lectorem
1265 1303 1349 1328 non
1378 1296 1514 1344 potest
1541 1306 1627 1331 non

176 1359 371 1414 singulari
390 1357 600 1411 voluptate
623 1354 798 1410 quadam
820 1354 1007 1397 adficere.
1034 1355 1210 1395 secunda
1223 1361 1456 1411 temporum
1480 1359 1629 1399 seriem

178 1428 227 1466 ab
259 1426 378 1464 initio
427 1423 571 1463 mundi
615 1436 742 1476 usque
787 1421 837 1460 ad
868 1420 1076 1460 Christum
1117 1436 1163 1461 ex
1208 1422 1398 1464 ecclesiae
1437 1423 1628 1464 doctrina

176 1492 401 1548 praecipue
429 1488 570 1537 tradit,
603 1494 644 1528 et
673 1488 756 1528 eius
788 1501 906 1526 causa
934 1488 998 1526 cui
1028 1487 1181 1527 librum
1212 1489 1441 1530 elaboravit
1470 1491 1628 1545 (appel-

177 1561 397 1599 lat'autem
437 1556 547 1595 hunc
587 1554 730 1603 filium)
776 1554 950 1607 plurima
979 1552 1029 1594 de
1073 1555 1194 1594 sacris
1226 1556 1444 1597 intertexit.
1475 1559 1630 1612 quippe

177 1627 412 1680 primorum
449 1622 722 1676 imperiorum
764 1626 847 1660 tam
888 1621 1004 1660 initia
1045 1636 1168 1675 quam
1210 1637 1447 1678 progressus
1492 1639 1539 1666 ex
1581 1627 1641 1666 iis-

181 1699 388 1746 tamquam
415 1690 536 1728 certis
565 1688 732 1728 testibus
761 1693 904 1742 petere
925 1687 1082 1739 maluit,
1112 1703 1205 1729 cum
1234 1689 1283 1729 de
1297 1690 1631 1732 Nabuchodono-

178 1773 294 1809 sore,
326 1757 376 1796 de
399 1755 536 1795 liberis
578 1755 661 1794 eius
691 1760 866 1808 totoque
901 1755 1161 1809 Assyriorum
1187 1756 1392 1810 imperio,
1426 1759 1629 1800 utvomit..

179 1831 264 1865 tam
302 1822 560 1877 antiquiora,
596 1834 806 1874 perpauca
850 1820 914 1860 vel
944 1820 1052 1859 nulla
1081 1821 1218 1874 potius
1247 1830 1480 1866 memoratu
1509 1825 1634 1881 digna,

179 1893 223 1932 in
246 1890 537 1943 extrariorum,
569 1901 672 1942 quos
698 1887 865 1940 gentiles
886 1886 1079 1938 dicimus,
1107 1889 1361 1942 scriptorum
1382 1905 1631 1934 monumen-

180 1960 231 1999 tis
259 1957 538 2011 reperiantur.
580 1954 636 1993 sic
683 1960 819 1994 autem
863 1953 964 1994 haec
993 1959 1143 1994 tractat
1181 1962 1227 1995 ut
1260 1957 1396 1998 obiter
1421 1957 1472 1999 de
1501 1974 1631 2014 quae-

180 2025 377 2066 stionibus
399 2023 566 2062 minime
586 2021 819 2075 vulgaribus
838 2020 1016 2072 disserat,
1047 2022 1177 2061 citatis
1197 2030 1414 2065 auctorum
1442 2027 1634 2080 gravissi..

181 2106 347 2132 morum
375 2088 637 2135 testimoniis;
669 2102 848 2142 quorum
880 2102 974 2128 cum
999 2102 1083 2129 non
1113 2091 1234 2143 pauci
1265 2091 1382 2132 nobis
1412 2093 1533 2148 plane
1551 2095 1635 2136 sint

182 2156 395 2211 incogniti,
426 2156 608 2209 pretium
639 2169 711 2194 nos
730 2168 882 2208 operae
908 2155 1088 2194 facturos
1120 2157 1456 2210 existimabamus,
1483 2161 1515 2200 si
1550 2177 1626 2202 an-

182 2223 384 2280 tiquitatis
411 2222 691 2262 studiosorum
712 2222 752 2260 in
774 2222 947 2274 gratiam
978 2221 1141 2262 illorum
1170 2225 1336 2264 nomina
1364 2227 1501 2268 statim
1530 2229 1629 2270 huic

181 2291 400 2346 prooemio
435 2289 743 2329 subiiceremus.
775 2294 817 2327 et
840 2288 994 2328 iudicat
1010 2290 1202 2343 profecto
1234 2291 1377 2347 Glycas
1411 2300 1552 2336 noster
1580 2296 1642 2338 dev

181 2357 362 2397 maximis
392 2357 510 2396 rebus
541 2355 650 2396 haud
680 2354 874 2406 absurde,
904 2356 1049 2410 quibus
1091 2357 1133 2396 in
1163 2358 1282 2398 rebus
1312 2366 1424 2401 recte
1460 2363 1644 2405 consor-¹

182 2431 293 2467 mata
319 2438 401 2463 esse
434 2437 481 2462 ac
509 2422 753 2477 praesertim
782 2421 948 2462 illorum
971 2422 1122 2464 iudicia
1141 2454 1153 2475 ‚
1184 2439 1367 2480 quorum
1399 2429 1523 2474 animi
1552 2445 1631 2484 per

185 2496 359 2532 aetatem
386 2489 519 2530 adhuc
548 2489 735 2529 nonnihil
765 2489 999 2529 caecutiunt
1019 2505 1094 2531 nec
1126 2506 1271 2532 verum
1289 2494 1504 2548 pervidere
1532 2511 1631 2551 pos..

185 2563 306 2608 sunt,
354 2557 579 2611 plurimum
624 2558 819 2606 interest,
865 2555 981 2596 verbi
1022 2558 1153 2611 gratia
1199 2558 1248 2599 de
1283 2560 1632 2614 praedictionibus

188 2623 440 2677 astrologicis
459 2655 470 2673 ‚
511 2622 560 2663 de
588 2624 630 2663 vi
659 2622 864 2673 siderum,
895 2638 944 2662 an
975 2638 1022 2663 ea
1049 2630 1201 2664 mentes
1229 2625 1444 2668 hominum
1472 2637 1630 2684 regant,

188 2690 239 2731 de
270 2691 509 2730 monstrosis
551 2690 701 2730 fetibus
723 2720 734 2742 ,
763 2689 811 2728 ‹le
841 2688 1182 2740 divinationibus,
1225 2692 1274 2734 ‹le
1302 2694 1410 2744 fato,
1438 2695 1486 2735 de
1515 2697 1632 2738 bonis
