1826 3120
580 173 863 217 mmmmm
905 175 1040 217 mus
1081 176 1135 217 ιι.
1464 153 1580 212 355

121 283 192 319 toi·
220 274 443 330 βασιλικῆς
482 269 647 330 ἠξιώθη
673 275 826 331 ταφῆς.
899 271 1071 332 ἀληθῶς
1101 273 1284 334 φοβερὸν
1307 273 1354 318 τὸ
1387 275 1585 329 ἐμπεσεῖν

121 343 184 392 εἰς
208 347 357 396 χεῖρας
385 343 494 382 θεοῦ·
525 341 689 392 ζῶντος.

234 405 363 451 Μετὰ
393 408 540 449 τοῦτον
569 407 762 460 Ὀχοζίας
803 406 992 462 ζηλωτής
1019 405 1092 449 καὶ
1118 406 1248 459 αὕτὸς
1278 409 1355 463 τῆς
1381 408 1589 464 πατρικῆς

123 474 336 529 ’ἀσεβείας
405 474 729 516 ἀποστέλλονται
772 475 916 515 τοίνυν
944 472 1052 527 πρὸς
1079 472 1150 517 τὸν
1176 476 1309 530 μέγαν
1335 475 1481 517 Ἠλίαν
1507 474 1586 515 δύο

91 541 480 597 5πεντηκόνταρχοι
517 539 626 593 μετὰ
663 539 942 595 σοβαρότητος
981 543 1206 591 καλοῦντες
1245 539 1378 583 αὐτὸν
1419 539 1490 583 ἐπὶ
1530 540 1591 598 τῷ
1629 592 1631 594 q

122 608 389 663 ἐρωτηθῆναι
416 608 490 660 τῆς
518 604 645 648 νόσου
681 608 758 648 τοῦ
784 605 993 660 βασιλέως
1021 607 1181 649 ἕνεκεν·
1240 609 1312 663 ἐφ’
1339 601 1375 667 ᾦ
1401 607 1476 649 καί
1500 608 1587 661 πῦρ

124 672 375 728 καταγαγών
422 668 588 715 ἄνωθεν
636 672 892 715 κατέκαυσεν
934 672 1108 723 αὐτούς.
1185 675 1278 715 ἀλλ’
1322 674 1508 716 ἐνταῦθα
1548 671 1589 714 οἱ

123 738 324 795 ὠμότητα
350 741 426 781 τοῦ
447 735 670 795 προφήτου
693 740 1019 794 κατηγοροῦντες
1045 736 1182 782 αὐτοῦ
1210 742 1487 796 κατηγοροῦσι
1513 740 1589 782 τοῦ
1601 743 1629 778 C

120 808 253 848 θεοῦ·
313 807 370 848 δι’
395 806 533 847 αὐτοῦ
562 803 644 861 γὰρ
674 804 725 847 τοὶ
753 804 908 847 πάντα.
967 807 1184 848 στέλλεται
1213 802 1289 849 οὖν
1316 799 1459 862 ’τρίτος
1490 822 1590 848 πεν-

61 869 429 929 ιοτηκόνταρχος,
471 872 545 914 καί
596 871 740 927 ἤπίοις
783 869 922 926 λόγοις
956 871 1225 927 χρησάμενος
1264 871 1340 929 τήν
1379 877 1590 928 τιμωρίαν

122 941 335 996 διέφυγεν.
392 938 701 992 κατερχόμενος
731 931 806 979 οὖν
834 941 910 980 καί
928 940 1191 995 συναντήσας
1217 945 1305 991 τοῖς
1334 940 1591 983 ἀποσταλεῖ-

120 1019 194 1050 σιν
216 1007 290 1050 ἐπὶ
319 1003 369 1048 τὰ
403 1003 563 1047 εἴδωλα
594 1001 685 1046 εἶπε
715 1004 860 1060 ,,παρά
891 1004 936 1047 τὸ
963 1005 1025 1061 μή
1057 1002 1165 1048 εἶναι
1195 1006 1300 1048 θεὸν
1330 1009 1375 1050 ἐν
1389 1006 1588 1063 Ἰσραήλ,

120 1072 282 1130 πορεύῃ
330 1073 509 1128 ζητῆσαι
543 1078 678 1126 μυῖαν
725 1071 827 1114 θεὸν
851 1072 1070 1128 Ἀκαρῶνς
1107 1074 1133 1129 ἦ
1164 1075 1282 1130 κλίνη
1312 1076 1381 1131 ἐφ’
1412 1069 1462 1130 ἧς
1492 1076 1590 1116 α’νέ-
1620 1110 1622 1113 .

120 1142 228 1196 βης,
258 1139 311 1180 ου’
339 1137 597 1195 καταβήσῃ.”
635 1149 636 1152 ’
665 1136 850 1181 ἴστωσαν
878 1135 955 1181 οὖν
983 1141 1183 1182 ἐντεῦθεν
1211 1140 1285 1198 οἵῳ
1312 1143 1488 1196 κριζιιατι
1515 1156 1592 1182 πε-

62 1215 110 1256 15
125 1209 395 1262 ριπίπτόυσι,
425 1204 500 1247 καί
526 1201 642 1254 ὅπως
671 1204 922 1259 ἀγανακτεῖν
959 1204 1337 1261 παρασκευάζουσι
1365 1205 1440 1249 τὸν
1465 1208 1588 1262 θεόν,

123 1270 164 1315 οἱ
192 1270 266 1322 τὰς
293 1273 469 1321 ἐλπίδας
501 1272 639 1313 αὐτῶν
684 1270 956 1327 ἀστρολόγοις
981 1271 1055 1315 καὶ
1079 1271 1286 1326 μάντεσιν
1316 1274 1630 1328 ἆναθέμενοι.])

123 1334 243 1391 ἄξιον
273 1340 320 1380 δὲ
349 1339 566 1394 θρηνῆσαι
595 1339 680 1379 τῶν
706 1338 925 1392 ὃυσσεβων
950 1337 1029 1395 τήν
1056 1339 1240 1395 ἀλογίαν.
1317 1336 1367 1382 οὗ
1398 1339 1479 1396 γάρ
1505 1341 1587 1395 μό-

122 1420 195 1447 νον
220 1403 274 1447 τά
300 1407 481 1460 μέγιστα
511 1406 593 1447 τῶν
615 1402 734 1456 ζώων
763 1406 1055 1461 ἐθεοποίησαν,
1090 1404 1200 1449 α’λλιὶ
1227 1408 1302 1448 καί
1326 1405 1376 1449 τοὶ
1409 1406 1587 1462 σμικρό-

121 1488 228 1515 τατα
263 1470 338 1513 καὶ
377 1468 542 1524 μύσους
579 1468 726 1525 μεστά.
797 1473 843 1514 τί
864 1469 944 1527 γὰρ
970 1470 1275 1528 μυσαρώτερον
1301 1472 1465 1526 μυίας,·
1496 1475 1587 1515 ἄλλ’

55 1558 108 1586 20
121 1535 234 1591 ὅμως
266 1538 341 1579 καί
364 1538 439 1593 την
472 1539 612 1580 εἰκόνα
642 1538 798 1593 ταύτης
826 1536 930 1580 θεὸν
971 1539 1287 1594 α’νηγόρευσαν,
1322 1542 1398 1582 καί
1422 1538 1473 1595 ἣν
1503 1542 1589 1592 ζῶ..

119 1621 200 1649 σαν
218 1610 313 1654 ταῖς
332 1604 496 1660 ῥιπίσιν
519 1602 756 1658 ἐλαύνουσι,
774 1605 930 1662 ταύτης
947 1603 1017 1648 τὸν
1035 1604 1166 1648 τύπον
1185 1605 1284 1648 θεὸν
1302 1606 1585 1661 ω’νομάκασιν.

119 1744 344 1791 sepulturam
378 1755 398 1776 a
428 1747 544 1777 morte
583 1749 796 1777 consecutus
821 1748 885 1777 est.
918 1743 1089 1777 nimirum
1118 1755 1244 1790 reapse
1271 1745 1502 1780 formidabile
1530 1751 1585 1782 est

117 1793 157 1826 in
176 1792 236 1826 dei
264 1792 417 1824 viventis
442 1801 567 1824 manus
594 1790 755 1824 incidere
783 1791 909 1836 (Hebr.
942 1802 981 1824 io
1007 1792 1080 1838 31).

213 1839 392 1873 Successit
424 1838 464 1871 in
501 1848 610 1882 regno
649 1838 743 1871 filius
774 1838 973 1879 Ochozias,
1006 1843 1043 1871 et
1066 1838 1145 1883 ipse
1188 1841 1361 1882 paternae
1383 1839 1588 1885 impietatis

117 1887 327 1921 aemulator.
362 1885 432 1918 hoc
459 1890 622 1930 tempore
655 1885 752 1918 missi
789 1891 875 1918 sunt
909 1884 955 1918 ad
984 1896 1153 1930 magnum
1185 1885 1290 1918 illum
1319 1891 1436 1920 vatem
1468 1888 1584 1920 Eliam

119 1934 191 1968 duo
217 1935 510 1980 quinquagenum
544 1933 701 1966 militum
726 1931 921 1977 praefecti,
955 1933 1019 1977 qui
1046 1943 1127 1965 eum
1150 1932 1305 1977 superbe
1331 1940 1514 1967 arcessunt
1538 1935 1584 1968 de

118 1981 211 2028 regis
235 1981 360 2015 morbo
387 1979 658 2013 consulendum.
684 1985 760 2013 tum
785 1980 904 2024 ignem
924 1979 988 2012 ille
1013 1980 1164 2013 caelitus
1190 1979 1372 2013 deducens
1396 1982 1585 2016 universos

117 2030 366 2064 concremavit.
390 2028 459 2061 hoc
482 2028 562 2061 loco
584 2028 646 2073 qui
663 2026 915 2060 crudelitatem
936 2027 1028 2060 vatis
1053 2033 1229 2068 accusant,
1253 2027 1358 2060 deum
1373 2028 1488 2073 ipsum
1513 2031 1587 2062 cri-

117 2078 323 2111 minantur:
358 2087 442 2109 nam
473 2086 540 2120 per
582 2086 662 2108 eum
697 2074 787 2108 haec
812 2075 934 2108 omnia
972 2075 1066 2107 facta
1090 2080 1183 2108 sunt.
1210 2075 1357 2108 tandem
1387 2082 1424 2109 et
1450 2078 1582 2109 tertius

118 2123 264 2171 quidam
291 2124 449 2157 militum
474 2123 772 2168 quinquagenum
796 2121 999 2167 praefectus
1019 2121 1225 2167 ablegatur,
1251 2123 1313 2168 qui
1338 2129 1457 2156 vatem
1481 2125 1584 2157 miti-

117 2171 186 2205 bus
225 2171 345 2205 verbis
388 2171 568 2204 allocutus
608 2170 823 2215 supplicium
861 2181 933 2214 quo
967 2169 1104 2214 priores
1132 2169 1266 2203 adfecti
1286 2169 1432 2204 fuerant
1458 2172 1582 2205 evasit.

118 2219 353 2265 quamobrem
389 2223 489 2252 vates
525 2217 570 2250 de
607 2223 730 2250 monte
756 2216 996 2258 descendens,
1034 2228 1114 2250 cum
1141 2216 1328 2251 incidisset
1352 2219 1391 2251 in
1415 2217 1582 2252 homines

118 2266 303 2311 ablegatos
338 2277 359 2299 a
386 2260 467 2310 rege'
496 2264 542 2297 ad
570 2264 811 2298 consulendos
851 2264 1032 2305 ‹leastros‚
1057 2264 1264 2298 huiusmodi
1289 2265 1400 2298 verba
1424 2267 1582 2311 protulit

117 2315 156 2358 (4
183 2315 264 2358 Reg.
298 2326 309 2346 ι
344 2314 419 2361 ι6);
457 2311 779 2357 „quandoquidem
813 2310 1026 2356 delinquere
1056 2322 1129 2345 non
1167 2311 1364 2355 dubitasti,
1399 2318 1436 2346 et
1475 2314 1583 2359 quasi

119 2359 208 2394 deus
233 2360 329 2406 apud
355 2361 543 2394 Israelicos
566 2360 688 2392 nullus
714 2359 831 2400 foret,
865 2369 1022 2392 muscam
1048 2358 1235 2394 Accaronis
1259 2359 1367 2392 deum
1394 2361 1583 2393 consului-

120 2407 187 2449 sti,
214 2419 257 2441 ex
287 2419 330 2442 eo
355 2409 468 2449 lecto,
493 2418 601 2453 quem
626 2407 737 2440 semel
766 2407 837 2439 iam
863 2405 1124 2449 conscendisti,
1153 2419 1227 2440 non
1247 2407 1408 2441 evades.”
1433 2407 1477 2440 de
1507 2419 1580 2453 quo

119 2454 207 2488 licet
231 2456 424 2489 aestiment
453 2455 552 2500 quali
578 2454 712 2487 iudicio
741 2460 778 2487 et
800 2464 919 2499 poena
944 2460 1112 2498 pereant,
1137 2461 1382 2500 quantamque
1407 2454 1465 2488 dei
1495 2466 1584 2488 con—

121 2502 237 2536 citent
265 2503 303 2536 in
339 2514 378 2536 se
403 2502 644 2543 iracundiam,
681 2502 745 2547 qui
766 2512 846 2546 spes
873 2511 953 2533 suas
987 2501 1024 2534 in
1050 2503 1248 2547 astrologos
1278 2508 1315 2536 et
1341 2508 1440 2536 vates
1466 2503 1583 2535 collo-

122 2555 218 2584 cant.
258 2556 385 2595 estque
425 2549 515 2582 adeo
541 2561 614 2582 non
638 2548 701 2582 abs
728 2559 765 2581 re
803 2547 1024 2593 deploranda
1046 2548 1231 2583 hominum
1255 2550 1448 2595 impiorum
1471 2549 1582 2582 bruta

123 2596 283 2631 fatuitas.
307 2609 382 2630 non
406 2597 501 2630 enim
527 2602 668 2629 tantum
693 2596 779 2628 olim
802 2596 857 2628 illi
881 2596 1036 2628 maxima
1057 2598 1203 2642 quaevis
1230 2597 1399 2630 animalia
1421 2607 1486 2641 pro
1512 2596 1581 2629 (liis

122 2643 351 2685 habuerunt,
377 2645 439 2677 sed
467 2645 573 2678 etiam
599 2644 765 2685 minima,
796 2651 909 2688 eaque
932 2643 1136 2688 piacularia.
1163 2656 1247 2678 nam
1273 2644 1384 2689 quid,
1411 2643 1583 2685 obsecro,

123 2702 246 2724 musca
273 2696 394 2737 potest
418 2703 494 2725 esse
524 2691 666 2724 foedius
696 2696 732 2723 et
751 2690 1058 2725 abominabilius?
1093 2691 1331 2726 nihilominus
1357 2691 1412 2723 illi
1439 2702 1582 2724 muscae

124 2738 319 2771 simulacro
343 2738 568 2773 divinitatem
594 2738 822 2780 tribuerunt3
847 2749 1027 2782 quamque
1051 2739 1167 2776 vivam
1193 2739 1347 2774 flabellis
1375 2738 1581 2784 abigebant,

126 2787 203 2820 eius
226 2786 371 2831 imagini
395 2786 677 2835 appellationem
702 2784 761 2819 dei
789 2790 1050 2821 concesserunt.
