1826 3120
200 146 276 213 46
642 155 932 199 MchAEms
960 150 1192 196 ‘GLYCAE

313 263 406 303 Καὶ
431 260 585 314 κυρίως
613 254 798 306 ἔκλειψις
823 254 885 295 ἐπ’
923 253 1048 309 αὐτῆς
1075 250 1127 294 ἂν
1154 254 1308 306 λέγοιτο
1338 255 1411 309 τῆς
1438 253 1608 310 σελήνης
1625 271 1635 282 ·

205 323 267 369 ὅτι
293 327 372 381 γάρ
400 328 490 381 φῶς
518 319 690 376 ἡλιακὸν
724 319 1028 375 ἀμφιέννυται,
1067 321 1189 360 τοῦτο
1217 317 1343 360 πάλιν
1370 321 1424 360 δι’
1454 318 1504 374 ἣν
1534 321 1643 361 αἰτι-

204 410 255 435 αν
285 392 477 445 εἴπομεν,
508 384 773 431 οἷπεκδόεται.
805 387 875 427 ἐπὶ
901 387 948 427 δὲ
978 387 1054 428 τοῦ
1084 385 1202 440 ἡλίου
1233 385 1310 426 οὐκ
1337 383 1522 439 ἔκλειψιν
1553 386 1643 427 ἄλλ’

203 458 478 500 ἐπισκότωσιν
503 455 636 506 λέγειν
664 450 893 504 ἐμάθομεν.
953 451 1051 493 οὐδὲ
1075 450 1155 506 γάρ
1184 448 1228 493 τό
1261 450 1434 506 ἡλιακὸν
1463 451 1648 504 ἐκλείψει

202 526 300 566 ποτὲ
330 524 420 579 φῶς
438 538 446 548 ·
507 520 598 560 ἀλλ’
624 518 920 572 ὑποτρέχοντος
948 520 991 559 ἐν
1019 519 1076 575 τῷ
1105 520 1176 571 τῆς
1203 516 1382 560 συνόδου
1413 519 1543 574 καιρῷ
1570 520 1683 563 τοῢ5

203 589 394 642 σώματος
438 588 514 628 τοῦ
557 586 776 639 σεληναίου
820 580 890 627 οἷα
918 585 1225 639 περιγειοτέρου
1254 582 1551 638 τυγχάνοντος,
1578 585 1650 626 καί

204 653 311 696 οὕτω
339 659 431 702 ταῖς
459 652 648 704 ἡλιακαῖς
683 646 844 692 οἷκτῖσιν
869 651 1243 706 ἐπιπροσθοῦντος,
1276 649 1296 691 ὃ
1328 649 1436 703 ὑπὲρ
1465 650 1650 705 κεφαλῆς

203 718 323 777 ἡμῶν
351 718 432 775 αἠρ
465 718 579 775 ζόφῳ
611 719 835 772 τηνικαῦτα
865 714 1252 770 καθυποβάλλεται,
1283 712 1355 758 ἅτε
1389 715 1439 771 δὴ
1469 713 1527 771 μή
1545 718 1651 770 βαλ-

170 788 392 837 Βλομένων
421 786 562 826 αὐτῶν
582 782 774 824 κάτωθεν
802 782 873 824 καί
901 783 1175 839 φωτιζουσῶν
1206 781 1253 824 τὸ
1284 783 1506 836 περίγειον.

101 862 140 895 V.
160 870 198 903 19
319 853 373 893 Εἰ
396 852 442 892 δὲ
475 850 547 892 καί
573 851 698 891 τοῦτο
728 851 862 904 ζητεῖς
887 847 994 902 μετὰ
1023 851 1104 891 τῶν
1136 844 1274 890 ἄλλων
1301 850 1480 904 μαθεῖν,
1501 847 1603 896 ,πῶς
1622 844 1648 902 ἦ
1669 863 1716 892 ιο

209 914 360 971 σελήνη
384 951 386 953 .
408 915 516 970 μόνη
549 914 619 957 καί
661 917 740 957 τίνι
766 913 903 972 τρόπῳ
931 912 990 968 μὴ
1019 916 1183 967 σχοῦσα
1211 916 1302 970 φῶς
1331 914 1517 970 α’ρχῆθεν
1544 910 1653 954 ἴδιον

209 986 253 1034 ἐξ
304 981 423 1037 ἡλίου
450 985 570 1024 τοῦτο
600 981 856 1034 δανείζεται,
894 981 1051 1022 εἰδέναι
1077 979 1262 1036 ὀφείλεις
1292 980 1348 1029 ὥς
1379 981 1455 1021 οὐκ
1483 978 1653 1034 ἀπορῶν

208 1047 355 1104 ἑτέρου
403 1046 544 1103 φωτὸς
586 1046 608 1087 ὃ
655 1044 910 1102 δημιουργὸς
947 1047 1020 1088 καί
1044 1049 1209 1102 κτίστης
1249 1045 1414 1088 πάντων
1449 1043 1549 1095 θεὸς
1575 1043 1652 1099 τήν

210 1114 482 1166 καινοτομίαν
526 1110 681 1168 ταύτην
728 1111 985 1167 εἰσήνεγκεν,
1034 1114 1124 1155 ἄλλ’
1153 1113 1220 1155 ἵνα
1251 1111 1415 1168 ῥυθμὸς
1442 1110 1514 1153 καί
1538 1109 1654 1161 τάξις

211 1182 363 1237 ἐντεθῇ
393 1181 445 1236 τῇ
477 1181 622 1232 κτίσει,
649 1179 752 1220 nard
782 1194 827 1232 γε
859 1179 930 1220 τὸν
955 1178 1236 1233 Δαμασκηνὸν
1252 1178 1467 1233 Ἰωάννην,
1497 1172 1651 1233 ἄρχον·
1671 1178 1719 1220 15

210 1261 278 1295 τος
305 1244 376 1287 καί
396 1246 655 1301 ἀρχομένου,
683 1245 755 1287 καί
783 1244 854 1287 ἵνα
870 1246 1167 1297 παιδευθῶμεν
1196 1247 1240 1287 ἐκ
1266 1243 1413 1286 τούτου
1439 1245 1513 1286 καί
1535 1241 1656 1299 ἡμεῖς

212 1316 420 1353 κοινωνεῖν
449 1310 643 1366 ἀλλήλοις
668 1313 740 1353 καί
767 1308 1066 1364 μεταδιδόναι,
1096 1310 1333 1365 ἀνακρίνειν
1360 1325 1406 1351 τε
1433 1311 1516 1361 τῶν
1543 1323 1656 1364 γινο-

211 1378 347 1431 μένων
377 1378 528 1432 μηδέν,
557 1377 650 1418 ἀλλ’
677 1380 747 1419 ε’πί
772 1379 877 1419 πᾶσι
907 1379 1041 1427 καλῶς
1069 1377 1394 1419 ὑποτάσσεσθαι.

176 1459 203 1493 c
324 1442 449 1497 Πρὸς
475 1441 639 1493 τούτοις
667 1445 712 1486 δὲ
741 1443 813 1485 καί
849 1442 985 1498 ἕτερον
1012 1443 1112 1498 ἡμῖν
1138 1442 1393 1499 ὖπεμφαίνει
1421 1439 1657 1498 παράδοξον

213 1511 241 1565 ἦ
269 1507 418 1564 σελήνη
466 1511 742 1562 ἐκλείπουσα,
784 1510 841 1559 ὥς
880 1509 901 1552 ὃ
939 1508 1154 1558 θειότατός
1195 1525 1322 1565 φησιν
1351 1505 1720 1557 ἈναστάσιοςἾιο

213 1575 407 1630 καθάπερ
438 1573 516 1631 γάρ
546 1571 652 1630 αὕτη
684 1573 796 1634 ζόφῳ
825 1575 1132 1618 καθυποπίπτει
1150 1571 1467 1630 μεσολαβούσης
1483 1574 1556 1630 τῆς
1582 1574 1658 1629 γῆς

312 1756 356 1788 Et
391 1756 534 1800 proprie
573 1756 658 1789 luna
693 1755 845 1790 deficere
886 1757 1037 1790 dicitur:
1075 1767 1145 1801 qua
1174 1756 1268 1789 enim
1291 1755 1372 1788 luce
1398 1754 1504 1788 solari
1528 1753 1658 1787 vestita

220 1808 298 1844 est,
324 1813 364 1834 ea
391 1802 435 1835 de
461 1814 564 1835 causa
591 1810 858 1837 commemorata
882 1816 997 1837 rursus
1026 1805 1167 1836 exuitur
1192 1809 1298 1848 atque
1323 1803 1506 1847 spoliatur.
1537 1802 1575 1834 in
1599 1812 1658 1834 so-

218 1850 256 1882 le
291 1861 364 1882 non
389 1849 586 1891 defectum,
623 1850 686 1882 sed
722 1851 1007 1883 obscurationem
1034 1851 1215 1895 appellare
1244 1849 1442 1883 didicimus.
1468 1859 1534 1881 nec
1562 1847 1659 1880 enim

218 1897 283 1929 lux
313 1897 436 1929 solaris
476 1908 632 1942 unquam
675 1896 813 1931 deficit:
838 1897 901 1931 sed
935 1898 1019 1943 quia
1043 1899 1155 1931 coitus
1178 1896 1302 1930 horum
1321 1897 1476 1929 siderum
1498 1901 1658 1940 tempore

220 1944 345 1976 lunare
371 1955 520 1988 corpus,
547 1943 642 1989 quod
670 1949 784 1976 terrae
813 1945 962 1977 vicinius
999 1951 1070 1986 est,
1097 1943 1216 1976 medio
1242 1955 1278 1976 se
1303 1943 1476 1977 interficit
1498 1942 1577 1976 loco
1602 1953 1660 1975 ra-

224 1990 365 2035 diisque
389 1991 564 2023 solaribus
589 1991 724 2031 officit,
751 1996 810 2025 aer
834 1993 897 2024 ille
922 2003 1027 2035 supra
1056 2003 1120 2025 nos
1148 1991 1300 2035 caligine
1327 1990 1480 2036 quadam
1505 1989 1660 2023 involvi-

221 2042 299 2077 tur,
333 2048 405 2069 non
445 2037 604 2070 demissis
637 2037 682 2070 ad
705 2050 769 2072 nos
794 2039 876 2072 ullis
902 2039 1034 2080 radiis,
1074 2038 1140 2084 qui⁴>
1161 2044 1274 2071 terrae
1305 2038 1466 2083 proxima
1488 2036 1568 2070 luce
1596 2047 1661 2070 sua

222 2083 479 2117 collustrarent.

316 2129 453 2174 Quodsi
485 2130 590 2163 etiam
628 2141 837 2174 cognoscere
876 2133 974 2178 cupis
999 2133 1092 2166 inter
1114 2132 1201 2173 alia,
1235 2131 1296 2178 qui
1322 2131 1384 2165 fiat
1409 2136 1450 2165 ut
1472 2131 1560 2164 luna
1583 2130 1661 2164 sola

222 2176 336 2221 primo
363 2176 400 2207 in
441 2187 555 2208 rerum
591 2178 736 2210 exordio
762 2179 877 2212 lucem
902 2181 1037 2212 nullam
1061 2179 1236 2225 propriam
1275 2185 1465 2211 consecuta
1503 2188 1660 2211 commo-

225 2223 311 2255 dato
353 2234 430 2255 eam
460 2234 480 2254 a
504 2223 580 2255 sole
606 2225 742 2268 capiat,
774 2227 862 2259 scire
888 2227 998 2260 debes
1035 2237 1108 2259 non
1136 2226 1203 2259 hoc
1228 2231 1416 2270 propterea
1437 2236 1530 2260 novo
1557 2224 1659 2271 quasi

225 2269 380 2315 quodam
404 2281 502 2301 more
533 2270 663 2302 factum
689 2271 858 2306 divinitus
874 2299 883 2315 ‚
918 2274 1016 2319 quod
1057 2274 1179 2318 opifex
1207 2279 1244 2306 et
1268 2279 1407 2306 creator
1434 2273 1498 2305 ille
1518 2273 1660 2305 univer-

224 2317 342 2350 sitatis
367 2316 470 2349 huius
491 2316 596 2348 aliam
619 2317 734 2350 lucem
759 2320 894 2352 nullam
918 2321 1085 2362 haberet,
1111 2320 1173 2353 sed
1197 2325 1272 2352 tum
1297 2321 1350 2353 uti
1377 2320 1599 2352 concinnitas
1623 2323 1660 2352 et

226 2363 314 2397 ordo
335 2363 479 2408 quidam
521 2364 643 2396 creatis
683 2365 886 2409 inderetur,
923 2366 1216 2413 quemadmodum
1239 2367 1477 2399 Damascenus
1513 2366 1577 2399 ille
1600 2366 1661 2401 ΙΩ-

226 2410 363 2443 hannes
385 2411 455 2451 ait,
480 2411 541 2455 qui
563 2411 649 2443 ordo
674 2412 768 2444 inter
790 2415 1008 2458 superiorem
1043 2421 1079 2447 et
1102 2414 1305 2446 inferiorem
1329 2414 1559 2454 consisteret,
1583 2417 1660 2445 tum

226 2458 280 2490 uti
305 2468 370 2489 nos
407 2458 514 2490 etiam
543 2457 762 2491 erudiremur
798 2460 928 2494 debere
952 2473 1016 2495 nos
1041 2462 1192 2494 invicem
1217 2461 1306 2494 alios
1334 2472 1413 2493 cum
1438 2460 1517 2492 aliis
1542 2464 1661 2492 nostra

228 2504 505 2545 communicare,
530 2515 596 2536 nec
620 2505 808 2551 quicquam
835 2519 954 2541 eorum
974 2520 1063 2554 quae
1089 2509 1179 2541 flunt
1208 2508 1413 2553 scrupulose
1436 2506 1658 2552 perquirere,

228 2550 292 2583 sed
316 2551 354 2582 in
379 2552 542 2584 omnibus
568 2553 747 2596 praeclare
771 2562 908 2589 nosmet
935 2557 1160 2591 summittere.

322 2598 507 2631 Praeterea
531 2598 700 2643 quiddam
729 2600 826 2633 aliud
855 2614 997 2648 quoque
1017 2613 1147 2636 novum
1170 2601 1275 2634 nobis
1300 2602 1386 2634 luna
1412 2600 1581 2633 deficiens
1603 2599 1662 2631 in-

231 2643 348 2684 dicat,
387 2644 682 2689 quemadmodum
720 2647 774 2679 vir
810 2648 950 2682 divinus
974 2649 1175 2683 Anastasius
1207 2647 1327 2681 tradit.
1361 2644 1661 2693 quemadmodum

231 2691 326 2723 euim
355 2702 373 2722 a
390 2692 545 2725 tenebris
570 2693 632 2725 illa
659 2700 848 2738 occupatur
872 2696 917 2728 ob
942 2698 1163 2730 interiectam
1186 2700 1331 2736 terram,
1355 2705 1445 2740 quae
1469 2694 1513 2727 ab
1540 2704 1579 2725 ea
1605 2702 1662 2725 ra·-

231 2737 311 2770 <lios
337 2739 467 2771 solares
491 2740 636 2780 avertit,
664 2741 712 2772 sic
741 2742 846 2775 etiam
872 2744 1022 2777 ecclesia
1046 2748 1193 2789 peccato
1217 2742 1481 2777 interveniente
1504 2739 1661 2777 tenebris
