1826 3120
643 500 725 540 AD
771 499 1097 541 OPTIMUM

351 625 444 674 ET
487 623 916 675 ERUDITUM
964 624 1382 676 LECTOREM

506 726 1209 817 PRAEFATIQ

143 1001 381 1062 Michaelis·
418 1019 569 1077 Glycae
606 1020 803 1073 Annales,
850 1035 960 1060 nunc
1005 1011 1188 1076 primum
1229 1027 1406 1076 utraque
1462 1022 1599 1076 lingua

145 1088 240 1128 orbi
269 1088 468 1143 cognitos,
500 1102 594 1128 cum
624 1088 701 1127 tihi
727 1087 861 1142 Regiis
898 1088 1005 1143 typis
1036 1094 1312 1143 repraesento,
1346 1090 1502 1143 optime
1534 1089 1594 1130 le-

145 1161 268 1204 ctor,
293 1155 423 1195 nolim
452 1154 650 1195 existimes
679 1155 797 1194 unius
841 1154 1050 1195 dumtaxat
1083 1155 1280 1196 historiae
1310 1162 1381 1195 aut
1412 1155 1599 1196 chronici

142 1222 413 1276 scriptorem,
457 1222 593 1277 quales
622 1221 767 1263 eodem
804 1223 891 1263 fere
922 1228 1112 1277 tempore
1146 1223 1359 1263 uberrimo
1390 1229 1599 1277 proventu

142 1288 286 1328 extulit
304 1288 489 1339 Graecia,
510 1287 731 1329 Iohannem
741 1290 959 1341 Zonaram,
983 1290 1210 1344 Georgium
1225 1290 1468 1341 Cedrenum,
1485 1291 1598 1330 Con-

142 1355 368 1394 stantinum
381 1356 603 1395 Manassem
621 1355 863 1410 similesque,
882 1355 951 1396 sed
972 1355 1210 1411 theologum
1231 1357 1363 1408 simul,
1388 1372 1598 1398 sacrarum

142 1421 377 1461 litterarum
415 1422 686 1475 interpretem
705 1452 716 1473 ,
755 1422 961 1463 medicum
1005 1423 1283 1477 naturalisque
1311 1424 1501 1478 scientiae
1531 1424 1598 1462 in-

142 1488 383 1543 dagatorem
412 1487 945 1548 solertissimumuexhiberi.
979 1489 1036 1529 ita
1065 1489 1173 1529 enim
1194 1491 1243 1529 ab
1273 1490 1376 1530 orbe
1405 1490 1595 1541 condito,

145 1554 261 1610 quod
307 1559 350 1595 et
390 1554 458 1594 alii
496 1554 631 1595 facere
660 1555 834 1610 aggressi
876 1561 991 1607 sunt,
1034 1570 1162 1611 usque
1200 1555 1251 1595 ad
1275 1557 1436 1596 obitum
1466 1557 1595 1597 Alexii

142 1621 344 1662 Comneni
386 1627 427 1662 et
468 1636 620 1678 annum
653 1621 804 1662 Christi
834 1623 1044 1663 MCXVHI
1080 1622 1414 1677 patriarcharum
1451 1638 1596 1678 regum

141 1677 266 1743 atque
294 1688 594 1742 imperatorum
636 1703 698 1728 res
728 1695 880 1743 gestas,
923 1689 1222 1744 historiamque
1267 1703 1431 1730 omnem
1457 1690 1593 1730 Iuda’i-

141 1769 232 1796 cam
260 1757 488 1795 Romanam
517 1769 564 1794 ac
594 1755 1088 1810 Constantinopolitanam
1115 1756 1344 1810 pertexuit,
1375 1762 1422 1795 ut
1448 1756 1594 1798 eodem
1625 1748 1630 1754 ³

140 1827 338 1863 contextu
367 1827 652 1861 controversas
693 1822 803 1862 inter
834 1821 1049 1876 theologos
1081 1821 1431 1877 philosophosque
1464 1837 1594 1878 quae-

141 1889 291 1930 stiones
333 1888 576 1943 agitaverit,
618 1902 662 1927 ac
692 1887 742 1928 de
780 1889 900 1928 rebus
938 1888 1127 1928 omnihus
1157 1904 1262 1944 quae
1291 1889 1334 1928 in
1364 1889 1476 1929 caelo
1501 1892 1595 1930 ae’re

142 1961 256 1996 terra
285 1970 333 1996 ac
361 1955 468 1995 mari
508 1956 635 2005 fiunt,
670 1954 720 1994 de
753 1955 893 1995 avibus
922 1955 1099 2008 piscibus
1130 1955 1397 2006 animalibus,
1422 1955 1594 1996 homine

142 2029 267 2078 atque
296 2022 444 2076 angelis
473 2021 720 2072 disseruerit,
748 2027 941 2075 sequutus
968 2027 1156 2062 veterum
1187 2027 1355 2076 patrum
1391 2021 1595 2063 Eustathii

140 2090 276 2131 Basilii
303 2088 762 2145 NysseniChrysostomi
793 2088 974 2127 Sina'itae
987 2088 1146 2129 Pisidae
1174 2088 1435 2143 aliorumque
1464 2089 1591 2128 vesti-

141 2157 208 2212 gia
235 2171 283 2196 ac
307 2171 411 2212 pene
442 2156 588 2203 verba,
620 2155 690 2211 qui
731 2169 832 2208 opus
858 2169 923 2194 sex
950 2154 1127 2206 dierum,
1160 2155 1274 2210 quod
1303 2157 1461 2195 Graeca
1490 2169 1592 2196 voce

141 2220 423 2265 He‘xaemeron
444 2222 580 2263 dicere
609 2222 798 2273 solemus,
825 2221 1018 2276 singulari
1038 2221 1248 2277 diligentia
1276 2222 1592 2263 concinnarunt.

250 2291 434 2331 Patriam
461 2289 612 2329 docent
639 2303 715 2328 mss
745 2287 929 2338 codices,
979 2289 1050 2344 qui
1077 2284 1328 2343 Σικελιώτην
1355 2294 1592 2329 constanter

142 2358 372 2412 appellant3
414 2371 490 2396 nec
524 2355 737 2396 abluderet
780 2354 962 2395 additum
989 2355 1067 2396 τοῦ
1095 2355 1135 2395 Γ
1134 2354 1240 2395 λυκᾶ
1267 2369 1524 2410 cognomen,
1557 2356 1591 2395 si

140 2426 302 2465 labente
331 2423 577 2463 duodecimo
610 2422 760 2462 Christi
792 2422 951 2462 saeculo
969 2451 982 2474 ,
1015 2436 1099 2478 quo
1131 2422 1271 2462 vixisse
1301 2423 1413 2462 circa
1438 2436 1590 2461 annum

141 2493 251 2532 MCL
278 2490 459 2542 videtur,
486 2490 642 2530 Siculos
663 2490 820 2528 Dorica
851 2488 983 2529 adhuc
1012 2488 1186 2529 dialecto
1217 2503 1307 2527 usos
1335 2489 1454 2528 fuisse
1484 2502 1588 2527 con..

142 2564 281 2598 staret.
313 2557 496 2611 privatus
530 2572 579 2596 an
610 2557 650 2595 in
671 2556 911 2610 magistratu
935 2562 1003 2595 aut
1019 2555 1215 2610 dignitate
1245 2555 1380 2610 aliqua
1406 2554 1589 2608 publica,

143 2625 310 2664 militari
343 2624 473 2664 aulica
516 2623 719 2663 sorensivc
757 2628 951 2670 ornatus,
994 2623 1233 2677 coniugatus
1263 2637 1313 2661 an
1340 2621 1493 2661 caelebs
1524 2621 1589 2660 vi-

143 2691 272 2741 xerit,
302 2690 423 2745 plane
457 2687 616 2737 n'esci03
658 2705 732 2730 nce
775 2689 962 2744 adspersa
999 2690 1162 2744 singulis
1195 2691 1280 2730 fere
1307 2688 1463 2743 paginis
1493 2683 1590 2740 υἱοῦ
