1826 3120
584 132 866 175 ANNALmM
907 131 1043 173 PARS
1082 133 1116 172 1.
1505 111 1574 166 23

127 254 237 304 ταῖς,
257 246 497 290 οὐδὲτοῦτο
516 246 752 298 ξενίζεσθαι
771 242 868 300 χρή.
887 244 1082 294 πολλάκις
1098 241 1178 298 γάρ
1195 245 1268 286 καί
1285 245 1415 287 ταῦτα
1429 245 1580 285 παθῶν

128 312 302 370 ῗατῆρια
329 314 537 369 γίνονται·
570 311 855 366 κεραννύμενα
874 309 955 364 γάρ
984 308 1146 364 ἑτέραις
1173 307 1372 364 βοτάναις
1390 308 1581 362 ἀλεξίκα-

128 398 183 424 κα
210 382 370 436 γίνεται
399 381 473 421 καί
500 379 645 434 ὑγείας
674 376 919 431 παρεκτικά.
953 373 1066 418 οὕτω
1102 380 1180 430 μὲν
1201 372 1276 419 οὖν
1306 377 1377 419 καί
1406 376 1427 419 ὁ
1451 379 1583 431 μέγας

129 443 354 496 Βασίλειός
383 461 510 502 φησιν
543 441 609 486 ὅτι
637 444 717 486 τῶν
742 444 1002 498 δηλητηρίων
1033 444 1154 485 ου’ὁὲν
1168 443 1308 498 α’ργῶς
1328 443 1426 486 οὐδὲ
1447 441 1583 498 α’χρή..

93 516 238 561 5στως
255 514 526 568 γεγενημένον
554 510 678 563 ἐστίν,
705 512 745 551 εἰ
760 511 834 551 καί
842 507 936 559 τούς
959 509 988 549 α’
986 507 1217 563 χαρίστους
1245 508 1356 565 ἡμᾶς
1383 508 1487 551 κατὰ
1507 510 1585 551 τοῦ

130 579 403 635 πεποιηκότος
439 574 751 632 παρασκευάζει
793 580 974 632 φρονεῖν.
1051 574 1102 618 τὰ
1146 578 1224 628 μὲν
1259 575 1340 630 γάρ
1387 571 1585 630 αὕτῶνῆ

128 644 295 702 τροφὴν
336 643 513 700 παρέχει
548 644 632 684 τινί
672 644 757 684 τῶν
796 640 979 696 ἀλόγων,
1010 637 1036 697 ἢ
1063 643 1136 683 καί
1161 642 1263 696 ἡμῖν
1294 639 1441 693 αὐτοῖς
1470 643 1582 696 παρὰ

127 714 201 767 τῆς
230 711 414 767 ἰατρικῆς
441 711 587 764 τέχνης
609 710 668 758 εἷς
698 709 976 764 παραμυθίαν
1004 710 1125 750 τινῶν
1154 709 1495 764 α’ρρωστημάτων
1522 710 1585 759 ἐξ·

127 778 318 834 εὕρηται.
383 774 428 819 ’τὸ
456 777 536 828 μὲν
571 774 656 831 γὰρ
687 775 855 817 κώνειον
894 774 932 817 οἱ
966 777 1105 830 ψᾶρες
1131 771 1378 829 βόσκονται,
1409 775 1479 817 διὰ
1511 774 1586 830 τὴν

70 860 117 887 10
129 842 388 898 κατασκευὴν
415 843 493 884 τοῦ
525 839 718 896 σώματος
746 840 822 896 τήν
851 843 896 883 ἐκ
915 843 990 883 τοῦ
1022 843 1272 897 δηλητηρίου
1301 839 1462 897 βλάβην
1481 838 1623 885 ἄπο-Β

129 910 448 965 διδράσκοντες·
516 907 694 957 λεπτοὺς
733 906 812 964 γάρ
845 906 1014 962 ἔχοντες
1053 906 1154 957 τούς
1182 909 1280 964 περί
1307 906 1379 964 τὴν
1409 909 1589 963 καρδίαν

127 975 313 1032 πόρους,
344 975 582 1032 φθάνουσιν
630 975 810 1028 ἐκπέψαι
836 972 880 1016 τὸ
911 976 1155 1017 καταποθὲν
1182 978 1282 1030 πρίν
1304 974 1379 1029 τὴν
1408 976 1482 1015 a'n'
1509 974 1589 1016 αὕ-

127 1044 204 1085 τοῦ
232 1045 360 1096 ψῦξιν
393 1044 478 1084 τῶν
503 1040 681 1097 καιρίων
708 1040 1013 1093 καθάψασθαι.
1072 1042 1294 1097 ἐλλέβορος
1324 1042 1371 1083 δὲ
1401 1039 1588 1096 ὀρτύγων

128 1110 231 1158 ἐστι’,
263 1108 426 1164 τροφή,
467 1108 649 1163 ἰδιότητι
687 1106 875 1164 κράσεως
920 1105 998 1161 την
1037 1105 1203 1162 βλάβην
1244 1105 1588 1164 ἀποφευγόντων.

69 1176 118 1220 15
130 1173 217 1217 ἔστι
254 1176 300 1217 δὲ
344 1176 418 1217 καί
462 1172 570 1217 αὐτὰ
595 1176 733 1217 ταῦτα
771 1176 816 1216 ἐν
843 1174 976 1232 καιρῷ
1005 1174 1105 1215 ποτὲ
1134 1175 1207 1216 καί
1234 1173 1335 1229 ἧμῐν
1363 1171 1586 1228 χρήσιμα·

129 1241 201 1284 διά
230 1244 310 1296 μὲν
334 1241 414 1297 ’γάρ
458 1244 535 1283 τοῦ
562 1241 860 1297 μανδραγόρου
894 1237 1026 1283 ὕπνον
1052 1239 1091 1281 οἱ
1125 1242 1264 1296 ἰατροί
1289 1239 1588 1283 καταπάσσου-

129 1324 222 1362 σιν,
252 1309 357 1366 θ’πίῳ
388 1305 537 1358 δὲτὰς
566 1306 760 1364 σφοδρὰς
801 1307 956 1357 ὀδύνας
987 1309 1374 1359 κατακοιμίζουσιν.
1432 1302 1512 1362 ἤδη
1540 1306 1589 1348 δέ

127 1390 237 1424 τινες
261 1376 320 1434 τῷ
345 1375 503 1432 κωνείῳ
533 1376 607 1417 καί
635 1373 682 1416 τό
714 1375 928 1422 λυσσαῖδες
954 1376 1035 1415 τῶν
1065 1372 1244 1428 ὀρέξεων
1276 1371 1586 1428 κατεμάραναν,

128 1439 203 1483 καὶ
227 1441 285 1499 τῷ
324 1438 526 1499 ἐλλεβόρῳ
566 1438 698 1482 πολλὰ
730 1440 813 1482 τῶῖν
854 1441 1039 1494 χρονίων
1066 1442 1219 1481 παθῶν
1246 1436 1555 1492 ἐξεμόχλευσαν
1573 1472 1585 1491 ,

66 1504 237 1551 ποιῖίστε
269 1505 294 1549 ὃ
321 1507 511 1562 ἐνόμιζες
541 1506 655 1561 ἔχειν
682 1505 788 1549 κατά
822 1509 899 1548 τοῦ
919 1510 1131 1557 κτίσαντος
1159 1505 1359 1562 ἔγκλημα,
1389 1508 1508 1549 τοῦτο
1527 1506 1629 1555 εἰςῦ

127 1573 371 1632 προσθήκην
398 1570 671 1630 εὐχαριστίας
697 1573 1011 1630 περιελήλυθεν.

223 1718 256 1751 7.
283 1702 306 1748 ἢ
328 1703 410 1752 καὶ]
442 1705 476 1738 εἰ
500 1705 564 1739 καὶ
588 1704 627 1737 Ρ.

131 1831 280 1879 quidem
315 1842 449 1864 novum
495 1828 735 1870 existimabis,
762 1839 839 1862 esse
870 1828 1016 1862 illarum
1042 1827 1079 1861 in
1104 1837 1255 1860 numero
1283 1826 1457 1872 quasdam
1476 1838 1587 1860 vene-

130 1885 243 1914 natas.
271 1879 404 1912 etenim
431 1878 495 1911 illa
525 1888 670 1922 quoque
696 1887 954 1921 saepenumero
981 1875 1086 1908 certis
1111 1874 1246 1907 morbis
1274 1874 1479 1907 medentur:
1504 1886 1588 1908 nam

129 1927 211 1961 aliis
235 1938 314 1960 cum
342 1925 462 1959 herbis
486 1926 612 1958 mistae
626 1923 872 1957 valetudinem
899 1928 1058 1956 nostram
1083 1926 1242 1955 tuentur.
1269 1922 1306 1954 in
1323 1921 1414 1954 hanc
1439 1927 1587 1954 senten-

128 1975 220 2009 tiam
248 1974 400 2007 Basilius
423 1973 550 2007 scribit
581 1972 719 2004 'nullam
762 1970 912 2004 herbam
943 1974 1157 2004 venenatam
1185 1969 1261 2003 sine
1287 1969 1406 2002 fructu
1431 1968 1588 2014 quodam

131 2033 211 2057 esse
236 2022 386 2063 factam,
420 2026 504 2054 utut
525 2031 591 2053 nos
634 2019 762 2063 ingrati
789 2029 847 2051 eas
884 2018 1068 2051 intuentes
1094 2016 1205 2062 impie
1240 2015 1285 2049 de
1312 2027 1431 2049 rerum
1456 2016 1587 2061 opifice

132 2069 338 2103 sentiamus.
364 2069 494 2114 partim
519 2078 674 2112 namque
701 2066 817 2098 brutis
847 2064 1031 2110 aliquibus
1056 2064 1267 2098 alimentum
1290 2063 1479 2110 praebent,
1503 2074 1590 2108 par-

128 2117 197 2152 tim
220 2116 328 2150 nobis
354 2117 440 2162 ipsis
464 2127 530 2161 per
557 2120 669 2148 artem
688 2113 862 2146 medicam
890 2111 936 2145 ad
963 2117 1141 2145 certorum
1166 2111 1374 2145 morborum
1402 2110 1591 2156 depulsio-

129 2176 214 2198 nem
259 2169 369 2209 atque
410 2162 607 2196 remedium
653 2162 822 2195 serviunt.
856 2160 988 2194 etenim
1034 2159 1151 2193 cicuta
1186 2163 1335 2204 propter
1368 2157 1590 2204 peculiarem

131 2211 314 2258 quandam
337 2211 392 2245 sui
416 2210 574 2256 corporis
600 2209 895 2243 constitutionem
922 2207 1038 2240 sturni
1063 2211 1270 2247 vescuntur,
1296 2217 1363 2239 nee
1388 2204 1589 2251 quidquam

132 2258 179 2292 ab
205 2260 281 2293 eius
310 2258 446 2292 herbae
470 2268 612 2292 veneno
640 2257 851 2291 laeduntur:
878 2255 1013 2301 quippe
1042 2266 1157 2301 quum⁴
1182 2259 1326 2287 meatus
1350 2252 1451 2287 cordi
1477 2253 1590 2286 vicini

132 2318 308 2353 perquam
337 2307 375 2340 in
401 2307 452 2339 eis
476 2306 544 2339 arti
569 2305 657 2346 sint,
697 2305 800 2337 citius
825 2302 989 2336 haustam
1016 2312 1093 2335 eam
1123 2300 1356 2346 concoquunt
1380 2312 1486 2346 quam
1513 2300 1590 2333 eius

132 2354 311 2399 frigiditas
345 2353 554 2398 caeteroqui
592 2353 710 2385 letalis
748 2362 877 2383 nocere
904 2350 1027 2395 possit.
1064 2349 1192 2383 itidem
1218 2347 1402 2382 elleborus
1429 2347 1590 2380 coturni-

133 2413 214 2436 cum
239 2401 340 2435 cibus
366 2406 440 2442 est,
476 2399 572 2433 nihil
597 2411 641 2433 ex
678 2410 720 2432 eo
746 2397 952 2431 detrimenti
988 2397 1207 2442 capientium
1232 2401 1381 2441 propter
1403 2395 1590 2439 peculiare

133 2449 223 2494 ipsis
266 2453 601 2494 temperamentum.
644 2445 827 2480 interdum
872 2445 1040 2478 usuvenit
1072 2450 1113 2478 ut
1146 2443 1292 2479 eaedem
1323 2441 1455 2475 herbae
1483 2441 1589 2474 nobis

133 2507 281 2542 quoque
307 2497 377 2530 sint
393 2496 497 2529 usui:
526 2507 608 2528 nam
630 2505 698 2540 per
723 2492 996 2537 mandragoram
1023 2503 1186 2525 somnum
1211 2488 1342 2524 medici
1372 2489 1589 2529 conciliant,

132 2554 199 2588 per
224 2556 366 2577 succum
391 2555 410 2576 e
435 2542 622 2588 papaveris
656 2553 761 2587 scapo
790 2540 905 2573 inciso
941 2549 1147 2584 expressum
1183 2538 1328 2572 dolores
1357 2547 1457 2570 acres
1479 2535 1590 2570 vehe-

133 2596 348 2637 mentesque
387 2591 545 2635 sopiunt.
583 2590 701 2623 cicuta
735 2587 929 2621 nonnullos
954 2587 1098 2621 insanas
1125 2587 1235 2621 etiam
1260 2583 1503 2631 appetitiones
1529 2595 1592 2617 ex-

134 2637 284 2672 tinxisse
320 2638 540 2683 accepimus,
583 2643 620 2670 et
658 2636 821 2670 elleboro
854 2634 988 2668 multos
1023 2634 1216 2669 diuturnos
1248 2631 1393 2667 morbos
1418 2630 1591 2676 abegisse.

135 2695 209 2730 quo
232 2686 274 2718 fit
298 2691 339 2720 ut
362 2684 462 2732 quod
497 2683 840 2729 reprehendendumv
863 2679 900 2714 in
928 2687 1087 2717 creatore
1110 2681 1288 2728 putabas,
1327 2678 1440 2725 magis
1469 2683 1505 2713 te
1531 2690 1593 2711 co-

136 2730 306 2777 hortetur
324 2744 397 2780 quo
421 2740 503 2778 erga
529 2732 646 2779 ipsum
672 2737 794 2776 gratus
816 2729 875 2763 sis,
904 2731 919 2758 f
