1826 3120
584 130 869 171 summum
901 130 1039 172 1¹1st
1072 130 1144 171 iv.
1464 113 1580 185 609

118 232 309 287 ἀτυχῶν,
340 229 416 287 τὴν
441 231 646 284 βασιλίδα
671 229 990 284 καταλαμβάνει
1007 262 1018 284 ,
1047 230 1121 272 τὸν
1149 229 1372 285 Κομνηνὸν
1400 229 1449 274 δὲ
1477 233 1583 274 Μα-

119 297 250 355 νουὴλ
287 294 616 352 κουροπαλὰτην
651 294 834 351 τιμήσας
873 294 977 349 μετὰ
1009 298 1083 339 καί
1108 294 1267 345 παντὸς
1293 297 1369 338 τοῦ
1397 299 1622 354 στρατοῦῦ

118 364 226 408 κατὰ
255 366 340 407 τῶν
377 360 574 417 Τούρκων
612 363 828 415 ἐκπέμπει.
906 361 1039 405 πολλὰ
1081 359 1226 405 λοιπόν
1256 364 1455 407 ἐντεῦθεν
1485 360 1588 407 α’τυ·

120 430 299 489 χήματα
325 435 414 479 τοῖς
440 427 667 482 Ῥωμαίοις
697 431 923 482 συμβαίνει
946 446 958 457 ·
1031 430 1219 482 πολέμου
1261 430 1342 487 γάρ
1374 446 1454 472 που
1486 447 1588 485 συγ-

82 498 396 553 Βκροτηθέντος
425 493 498 537 καί
516 493 642 544 αὐτὸς
671 493 925 550 ὃΠΙανουὴλ
953 501 1174 550 κρατεῖται
1202 494 1278 539 καὶ
1302 498 1381 538 τοῦ
1406 499 1592 553 στρατοῦ

118 562 276 613 παντὸς
303 560 494 606 ἀπώλεια
518 563 686 617 γίνεται,
715 563 757 604 εἰ
776 564 850 604 καί
867 560 890 603 0‘
909 560 1132 616 κατασχών
1149 561 1280 605 αὐτὸν
1303 565 1488 619 Τοῦρκος
1518 562 1590 606 διὰ

119 629 257 688 φόβον
285 627 379 672 τινὰ
420 630 494 671 καί
532 625 806 684 ἀποστροφὴν
844 629 920 670 τοῦ
948 627 1183 670 σουλτάνου
1227 626 1456 683 αὐτόμολος
1482 624 1591 683 μετὰ

119 699 195 739 καί
221 693 432 750 Μανουὴλ
463 695 680 749 προσῆλθε
707 695 767 752 τῷ
795 697 978 748 βασιλεῖ’.
1053 693 1122 737 διὰ
1151 696 1252 749 γοῦν
1289 697 1424 738 ταῦτα
1456 696 1592 738 πάντα

119 759 229 817 πρὸς
259 762 535 817 ἐκστρατείαν
555 759 579 800 ὅ
611 759 812 814 βασιλεύς
835 760 910 803 καί
939 755 1068 810 αὖθις
1093 767 1240 816 χωρεῖ’.
1299 763 1592 817 διεπεραιοῖτο

57 835 106 864 ¹0
119 826 270 871 λοιπὸν
297 829 357 878 εἰς
387 826 437 870 τὰ
468 827 550 868 τῶν
570 825 736 881 ἱερείων
763 825 963 868 παλάτια.
1003 825 1076 868 καὶ
1103 829 1335 881 τηνικαῦτα
1364 823 1632 883 περιστεράο

120 897 254 937 ποθεν
279 896 547 951 ἀναφανεῖσα
575 893 628 932 ου’
655 889 789 950 πάντῃ
818 891 976 948 λευκή,
1004 890 1052 935 τὸ
1081 888 1225 935 πλεῖον
1254 895 1300 935 δὲ
1327 894 1594 950 μελάντερος,

119 961 193 1004 καί
219 963 271 1018 τῇ
297 956 462 1016 τριήρει
491 960 567 1000 τοῦ
593 960 803 1011 βασιλέως
839 959 1152 1013 περιπταμένη,
1182 964 1276 1008 ταῖς
1305 961 1440 1003 αὐτοῦ
1465 959 1596 1015 χερσί

118 1029 376 1084 περιπίπτει.
437 1027 591 1074 ἐκεῖνος
632 1026 680 1066 δὲ
723 1024 830 1080 πρὸς
869 1024 948 1080 τὴν
976 1026 1178 1079 βασιλίδα
1211 1027 1413 1079 ἐκπέμπει
1443 1024 1591 1082 αὐτήν.

121 1093 172 1135 οὔ
202 1094 392 1149 χρηστῆς
435 1093 482 1133 δὲ
508 1089 760 1146 ἀποβάσεως
798 1090 940 1141 ἔδοξεν
971 1087 1097 1147 αὕτη.
1157 1091 1330 1147 α’παίρει
1362 1095 1402 1133 δ”
1430 1094 1593 1135 ἐκεῖθεν

59 1153 142 1206 1ὗὸ
174 1157 377 1214 βασιλεύς
408 1158 486 1199 οὐκ
515 1155 560 1199 ἔν
588 1174 673 1199 τινι
699 1156 808 1215 τόπῳ
839 1157 1308 1214 ὃιαφανεῖ,,Ἑλεπόλει
1337 1160 1384 1200 δέ
1413 1174 1510 1212 τινι,
1540 1156 1593 1213 ἢν

122 1224 164 1268 οἱ
193 1221 480 1281 ἀγροικότεροι
505 1223 708 1265 Ἐλεεινοῢ
727 1223 850 1266 πόλιν
878 1225 1093 1266 καλοῦσιν.
1126 1222 1273 1274 οἰωνὸς
1297 1226 1343 1267 δὲ
1372 1226 1447 1266 καί
1470 1225 1591 1267 τοῦτο

122 1290 338 1340 οἷπαίσιος.
369 1290 475 1346 πρὸς
502 1289 668 1340 τούτοις
697 1290 770 1332 καί
806 1288 946 1346 ἕτερόν
978 1306 1020 1332 τι
1039 1293 1229 1334 τοιοῦτον
1258 1290 1508 1345 συμβαίνει·
1541 1288 1589 1331 τὸ

114 1357 204 1412 -γοὶρ
244 1357 398 1412 ἐπέχον
422 1354 494 1412 τήν
521 1354 743 1412 βασιλικὴν
768 1355 922 1412 σκηνὴν
951 1356 1074 1407 ξύλον
1112 1359 1314 1412 κατεαγὲν
1343 1361 1593 1399 καταπεσεῖν

119 1422 274 1480 ταύτην
293 1423 529 1479 πεποίηκεν.
557 1428 698 1477 χωρεῖ’
717 1424 952 1478 περαιτέρω
982 1424 1055 1477 τῆς
1074 1426 1157 1465 ἕω·
1189 1423 1262 1465 καί
1283 1420 1591 1476 ὃειλαινὸμενος

53 1502 106 1529 ao
120 1495 206 1540 τοῖς
237 1492 428 1546 σημείοις
456 1490 500 1532 ἐν
530 1488 808 1544 ὑψηλοτέροις
824 1486 990 1543 δώμασι
1021 1488 1096 1545 τὴν
1123 1487 1365 1533 α’νοῖπαυσιν
1391 1491 1586 1532 ἐποιεῖτο,
1604 1499 1632 1531 D

119 1736 385 1776 conseruisset,
409 1747 449 1770 ac
472 1736 607 1782 partim
633 1737 776 1770 fortuna
802 1737 933 1771 fuisset
958 1748 1041 1771 usus
1065 1748 1237 1782 prospera
1265 1736 1393 1782 partim
1421 1735 1582 1779 adversa,

119 1786 157 1818 in
182 1784 308 1817 urbem
337 1783 457 1824 rediit,
483 1790 520 1817 et
544 1785 753 1818 Manuelum
780 1784 1002 1817 Comnenum
1031 1784 1207 1829 dignitate
1220 1784 1448 1830 Curopalatis
1478 1796 1584 1818 orna-

117 1837 196 1865 tum
220 1831 398 1865 universis
424 1843 503 1864 cum
528 1832 642 1877 copiis
660 1831 830 1865 adversus
845 1832 982 1865 Tui-cos
1009 1832 1139 1865 emisit.
1166 1842 1210 1865 ex
1234 1842 1277 1864 eo
1302 1837 1466 1876 tempore
1489 1832 1584 1865 mul-

117 1884 178 1912 tae
207 1879 430 1912 calamitates
457 1880 624 1912 Romanis
651 1878 869 1912 acciderunt.
910 1891 992 1912 nam
1021 1890 1102 1912 cum
1126 1878 1222 1912 forte
1250 1890 1378 1912 manus
1409 1879 1582 1925 utrinque

117 1931 414 1967 consererentur,
445 1926 638 1959 Manuelus
678 1927 756 1971 ipse
791 1931 916 1972 captus
946 1931 1000 1960 est
1025 1931 1062 1959 et
1101 1926 1290 1959 universus
1329 1926 1508 1959 exercitus
1533 1926 1582 1960 ad

115 1974 404 2008 internecionem
434 1985 568 2008 caesus.
593 1973 657 2007 sed
686 1979 809 2007 tamen
831 1974 970 2007 Turcus
995 1973 1058 2006 ille
1084 1974 1147 2018 qui
1172 1973 1386 2006 Manuelum
1409 1978 1580 2019 ceperat,

116 2026 216 2055 metu
236 2021 392 2066 quodam
408 2021 596 2066 perculsus
622 2020 779 2066 Ideoque
803 2020 966 2066 partibus
991 2021 1132 2054 Sultani
1156 2020 1308 2054 desertis
1324 2046 1333 2062 ‚
1359 2026 1488 2065 sponte
1516 2033 1580 2054 sua

115 2079 196 2102 cum
223 2067 396 2101 Manuelo
438 2068 485 2102 ad
526 2069 782 2113 imperatorem
822 2068 1024 2112 transfugit.
1064 2067 1126 2100 has
1159 2067 1206 2100 ob
1232 2079 1355 2101 causas
1382 2068 1580 2112 imperator

114 2116 247 2150 iterum
273 2115 546 2161 expeditionem
569 2116 749 2157 instituit;
775 2126 930 2161 eumque
953 2115 1155 2148 traiecisset
1177 2114 1222 2148 ad
1237 2115 1452 2148 Hiereorum
1477 2116 1581 2160 pala-

115 2163 186 2205 tia,
225 2163 395 2197 columba
428 2163 606 2209 quaedam
643 2162 812 2196 alicunde
852 2162 974 2196 subito
1015 2163 1200 2208 apparuit,
1244 2174 1319 2195 non
1346 2162 1411 2194 illa
1431 2162 1578 2207 quidem

114 2221 261 2256 prorsus
285 2210 368 2243 alba
394 2211 460 2244 sed
485 2211 531 2244 ad
551 2209 776 2254 nigredinem
797 2221 956 2254 vergens.
975 2220 1017 2242 ea
1047 2210 1229 2243 triremem
1252 2210 1482 2254 imperatoris
1510 2211 1579 2243 cir-

117 2258 324 2292 cumvolans
349 2257 392 2290 ab
418 2269 461 2291 eo
490 2258 658 2291 manibus
683 2263 785 2302 capta
811 2263 890 2298 est,
918 2262 954 2290 et
978 2255 1023 2290 ad
1058 2257 1327 2302 imperatricem
1367 2257 1487 2291 missa.
1511 2269 1579 2302 pa-,·

116 2317 197 2338 rum
223 2304 313 2339 haec
344 2304 436 2338 belli
475 2305 617 2339 felicem
646 2306 782 2338 exitum
822 2304 1030 2349 imperatori
1055 2304 1274 2350 portendere
1301 2305 1378 2338 visa
1405 2304 1485 2337 fuit.
1513 2304 1578 2337 ubi

116 2353 283 2386 solvisset
306 2351 391 2385 hinc
414 2353 622 2397 imperator,
648 2363 723 2385 non
748 2352 792 2384 ad
822 2352 957 2384 clarum
983 2351 1142 2397 aliquem
1165 2352 1286 2385 locum
1309 2352 1488 2396 pervenit,
1511 2351 1577 2384 sed

117 2399 164 2432 ad
188 2410 270 2433 eum
299 2400 362 2444 qui
389 2400 577 2444 llelepolis
603 2399 746 2432 dicitur.
781 2399 987 2433 rusticiores
1021 2399 1265 2444 Eleinopolim
1288 2403 1440 2439 vocant,
1473 2399 1577 2443 quasi

117 2446 216 2480 dicas
244 2446 418 2492 oppidum
444 2447 660 2480 miserabile.
689 2447 757 2479 hoc
794 2457 939 2491 quoque
967 2456 1032 2491 pro
1068 2447 1187 2480 omine
1214 2446 1372 2479 infausto
1397 2444 1574 2479 habitum.

117 2499 263 2539 praeter
290 2494 380 2528 haec
413 2493 514 2526 aliud
548 2493 720 2539 quiddam
745 2492 970 2526 imiusmmfi
1004 2493 1143 2527 accidit.
1181 2494 1320 2538 lignum
1355 2492 1450 2525 illud
1476 2493 1574 2537 quod

118 2542 345 2586 imperatoris
371 2541 645 2575 tabernaculum
666 2541 879 2580 sustinebat,
903 2540 1055 2574 fractum
1079 2541 1198 2574 effecit
1222 2546 1262 2574 ut
1286 2540 1403 2584 ipsum
1427 2551 1574 2586 quoque

118 2588 392 2622 tabernaculum
431 2588 683 2622 collaberetur.
719 2588 804 2621 hiuc
843 2589 994 2622 ulterius
1019 2589 1216 2634 imperator
1242 2587 1426 2620 Orientem
1451 2598 1573 2620 versus

119 2636 374 2680 progrediens,
400 2636 499 2681 quod
525 2635 697 2681 prodigiis
722 2635 821 2668 hisce
849 2635 995 2669 territus
1019 2635 1190 2669 nonnihil
1218 2633 1288 2667 sibi
1313 2639 1510 2675 metueret,
1536 2635 1574 2668 in

122 2682 326 2726 regionibus
362 2683 635 2717 sublimioribus
678 2695 758 2716 cum
783 2683 896 2728 copiis
921 2683 1096 2716 stationes
1123 2682 1292 2714 habebat.
1318 2682 1499 2714 enimvero
1526 2693 1574 2713 ne

121 2729 193 2763 illis
218 2730 366 2775 quidem
396 2731 432 2764 in
460 2731 548 2765 locis
570 2731 692 2764 omina
716 2741 928 2764 concurrere
956 2729 1181 2763 desinebant.
1209 2729 1344 2773 quippe
1373 2729 1573 2763 domuncu-

205 2799 350 2843 Glscas.
1276 2797 1320 2840 39
