1826 3120
549 180 833 223 ANNALmM
872 182 1008 224 PARS
1049 184 1122 224 111.
1424 164 1538 232 433

193 280 334 335 »Πλὴν
372 283 412 324 εἶ
452 287 541 332 τοῖς
567 285 644 338 τῆς
671 283 838 343 φύσεως
863 285 1007 337 νόμοις
1034 285 1262 339 ὑπέπεσεν,
1293 286 1335 327 εἰ
1359 288 1434 330 καί
1458 286 1542 329 302-

97 362 221 391 νατον
238 345 448 401 ἐγεύσατο,
476 350 517 391 εἰ
540 349 613 392 καί
635 348 828 406 μνήματι
854 352 1055 406 κατετέθη
1076 347 1134 400 ὥς
1163 345 1398 405 ἅνθρωπος,
1429 350 1539 395 «iaici

96 412 200 463 τούς
237 410 364 468 ὅρους
401 415 585 471 νενίκηκε
622 418 697 471 τῆς
728 417 911 473 φύσεως,
941 411 1047 459 ἀλλὰ
1078 415 1213 473 τάφος
1243 418 1316 460 καί
1341 420 1542 474 νέκρωσις

98 478 235 535 αὐτὴν
267 477 318 522 οὔ
346 479 588 538 κεκράτηκε·
644 485 721 525 τοῦ
748 481 829 538 γάρ
857 480 1074 537 μνήματος
1105 485 1304 539 ἐξανέστη
1332 483 1404 526 καί
1432 482 1542 540 αὕτη

61 544 402 601 ὄπαραπλησίως
441 549 500 605 τῷ
535 548 615 606 υἱῷ
641 549 769 605 αὐτῆς
795 549 868 591 καί
895 550 1002 606 θεῷ,
1041 549 1150 603 μόνα
1191 551 1306 606 παρὰ
1334 552 1392 607 τῷ
1420 550 1542 608 τάφῳ

97 612 392 666 καταλείψασα
420 613 471 655 τοὶ
501 612 689 670 ἐντάφια.
746 613 820 656 καί
848 616 1066 656 πιστοῦται
1092 614 1164 657 τὸν
1193 616 1315 670 λόγον
1340 614 1544 670 Ἰουβενά-

97 680 185 726 λιος
211 674 235 718 ὅ
262 679 348 720 τῶν
366 677 670 734 Ἱεροσολύμων
694 679 962 734 χρηματίσας
987 683 1103 730 θεῖος
1128 682 1363 734 ἐπίσκοπος,
1394 681 1468 736 τήν
1498 696 1546 723 τε

95 746 173 785 τοῦ
217 744 352 797 Θωμᾶ
399 742 700 799 διηγησάμενος
743 745 993 800 α’πόλειψιν,
1038 745 1114 801 τῆν
1153 745 1380 803 ἐσύστερον
1414 747 1546 790 αὐτοῦ

96 807 214 864 παρὰ
243 810 303 867 τῷ
331 807 452 868 τάφῳ
484 812 759 865 προσέλευσιν
787 813 860 854 καί
885 811 963 867 τήν
991 813 1059 854 ἐπ’
1076 814 1195 870 αὐτῷ
1212 815 1270 871 τῷ
1285 811 1407 870 τάφῳ
1428 821 1587 868 γεγο-Ι)

39 880 219 921 ιονυῖαν
259 881 359 931 παρ’
397 876 530 918 αὐτοῦ
559 879 837 928 κατεξέτασιν.
881 876 920 918 οἱ
946 875 1029 932 γάρ
1064 878 1290 921 ἀπόστολοι
1319 882 1544 934 τηνικαῦτα

97 942 357 997 διανοιγῆναι
396 939 466 984 τὸν
499 939 636 998 τάφον
677 941 918 984 κελεύουσιν
959 941 1032 985 ἅτε
1075 943 1150 986 τὸν
1178 946 1337 998 Θωμᾶν
1366 943 1545 999 ὁρῶντες

95 1008 168 1051 ἐπὶ
208 1009 262 1065 τῇ
298 1007 521 1061 ἀπολείψει
558 1008 691 1050 πολλὰ
735 1010 1087 1064 δυσχεραίνοντα,
1134 1013 1208 1052 καί
1247 1009 1272 1052 ὅ
1301 1012 1381 1065 μὲν
1407 1009 1545 1068 τάφος

94 1068 311 1130 ἦνοίγετο,
347 1072 370 1116 ὅ
398 1075 446 1116 δὲ
475 1073 696 1131 θησαυρὸς
736 1074 855 1124 ἐντὸς
887 1069 939 1130 ἦν
967 1075 1190 1130 οὐδαμῶς,
1233 1076 1345 1130 μόνα
1388 1079 1434 1120 δὲ
1463 1079 1545 1119 κεί-

93 1155 227 1194 μενα,
263 1138 454 1194 καθάπερ
482 1139 672 1197 εἴρηται,
718 1139 771 1182 τὰ
803 1140 996 1197 ἐντάφια.
1053 1139 1120 1184 ὅτι
1149 1145 1196 1185 δὲ
1222 1142 1248 1198 ἦ
1277 1142 1387 1198 αὕτη
1418 1143 1492 1185 καί
1517 1140 1546 1198 ἧ

36 1205 83 1246 15
96 1206 168 1249 ἐπὶ
202 1207 278 1261 τῆς
314 1204 572 1261 θεομὴτορος
599 1204 748 1260 ἔμελλε
773 1207 972 1261 γενέσθαι
1003 1203 1254 1260 ἀνάστασις,
1287 1211 1362 1251 καί
1386 1208 1545 1263 ταύτην

95 1273 143 1315 ἐκ
169 1274 325 1327 νεκρῶν
352 1273 578 1327 ἐγερθῆναι
607 1271 720 1325 καθα
760 1273 810 1327 δὴ
844 1272 917 1315 καί
941 1272 1017 1315 τὸν
1044 1272 1139 1316 υἱὸν
1170 1270 1316 1329 αὕτῆς,
1349 1274 1372 1316 ὅ
1405 1271 1545 1327 μακά..

95 1353 188 1394 ριος
224 1338 368 1392 Δαβίδ
406 1337 660 1395 προφθάσας
698 1337 908 1394 ἐδήλωσεν
947 1337 1081 1390 οὕτως
1122 1340 1250 1382 εἰπών
1278 1338 1545 1396 ,,ἀνοίστηθι,

95 1403 243 1461 κύριε,
287 1406 349 1454 εἰς
384 1403 459 1462 τὴν
486 1403 724 1448 ἅνάπαυσίν
752 1420 842 1459 σου,
872 1404 925 1447 σύ
956 1405 1028 1448 καί
1055 1406 1081 1461 ἦ
1111 1406 1288 1460 κιβωτὸς
1316 1409 1393 1449 τοῦ
1423 1405 1546 1461 ἆγιά-

95 1468 251 1524 σματός
289 1473 406 1513 σου.”
461 1470 608 1526 ἐπειδὴ
639 1470 718 1527 γὰρ
748 1471 824 1526 τὴν
862 1472 907 1514 ἐν
943 1471 1094 1527 γαστρί
1117 1470 1392 1526 βαστάσασαν
1420 1471 1673 1519 αὕτόνΡ.233

30 1550 82 1577 20
95 1536 324 1580 κάντεῦθεν
360 1536 538 1591 κιβωτὸν
565 1536 826 1592 ἅγιάσματος
850 1540 1191 1592 χρηματίσασαν,
1222 1535 1354 1589 οὕτως
1380 1541 1548 1595 ἐγηγερ-

95 1603 224 1659 μὲνην
257 1604 304 1646 ἐκ
339 1603 480 1659 τάφου
512 1605 770 1658 προ-ἔγνωκεν
796 1601 822 1645 o‘
849 1605 993 1657 Δαβίδ
1033 1604 1145 1646 καθὰ
1189 1603 1241 1660 δὴ
1285 1607 1359 1647 καί
1395 1605 1466 1647 τὸν
1501 1607 1546 1655 ἐξ

101 1670 234 1726 αὐτῆς
259 1672 510 1725 γεννηθέντα
537 1667 726 1725 Χριστὸν
751 1667 824 1713 τὸν
851 1669 945 1712 υἱὸν
971 1672 1055 1714 τοῦ·
1080 1672 1187 1713 θεοῦ
1208 1670 1282 1714 καί
1296 1670 1407 1725 θεόν,
1436 1673 1547 1714 εἰκό-

199 1801 250 1843 14.
276 1795 338 1834 ὅτε
362 1798 397 1832 Ρ.

195 1913 381 1948 Caeterum
401 1911 543 1945 tametsi
564 1911 660 1956 virgo
685 1916 797 1945 mater
822 1915 973 1946 naturae
998 1910 1138 1958 legibus
1163 1910 1233 1947 suit
1257 1911 1424 1955 obnoxia,
1451 1918 1542 1949 tam-

95 1967 162 2000 etsi
193 1967 344 1996 mortem
370 1958 582 2004 degustavit,
611 1960 751 1993 tametsi
786 1965 826 1992 ut
849 1959 956 1993 homo
982 1960 1019 1992 in
1046 1961 1249 2006 sepulcrum
1279 1967 1333 1994 est
1357 1961 1542 2006 deposita,

94 2019 245 2047 naturae
271 2013 394 2042 tamen
426 2007 515 2039 fines
542 2012 651 2051 atque
676 2006 847 2040 terminos
883 2008 1064 2051 superavit
1093 2013 1131 2042 et
1154 2009 1316 2049 excessit,
1341 2019 1460 2054 neque
1486 2021 1543 2043 se-

93 2061 258 2105 pulcrum
284 2061 321 2088 et
342 2054 543 2087 mortalitas
576 2064 650 2086 eam
689 2054 727 2086 in
761 2059 941 2098 potestate
966 2065 1030 2087 sua
1055 2055 1210 2088 retinere
1229 2056 1357 2100 potuit.
1397 2068 1478 2088 nam
1505 2063 1541 2090 et

94 2109 172 2152 ipsa
199 2106 243 2139 de
269 2102 434 2147 sepulcro
459 2101 661 2142 resurrexit,
688 2111 832 2146 prorsus
859 2102 913 2134 uti
937 2101 1032 2134 filius
1058 2101 1132 2135 eius
1149 2102 1317 2147 idemque
1336 2103 1424 2135 deus
1443 2104 1540 2136 sece-

95 2161 168 2195 rat‚
209 2151 295 2186 solis
331 2148 591 2193 sepulcralibus
627 2148 763 2180 exuviis
794 2147 832 2180 in
865 2155 1096 2182 monumento
1122 2149 1263 2183 relictis.
1306 2149 1390 2182 huic
1417 2162 1540 2183 narra-

94 2201 185 2235 tioni
212 2198 320 2233 fidem
345 2195 433 2228 facit
458 2194 600 2228 (livinus
627 2195 689 2228 ille
715 2195 911 2234 Iuvenalis,
947 2195 1010 2240 qui
1032 2196 1360 2240 Hierosolymorum
1388 2199 1538 2231 antistes

92 2248 172 2282 fuit.
197 2245 347 2291 exponit
371 2243 434 2276 ille
461 2253 534 2287 quo
561 2247 665 2287 pacto
693 2241 730 2274 id
755 2243 926 2286 temporis
952 2242 1106 2276 Thomas
1131 2243 1308 2286 abfuerit,
1334 2255 1405 2289 quo
1431 2250 1537 2290 pacto

93 2295 261 2339 deinceps
286 2291 333 2324 ad
358 2290 561 2335 sepulcrum
586 2289 790 2330 accesserit,
826 2300 897 2334 quo
922 2295 1027 2334 pacto
1053 2290 1145 2323 illud
1172 2291 1289 2336 ipsum
1313 2293 1538 2336 perquisive-

94 2342 149 2376 rit.
195 2340 327 2375 etenim
357 2337 511 2383 apostoli
528 2335 689 2369 'rhomae
715 2336 827 2380 gratia
843 2337 1046 2381 sepulcrum
1068 2339 1198 2382 aperiri
1221 2338 1412 2379 iusserunt,
1436 2339 1536 2384 quod

93 2389 195 2422 illum
219 2391 407 2422 cernerent
432 2384 631 2417 absentiam
664 2385 700 2416 in
724 2388 838 2416 morte
863 2384 1010 2427 virginis
1037 2395 1137 2418 suam
1161 2386 1413 2419 molestissimo
1441 2387 1535 2419 ferre

93 2436 223 2469 animo.
265 2435 388 2478 itaque
417 2431 619 2476 sepulcrum
651 2430 796 2476 quidem
822 2431 1002 2474 aperitur,
1041 2437 1077 2464 at
1111 2432 1188 2477 ipse
1215 2431 1402 2466 thesaurus
1428 2440 1464 2465 tn
1490 2445 1534 2466 eo

93 2482 295 2516 reconditus
320 2491 387 2513 nus
417 2490 497 2511 uam
522 2478 741 2523 apparebat:
770 2477 887 2517 solae,
920 2477 1019 2523 quod
1044 2478 1176 2512 dictum
1203 2486 1273 2520 est,
1315 2479 1533 2524 sepulcrales

93 2530 240 2562 exuviae
267 2491 549 2572 reperielbantur.
586 2525 762 2557 consimili
782 2525 948 2557 nimirum
973 2525 1078 2558 modo
1107 2533 1143 2560 et
1166 2528 1278 2572 ipsam
1303 2527 1360 2568 dei
1385 2532 1534 2560 matrem

93 2588 137 2609 ex
159 2576 305 2609 mortuis
330 2578 602 2607 resurrecturam
627 2572 738 2605 fuisse
757 2597 765 2613 ,
798 2582 868 2616 quo
895 2571 988 2605 filius
1010 2579 1272 2615 resurrexerat,
1309 2574 1424 2606 multo
1450 2579 1534 2608 ante

54 2658 56 2660 ,
91 2624 219 2656 beatus
239 2622 302 2655 ille
318 2621 473 2655 Davides
491 2619 697 2653 huiusmodi
718 2618 834 2652 verbis
850 2619 1110 2662 significaverat
1130 2621 1197 2666 (ps.
1233 2622 1287 2653 131
1319 2622 1374 2664 8):
1393 2632 1532 2665 „sm-ge,

93 2669 249 2709 domine,
275 2669 312 2702 in
336 2669 533 2714 requietem
559 2673 666 2706 tuam,
694 2671 732 2699 tu
759 2666 903 2710 inquam
931 2666 1019 2711 ipse,
1046 2673 1082 2701 et
1099 2679 1179 2700 arca
1197 2668 1394 2700 sanctitatis
1415 2669 1533 2700 tuae.’'

93 2728 175 2750 nam
194 2716 278 2762 quia
292 2721 396 2748 norat
406 2714 560 2748 Davides
577 2725 665 2752 eam,
683 2723 773 2757 quae
792 2711 971 2747 Christum
991 2720 1091 2748 utero
1109 2726 1172 2748 suo
1190 2719 1360 2758 gestasset
1378 2715 1530 2748 ncillam

94 2765 207 2810 ipsam
232 2763 278 2796 ob
306 2774 445 2797 causam
468 2774 549 2796 arca
573 2761 775 2796 sanctitatis
808 2766 902 2794 essct
935 2766 1046 2807 atque
1082 2767 1367 2808 nuncuparetur,
1405 2762 1531 2797 eodem

182 2833 324 2878 Glycas.
1238 2835 1282 2866 28
