1826 3120
259 123 276 158 1
291 123 325 157 O
694 115 981 159 MICHAELIS
1022 111 1239 155 GLYCAE

244 222 447 277 Ἰωσήπου
463 237 474 249 ·
530 219 698 267 σκότους
722 215 803 270 γάρ
832 217 986 263 ἐκεῖνος
1014 209 1071 262 ὥς
1095 213 1293 263 Ἰουδαῖος
1310 211 1514 269 ὖπαρχων
1539 211 1691 267 μεστὸς

237 286 484 342 ’ἀναβλέψαι
523 285 629 341 πρὸς
676 281 723 326 τὸ
764 282 855 338 φῶς
893 276 970 322 οὔκ
996 280 1214 336 ἠθέλησεν.
1281 277 1401 322 ἔνθεν
1425 295 1490 322 τοι
1517 281 1591 322 καί
1615 276 1692 335 τὴν

248 354 378 397 νύκτα
406 356 481 407 τῆς
508 353 669 407 ἡμέρας
695 348 912 403 προέταξε.

357 421 452 462 Καὶ
482 419 638 472 ἐγένετο
668 411 848 468 ἑσπέρα,
889 413 963 454 καί
988 413 1147 467 ἐγένετο
1174 412 1291 466 πρωῒ
1315 409 1454 469 ἧμέρα
1475 415 1570 466 μία.
1627 413 1693 454 τί-

247 501 317 535 νος
343 488 477 528 ἕνεκεν
516 483 702 525 ἐνταῦθα
740 475 854 521 εἶπεν
893 477 1032 533 ἡμέρα
1061 478 1166 532 μία,
1209 476 1282 519 καί
1309 479 1385 519 οὐκ
1414 474 1528 520 εἶπεν
1552 477 1729 535 ἧμέραό

167 550 416 605 Ρ.5πραὶτη,·
445 551 581 590 καίτοι
610 562 656 600 γε
685 546 810 587 τοῦτο
838 539 889 598 ἦν
929 544 1284 599 α’κολουθότερον,
1315 542 1398 598 εἴγε
1426 541 1530 597 μετὰ
1556 545 1692 586 ταῦτα

245 615 391 669 έζιιελλε
421 616 556 668 λέγειν
601 613 704 665 ,,καί
731 612 890 665 ἐγένετο
918 606 1097 664 ἑσπέρα,
1130 609 1202 651 καί
1226 610 1385 664 ἐγένετο
1413 611 1531 664 πρωῒ
1551 605 1692 665 ἡμέρα

245 681 478 736 &wespa-'²
507 681 580 732 τῆς
611 678 690 733 γὰρ
713 678 910 731 δευτέρας
932 676 1004 717 καί
1029 677 1101 730 τῆς
1127 675 1268 731 τρίτης
1298 678 1342 727 ἐξ
1369 671 1550 730 ἀνάγκης
1577 671 1692 731 πρῶν’

242 764 291 802 τη
323 744 524 801 κατάρχει
552 760 598 786 τε
627 745 700 785 καί
726 747 975 797 προηγεῖται.
1033 738 1145 784 εἶπεν
1164 737 1240 784 οὖν
1270 742 1408 797 ἡμέρα
1434 742 1512 795 μία
1533 739 1581 783 τὸ
1609 743 1689 794 με’.

240 828 338 867 τρον
362 812 523 867 ἡμέρας
550 813 622 852 καί
646 807 792 858 νυκτὸς
823 809 1095 863 περιορίζων,
1133 807 1206 849 καὶ
1236 808 1460 851 συνάπτων
1486 809 1563 850 τοῦ
1585 804 1688 863 ἧμε-
1707 825 1755 852 xo

241 881 458 931 ρονυκτίου
502 875 573 919 τὸν
608 873 777 932 χρόνον,
820 874 877 923 ὠς
911 876 992 916 τῶν
1030 872 1375 929 εἰκοσιτεσσάρων
1420 873 1543 930 (ὁρῶν
1585 875 1689 927 μιᾶς

239 945 533 998 έκπληρουσῶν
575 943 734 998 ἡμέρας
777 938 1011 995 διάστημα,
1050 941 1442 996 συνυπακουομένης
1472 942 1524 997 τῇ
1552 935 1688 997 ἡμέρᾳ

238 1007 427 1064 δηλονότι
455 1011 528 1050 καί
554 1010 627 1063 τῆς
663 1005 807 1056 νυκτός
825 1023 835 1033 ·
909 1005 982 1047 καί
1009 1004 1089 1061 γὰρ
1133 1006 1159 1062 ἧ
1189 1009 1269 1048 τοῦ
1293 1007 1476 1062 ου’ρανοῦ
1501 1005 1583 1048 α’πὸ
1612 1007 1690 1049 τοῦ

236 1077 373 1117 αυ’τοῦ
399 1076 575 1129 σημείου
604 1073 676 1117 έπί
707 1071 751 1115 τὸ
782 1068 886 1114 αὐτὸ
920 1072 1047 1115 πάλιν
1074 1073 1566 1132 ἅποκατάστασιςὲνμιξι
1583 1069 1688 1128 ἦμέ-

235 1157 290 1198 ρᾳ
320 1141 494 1195 γίνεται.
1703 1139 1751 1182 15

198 1214 223 1247 B
345 1207 438 1249 Καὶ
461 1206 560 1263 περὶ
585 1209 664 1261 μὲν
679 1207 752 1262 τῆς
780 1205 928 1254 οὖσίας
956 1207 1031 1247 τοῦ
1064 1206 1252 1262 ου’ρανοῦ
1279 1207 1405 1248 πλέον
1433 1205 1485 1247 ου’
1513 1206 1584 1247 δεῖ
1607 1221 1686 1247 πο-

233 1277 554 1328 λυπραγμονεῖν,
581 1271 666 1327 εἴγε
694 1273 768 1313 καί
798 1264 957 1325 μᾶλλον
985 1270 1005 1313 ὃ
1034 1271 1253 1327 προφήτης
1274 1270 1454 1320 εΗσαΐας
1481 1267 1585 1313 uiuet
1609 1286 1687 1313 κα-

233 1337 335 1380 πνὸν
374 1335 502 1380 αὐτὸν
527 1339 824 1394 στερεωθῆναί
845 1353 973 1394 φησιν
1014 1336 1096 1378 ὑπὸ
1119 1339 1248 1390 θεοῦ,
1286 1335 1362 1392 τήν
1391 1336 1524 1393 φύσιν
1545 1337 1687 1379 ἐντεῦ-

231 1407 309 1451 θεν
338 1405 469 1446 αὐτοῦ
509 1405 750 1460 παριστῶν,
793 1400 861 1444 ὅτι
899 1402 1022 1459 λεπτὴ
1068 1404 1162 1445 λίαν
1190 1402 1313 1444 ἐστίν.
1373 1399 1393 1444 ὅ
1427 1404 1473 1445 δὲ
1502 1399 1686 1445 Πλάτων

234 1472 495 1525 οὕσιωθῆναι
520 1473 631 1524 λέγει
662 1468 736 1512 τὸν
781 1468 959 1524 ου’ρανὸν
987 1472 1032 1512 ἐκ
1060 1471 1132 1524 τῆς
1162 1469 1504 1525 αὕτοειδεστέρας
1529 1467 1685 1524 μοίρας
1697 1481 1750 1510 20

327 1596 382 1619 20.
408 1583 714 1632 αὕτοειδεστέρας
737 1585 771 1618 Ρ.

234 1687 337 1728 parte
361 1682 508 1716 missum
531 1681 620 1715 mihi
646 1680 839 1728 Iosephum
866 1681 976 1714 facito
992 1706 1001 1722 ‚
1029 1681 1090 1727 qui
1127 1691 1226 1721 cum,
1266 1683 1308 1714 ut
1332 1680 1481 1713 natione
1505 1679 1682 1722 Iudaeus,

234 1730 398 1774 caliginis
433 1730 562 1774 plenus
599 1729 730 1770 fuerit,
771 1729 816 1761 ad
834 1728 953 1762 lucem
988 1729 1169 1774 suspicere
1197 1726 1333 1769 noluit,
1360 1738 1475 1773 eaque
1505 1726 1550 1760 de
1576 1738 1683 1762 causa

235 1782 378 1811 noctem
405 1782 487 1810 ante
516 1776 611 1809 diem
635 1776 845 1809 numeravit.
1638 1802 1650 1807 -

329 1823 463 1857 Verum
489 1835 551 1856 cur
573 1834 683 1856 unum
708 1822 804 1855 diem
829 1823 967 1863 Moses,
1002 1833 1075 1855 non
1103 1821 1256 1866 primum
1284 1820 1398 1862 dixit,
1423 1833 1502 1854 cum
1527 1821 1579 1855 ait
1601 1822 1683 1863 „fa-

238 1875 295 1904 cto
318 1881 465 1916 vespere
500 1883 539 1904 ac
574 1881 679 1903 mane
711 1869 788 1902 dies
822 1882 913 1902 unus
941 1869 1124 1903 exstitit?''
1159 1880 1239 1910 cur,
1265 1868 1432 1913 inquam,
1458 1879 1532 1901 non
1559 1870 1682 1913 potius

239 1917 354 1959 dixit,
381 1917 458 1951 dies
483 1919 619 1963 primus
649 1915 814 1950 exstitit?
858 1917 990 1950 etenim
1017 1917 1086 1950 hoc
1110 1916 1242 1949 rationi
1264 1916 1371 1959 magis
1400 1921 1683 1950 consentaneum

237 1965 384 2006 fuisset,
422 1965 566 2010 quando
603 1964 800 1998 secundum
834 1964 924 1997 haec
957 1964 1116 1997 dicturus
1150 1968 1226 1996 erat
1251 1963 1445 2006 „factoque
1467 1973 1615 2007 vespere
1640 1974 1683 1997 ac

237 2022 340 2044 mane
367 2012 443 2044 dies
485 2013 575 2045 alter
600 2012 772 2045 exstitit.’'
810 2011 1007 2056 quinetiam
1037 2010 1232 2044 secundum
1261 2015 1298 2042 et
1319 2009 1465 2042 tertium
1487 2009 1583 2043 diem
1605 2011 1683 2056 pri·-

238 2070 316 2092 mus
338 2060 537 2091 necessario
563 2058 759 2104 praecedit.
783 2059 950 2092 nimirum
990 2058 1085 2091 diem
1107 2069 1217 2090 unum
1242 2056 1352 2097 dixit,
1379 2067 1580 2090 mensuram
1607 2057 1684 2091 diei

239 2106 431 2150 noctisque
458 2104 649 2147 definiens,
676 2112 712 2139 et
736 2107 844 2151 spatii
865 2105 987 2138 diurni
1009 2105 1250 2149 nocturnique
1277 2115 1418 2137 cursum
1447 2105 1681 2149 coniungens,

240 2158 411 2197 tanquam
437 2153 664 2197 explenthus
696 2154 925 2187 intervallum
954 2164 995 2186 ac
1029 2158 1168 2197 tempus
1198 2151 1270 2184 diei
1297 2151 1419 2195 (nocte
1442 2152 1587 2184 interim
1613 2152 1680 2185 sub

243 2198 315 2232 diei
341 2199 514 2233 vocabulo
555 2200 824 2246 comprehensa)
853 2201 977 2245 viginti
1004 2206 1040 2234 et
1071 2204 1241 2245 quattuor
1276 2197 1384 2230 horis.
1410 2210 1492 2231 nam
1516 2199 1609 2232 coeli
1634 2198 1680 2231 ab

242 2257 315 2279 uno
343 2247 540 2293 eodemque
563 2254 697 2294 puncto
722 2249 811 2282 moti
836 2247 882 2281 ad
905 2247 1001 2281 idem
1022 2246 1175 2282 reversio
1205 2244 1279 2278 diei
1304 2246 1409 2279 unius
1457 2246 1573 2293 spatio
1601 2246 1682 2279 fieri

240 2295 435 2327 consuevit.

329 2341 384 2374 De
413 2341 505 2374 coeli
529 2346 649 2375 autem
673 2342 827 2379 essentia
852 2347 1050 2388 naturaque
1076 2340 1214 2374 curiose
1234 2339 1421 2384 quippiam
1446 2339 1583 2384 inquiri
1604 2351 1680 2372 am-

235 2387 332 2432 plius
357 2388 454 2421 haud
480 2395 623 2433 oportet
651 2401 758 2434 quam
784 2390 882 2434 quod
905 2395 1003 2423 vates
1028 2389 1147 2422 Esaias
1172 2387 1280 2428 dixit,
1307 2387 1447 2419 coelum
1470 2386 1573 2419 adeo
1598 2392 1680 2420 tan-

236 2445 343 2478 quam
379 2436 514 2468 sumum
559 2436 738 2481 quendam
772 2437 974 2470 stabilitum
1015 2446 1115 2478 esse3
1141 2433 1272 2479 quibus
1295 2433 1414 2467 verbis
1443 2434 1519 2466 eius
1550 2439 1680 2467 natura

238 2481 439 2515 declaratur
463 2494 538 2516 esse
565 2483 757 2517 admodum
779 2485 909 2518 tenuis.
956 2484 1057 2516 Plato
1087 2482 1178 2515 coeli
1206 2481 1396 2514 essentiam
1420 2485 1582 2514 constare
1605 2485 1679 2514 tra-

237 2527 292 2561 dit
315 2541 358 2561 ex
382 2536 481 2574 parte
506 2536 676 2575 quattuor
698 2532 960 2565 elementorum
981 2531 1055 2564 sive
1078 2528 1335 2574 principiorum
1351 2527 1549 2567 lucidiore,
1568 2533 1678 2572 atque

237 2575 302 2608 illa
329 2576 405 2620 ipsa
432 2588 468 2609 re
493 2578 642 2610 caeteris
667 2589 686 2610 a
713 2579 924 2624 corporibus
953 2576 1116 2611 secundis
1145 2575 1307 2608 differre:
1334 2585 1416 2607 nam
1439 2585 1480 2607 ea
1505 2574 1550 2606 de
1574 2579 1679 2619 parte

237 2623 407 2655 crassiore
438 2629 513 2656 orta
541 2636 631 2658 esse.
669 2632 811 2659 secutus
839 2631 894 2659 est
918 2631 1036 2659 autem
1058 2623 1121 2656 has
1151 2623 1340 2667 opiniones
1364 2623 1465 2655 Plato
1487 2626 1679 2666 propterea

237 2668 334 2714 quod
356 2671 538 2703 materiem
567 2674 722 2714 corporis
747 2679 929 2717 expertem
954 2671 1196 2718 praeexistere
1222 2675 1384 2714 putaret,
1423 2669 1467 2701 de
1495 2679 1564 2713 qua
1590 2669 1677 2701 oriri

236 2715 380 2751 volebat
407 2717 585 2754 elementa
609 2718 671 2751 illa
688 2725 869 2764 quantuor,
898 2732 942 2754 ex
965 2718 1095 2766 quihus
1118 2716 1272 2751 mundus
1296 2714 1355 2751 hie
1379 2716 1565 2753 universus
1591 2727 1676 2750 con-
