1826 3120
561 132 844 173 ANNALIUM
884 133 1018 174 PARS
1061 135 1090 173 ι.
1110 113 1116 121 ’
1490 115 1563 169 63

121 233 145 278 ὅ
171 251 215 280 τι
241 234 451 284 ἐνιαύσιος
495 236 639 284 αὐτοῖς
666 234 812 286 κύκλος
848 236 985 292 ἡμέρᾳ
1006 237 1097 292 μιᾷ·
1117 237 1189 277 καί
1215 234 1333 277 νυκτί
1361 232 1564 286 ὡσαύτως
1577 245 1613 280 P.
1629 246 1670 279 33

118 303 385 358 μεμέρισται,
411 301 469 350 ὥς
497 296 601 343 εἶναι
624 301 784 351 τούτοις
811 301 958 344 λοιπὸν
983 300 1059 356 τήν
1087 298 1248 356 ἡμέραν
1267 297 1473 358 ἑξάμηνον
1497 302 1569 346 καὶ

117 368 195 424 τήν
222 368 353 412 νύκτα
382 365 623 423 ἰσάριθμον.
674 370 748 411 καί
771 366 929 410 τούτων
958 363 1104 417 οὕτως.
1211 365 1213 367 ’

231 431 338 478 Οἶδα
368 436 440 488 δέ,
469 434 674 490 άγαπητέ,
716 430 785 476 ὅτε
825 433 900 476 καί
925 435 1049 477 τοῦτο
1078 435 1180 490 πρὸς
1206 441 1294 486 τοῖς
1326 432 1466 488 ἄλλοις
1492 453 1564 480 πε-

79 503 337 559 ὅριεργάζῃ,
364 499 412 543 ‘u'
433 498 484 555 δή
511 515 632 553 ποτε,
663 500 816 554 λέγων,
847 501 919 543 έπί
943 500 1079 557 τρισίν
1101 501 1279 557 ἡμέραις
1307 504 1568 558 ἀνακεχυμέ-

114 584 186 612 νον
213 564 265 624 ἧν
302 569 434 610 ἐκεῖνο
475 564 520 608 τὸ
566 564 829 622 πρωτόγονον
857 568 971 623 φῶς,
1002 568 1047 608 ἐν
1077 568 1124 609 δὲ
1151 569 1202 624 τῇ
1229 570 1404 628 τετάρτῃ
1431 567 1567 628 ἡμέρᾳ

115 640 202 685 τοῖς
229 635 453 691 φωστῆρσι
491 631 798 688 κατεμερίσθη,
827 635 884 690 τῷ
909 649 956 676 τε
994 633 1096 691 ἡλίῳ
1125 635 1311 690 δηλαδή,
1339 638 1390 693 τῇ
1419 638 1568 694 σελήνῃ

115 700 188 743 καί
213 706 302 750 τοῖς
327 704 486 749 λοιποῖς
512 694 738 754 ἆστράσινς
768 698 874 741 ἀλλά
901 698 960 755 μή
990 700 1062 741 ἐπὶ
1086 701 1211 743 πλέον
1237 703 1287 744 τά
1312 705 1412 745 θεῖα
1441 707 1568 745 πολυ-

113 765 347 823 πραγμόνει
364 763 484 822 ῥητά,
516 760 579 807 ὅτι
594 767 706 820 μηδὲ
725 764 983 821 θεραπεύειν
1009 767 1082 809 ἐπὶ
1098 766 1258 816 τούτοις
1276 767 1479 823 ἰσχόομεν
1496 769 1571 826 τὴν

54 849 100 876 ιο
113 833 191 890 σήν
217 832 514 890 φιλομάθειαν.
532 828 626 874 ἴσθι
644 834 869 888 τοιγαροῦν
891 828 954 875 ὅτι
972 832 1153 888 παράγει
1176 835 1254 886 μὲν
1274 833 1297 875 ὅ
1311 833 1412 884 θεὸς
1429 834 1474 878 τὸ
1494 854 1570 879 κα-

111 900 246 955 θαρὸν
272 899 400 942 ἐκεῖνο
431 900 505 941 καί
527 893 659 940 ‹iinon›
677 901 782 955 φῶς,
808 897 908 953 ου’χί
925 901 971 940 δὲ
989 902 1062 941 καί
1082 898 1154 941 τὸν
1173 899 1314 943 δι’σκον
1331 900 1474 955 αὐτόν,
1499 904 1604 948 ἴναΒ

110 965 317 1021 μάθωμεν
353 967 550 1008 ἐντεῦθεν
590 963 743 1007 ὁποίων
782 963 915 1020 ἔργων
956 965 1069 1008 ἐστίν
1115 966 1373 1022 αὐτουργός,
1399 967 1471 1010 καί
1497 968 1566 1011 ἴνα

109 1033 321 1087 μαθόντες
347 1030 422 1075 τὸν
454 1032 752 1087 άριστοτέχνην
782 1031 888 1075 θεὸν
913 1034 985 1075 έπί
1014 1034 1135 1075 πλέον
1154 1031 1462 1088 θαυμάζωμεν·
1519 1038 1565 1077 ἐκ

107 1102 315 1155 μεγέθους
339 1096 422 1155 γάρ
449 1095 522 1140 καί
547 1100 748 1152 καλλονῆς
777 1098 1011 1153 κτισμάτων
1040 1099 1067 1155 ἦ
1095 1103 1173 1143 τοῦ
1201 1101 1461 1156 δημιουργοῦ
1487 1119 1559 1145 κα·
1575 1110 1615 1146 V.
1631 1112 1676 1145 26

51 1169 294 1223 ιὸθορᾶται
321 1168 454 1223 σοφία
481 1168 553 1208 καί
581 1165 774 1220 δύναμις,
843 1168 971 1225 δίσκῳ
1002 1168 1048 1209 δὲ
1076 1165 1121 1209 τό
1153 1170 1343 1210 τοιοῦτον
1375 1169 1563 1212 ἐναποτί-

108 1237 210 1288 θησι
251 1232 360 1286 μετὰ
400 1235 536 1274 ταῦτα
582 1234 698 1289 φῶς,
738 1233 807 1276 ἴνα
835 1232 911 1287 τήν
947 1235 1196 1289 έκπηὸὧσαν
1226 1237 1387 1278 ἐκεῖθεν
1415 1235 1563 1279 άκτῖνα

108 1299 178 1341 διά
212 1301 287 1342 τοῦ
313 1301 456 1342 δι’σκου
486 1299 818 1355 συσκιαζομένην
845 1298 1073 1356 ἐργάσηται
1098 1299 1362 1356 σύμμετρον·
1396 1302 1563 1359 ὀφθαλ-

106 1366 214 1420 μοὺς
254 1364 337 1421 γάρ
377 1365 524 1420 ἔχοντα
566 1366 655 1417 ζῶα
698 1366 774 1408 οὐκ
804 1362 856 1408 ἂν
895 1363 1061 1422 ἤνεγκεν
1073 1401 1086 1421 ,
1129 1367 1186 1417 ὥς
1214 1365 1295 1409 πού
1326 1385 1430 1425 φησι
1459 1370 1563 1411 Θεο-

109 1433 310 1489 ὸὶόρητος.
380 1429 486 1475 ἀλλά
536 1434 670 1475 ταῦτα
707 1435 786 1485 μὲν
831 1432 854 1474 ὅ
892 1433 1012 1487 λόγος
1059 1436 1156 1476 καθ’
1194 1433 1380 1491 ἱστορίαν
1431 1437 1559 1492 ἐπῆλ-

45 1514 95 1540 20
108 1501 161 1541 θὲ
187 1515 270 1542 σοι.

217 1568 274 1609 Εἰ
295 1565 440 1621 βούλει
486 1569 533 1610 δὲ
572 1566 646 1609 καί
695 1566 955 1623 ὑψηλότερον
982 1568 1238 1622 ἑκλαβέσθαι
1263 1566 1314 1610 τά
1342 1569 1557 1611 Μωσαϊκά

108 1635 181 1676 καί
206 1636 302 1676 θεῖα
343 1631 470 1690 ῥητά,
507 1630 615 1676 ὥστε
647 1636 802 1688 μαθεῖν
833 1635 879 1676 ὲκ
926 1632 1085 1676 τούτων
1115 1635 1221 1684 τίνος
1248 1635 1384 1676 ἕνεκεν
1411 1635 1597 1678 avane-C

205 1740 235 1772 3.
262 1739 341 1787 καὶ]
371 1740 434 1773 καὶ
461 1740 550 1785 περὶ
578 1739 676 1786 ¹wint?

109 1836 293 1883 tidemque
329 1836 507 1870 mensium
551 1840 693 1869 noctem
732 1834 902 1870 habeant.
946 1847 987 1869 ac
1011 1834 1056 1868 de
1101 1835 1155 1868 his
1184 1834 1331 1881 quidem
1357 1836 1427 1870 hoc
1450 1838 1557 1871 modo

109 1884 446 1976 ὼεωέοιξπίἒοοτο
487 1935 627 1971 autem,
662 1929 795 1962 dilecte
830 1930 901 1971 fili,
937 1934 972 1962 te
1009 1929 1054 1962 de
1095 1928 1163 1962 hoc
1189 1930 1298 1962 etiam
1319 1935 1462 1974 praeter
1487 1932 1557 1966 alia

68 2003 74 2011 ,
108 1980 265 2013 sollicite
305 1978 598 2024 perquisiturum.
637 1976 893 2022 quamobrem,
929 1977 1100 2021 inquies,
1137 1982 1216 2010 toto
1251 1976 1371 2011 triduo
1408 1978 1556 2024 quidem

109 2027 237 2061 diffusa
266 2026 329 2059 lux
355 2031 433 2059 erat
455 2025 520 2058 illa
545 2025 777 2070 primigenia,
805 2029 934 2069 quarto
961 2029 1079 2056 autem
1104 2023 1163 2056 die
1196 2023 1310 2057 divisa
1344 2030 1397 2058 est
1432 2027 1470 2059 in
1498 2027 1558 2059 lu-

108 2070 284 2115 min'bria,
308 2074 477 2107 nimirum
510 2073 623 2107 solem
651 2072 774 2105 lunam
818 2071 959 2116 reliqua
987 2070 1127 2104 sidera?
1153 2071 1268 2104 nolim
1298 2072 1466 2117 equidem
1497 2075 1556 2107 ni-

108 2123 175 2156 mis
200 2127 236 2156 te
262 2121 402 2154 curiose
427 2131 607 2155 sacrarum
634 2119 838 2153 litterarum
863 2117 973 2151 verba
1002 2119 1230 2159 examinare,
1256 2119 1402 2164 quando
1426 2120 1494 2154 hae
1516 2122 1555 2155 iu

108 2175 208 2215 parte
236 2168 358 2203 studio
385 2167 549 2202 discendi
573 2173 637 2201 tuo
664 2177 808 2212 prorsus
835 2165 1040 2199 satisfacere
1063 2176 1136 2199 non
1160 2177 1359 2211 possumus.
1384 2168 1473 2202 scito
1499 2173 1555 2202 ta-

106 2229 189 2251 men
214 2216 422 2250 condidisse
447 2215 596 2262 quidem
630 2215 736 2247 initio
763 2213 868 2246 deum
893 2213 1008 2245 lucem
1033 2213 1132 2246 illam
1157 2225 1284 2258 puram
1311 2220 1347 2248 et
1371 2221 1555 2260 expertem

108 2265 272 2298 materiei
297 2275 457 2305 crassae,
481 2274 604 2297 verum
629 2273 704 2295 non
733 2261 850 2306 ipsum
894 2260 1027 2293 discum
1043 2286 1052 2302 ,
1079 2266 1119 2294 ut
1145 2260 1232 2294 inde
1256 2261 1434 2295 discamus
1463 2275 1556 2308 quo*

108 2324 183 2345 rum
212 2323 359 2357 opernm
384 2312 462 2357 ipse
487 2311 535 2345 sit
559 2313 717 2349 effector,
744 2319 858 2354 eoque
886 2313 1056 2353 percepto
1081 2309 1425 2353 praestantissimum
1449 2310 1554 2344 illum

107 2360 278 2393 artificem
304 2364 405 2392 tanto
433 2359 545 2404 magis
588 2357 823 2391 admiremur:
864 2366 946 2388 nam
971 2367 990 2388 a
1017 2354 1267 2400 magnitudine
1290 2357 1555 2401 pulcritudine-

107 2418 177 2452 que
211 2403 411 2440 creatorum
441 2412 517 2440 tum
551 2405 730 2451 sapientia
754 2409 830 2438 tum
865 2408 1022 2447 potestas
1049 2403 1186 2448 opificis
1210 2404 1427 2449 perspicitur
1454 2405 1551 2450 (Sap.

112 2455 149 2487 13
176 2455 223 2498 5).
250 2454 428 2487 eiusmodi
463 2465 548 2487 vero
589 2453 707 2486 lucem
736 2451 904 2495 deinceps
940 2450 978 2482 in
1003 2450 1119 2483 discos
1144 2450 1321 2493 collocat,
1346 2457 1387 2485 ut
1410 2463 1552 2497 proma-

105 2507 231 2535 nantes
261 2501 345 2534 inde
368 2501 487 2535 radios
511 2512 577 2547 per
605 2500 742 2534 discum
765 2496 934 2532 nonnihil
964 2498 1063 2531 velut
1090 2497 1299 2531 obscuratos
1322 2499 1404 2532 usui
1428 2505 1550 2532 nostro

108 2547 254 2582 idoneos
289 2555 398 2594 atque
438 2547 693 2582 convenientes
731 2546 910 2580 redderet.
930 2556 1010 2578 nam
1034 2544 1079 2578 de
1105 2544 1320 2578 Theodoriti
1348 2547 1525 2579 sententia
1541 2571 1550 2587 ,

107 2606 186 2629 cum
223 2596 337 2630 oculis
375 2596 539 2641 praedita
571 2596 646 2629 sint
672 2594 861 2633 animalia,
902 2592 1018 2626 lucem
1053 2592 1154 2626 illam
1187 2593 1335 2626 alteram
1362 2593 1455 2627 ferre
1478 2605 1551 2627 non

106 2643 323 2686 potuissent.¹
343 2643 455 2677 habes
480 2644 742 2688 expositionem
770 2641 815 2674 de
844 2641 920 2686 ipsa
944 2640 1094 2685 petitam
1118 2640 1278 2674 historia.

199 2689 336 2735 Quodsi
360 2691 471 2724 verba
497 2691 655 2724 Mosaica
680 2689 868 2724 sublimius
908 2688 1014 2721 etiam
1039 2688 1245 2732 intelligere
1272 2687 1344 2729 vis,
1368 2693 1409 2720 nt
1433 2687 1548 2721 discas

109 2737 340 2780 quamobrem
365 2738 427 2771 lux
452 2738 514 2772 illa
539 2737 661 2773 triduo
690 2738 819 2771 diffusa
846 2735 957 2768 suerit
971 2734 1106 2781 ubique
1127 2747 1166 2768 ac
1188 2735 1356 2780 deinceps
1381 2735 1417 2767 in
1444 2736 1550 2767 lumi-
