1826 3120
571 140 852 183 ANNALlUM
893 141 1028 183 PARS
1070 143 1101 182 1.
1453 142 1471 176 1
1484 123 1559 195 69

115 244 165 288 οὖ
196 246 312 288 θέλει
336 244 642 299 προαιρέσεως,
683 239 758 296 τὴν
786 238 942 284 ἑαυτοῦ
968 240 1125 298 βουλὴν
1153 242 1214 284 ἐπ’
1241 240 1356 298 αὐτῷ
1383 244 1561 293 θεοπρε-

113 312 202 360 πῶς
229 311 450 365 ἐκπληροῖ,
492 310 564 351 καί
603 308 747 362 ψυχῆς
775 307 910 365 αὐτῷ,
953 306 1065 350 καθὰ
1102 306 1152 363 δὴ
1193 305 1264 350 καὶ
1288 309 1559 363 προείρηται,

112 374 369 432 μεταδίδωσι
410 377 580 432 νοερᾶς,
622 373 680 424 ὥς
721 375 919 416 ἐντεῦθεν
957 373 1090 416 αὐτὸν
1119 371 1227 417 εἶναι
1253 373 1327 416 καί
1353 370 1562 415 ἀθάνατον

112 443 175 493 εἷς
201 441 246 485 τὸ
277 443 479 497 διηνεκές.
534 438 640 483 ἀλλὰ
669 438 750 496 γὰρ
782 441 891 489 τίνος
920 439 1055 483 ἕνεκεν
1083 435 1268 495 ἄρχοντα
1297 442 1381 482 τῶν
1408 439 1562 492 ἐπιγεί-

77 509 171 550 5ων
199 507 366 563 ἐποίησε
406 509 479 549 καί
518 503 734 549 ἀθάνατον
764 501 914 547 addua
945 503 1018 547 τὸν
1046 501 1292 560 ἅνθρωπονς
1320 505 1388 547 ἵνα
1414 502 1561 558 μάθω-

109 590 187 629 μεν
217 576 410 617 ἐντεῦθεν
441 570 507 616 ὅτι
540 573 613 614 καί
634 569 656 612 ὅ
678 572 856 625 ποιήσας
886 568 1000 627 ἡμᾶς
1027 570 1127 620 θεὸς
1157 573 1304 614 πασῶν
1330 568 1454 627 ἄρχει
1479 571 1561 612 τῶν

110 635 199 683 ἅνω
249 639 493 694 δυνάμεων,
542 640 611 681 καί
648 634 712 679 δ’τι
753 633 966 686 ἀθάνατός
993 638 1084 680 ἐστι
1121 639 1193 680 καί
1230 633 1448 694 ἄφθαρτος
1491 638 1608 678 καίΡ.
1622 647 1667 689 89

111 704 364 762 ἀνώλεθρος.
435 704 506 748 ἐπὶ
540 703 667 762 τούτῳ
704 702 784 759 γὰρ
824 702 898 744 καί
923 702 1146 759 προλαβών
1171 706 1279 758 χοῦν
1307 702 1416 758 ἔλεγε
1441 709 1560 757 ,,κατ’

111 774 268 816 οἰκείαν
295 770 433 814 εἰκόνα
463 768 703 826 ποιήσωμεν
728 768 803 812 τόν
830 764 1094 824 ἅνθρωπον.”
1150 767 1174 811 ὃ
1206 768 1257 826 δή
1287 772 1359 820 καί
1384 768 1405 810 ὅ
1433 772 1560 812 Σολο-

51 837 203 894 ιομών
229 838 351 888 εἰδώς
392 834 444 891 ,,ὅ
473 837 593 887 θεὸς”
632 835 748 892 ἔλεγε
776 834 991 890 ,,θα’νατον
1030 836 1107 877 οῦκ
1135 835 1352 891 ἐποίησεν,
1378 835 1467 877 ἀλλ’
1497 836 1560 877 ἐπ’

109 906 335 963 ἀφθαρσίᾳ
371 903 445 946 τὸν
478 899 705 959 ἄνθρωπον
744 900 878 945 ἔκτισε
913 905 1003 944 κατ’
1048 899 1190 944 εἰκόνα
1216 904 1290 958 τῆς
1327 899 1562 955 α’ϊὸιότητος

111 972 287 1016 αὕτοῦ.”
322 968 427 1025 πλὴν
455 971 494 1012 εἰ
519 972 591 1011 καί
616 967 788 1027 θανάτῳ
816 966 1063 1011 κατεδίκασε
1088 968 1196 1022 μετὰ
1222 969 1359 1010 ταῦτα
1386 966 1458 1010 τὸν
1488 963 1562 1009 ἄν·

107 1040 302 1091 θρωπον,
346 1036 435 1078 ἀλλ’
464 1035 541 1077 οῦκ
576 1036 737 1091 ἀφῆκεν
765 1033 895 1077 αὐτὸν
928 1035 1264 1092 ἀπαραμύθητον
1296 1031 1403 1076 εἶναι
1431 1036 1562 1088 μέχρι

108 1104 281 1144 πολλοῦ.
312 1105 561 1157 μετατίθησι
579 1100 658 1157 γάρ
679 1099 754 1143 τὸν
775 1097 924 1155 Ἑνώχ,
954 1100 1026 1143 καί
1054 1101 1280 1157 τηνικαῦτα
1308 1100 1383 1155 τὴν
1405 1098 1564 1156 θνητήν

50 1167 305 1211 &soldanus
347 1165 479 1225 φύσιν
510 1168 626 1224 ἡμῶν
657 1167 895 1210 ἀθανασίαν
937 1168 1095 1223 ἐκείνην
1125 1168 1376 1222 ἐκδέχεσθαι
1403 1162 1452 1222 ἧς
1478 1167 1565 1217 ἐξέ-

107 1249 208 1276 πεσε
237 1233 308 1277 διὰ
350 1233 423 1289 τήν
451 1232 708 1290 παράβασιν.
784 1233 857 1275 καί
887 1229 1013 1276 ἄκουε
1049 1235 1095 1276 τί
1118 1236 1215 1288 περὶ
1246 1232 1406 1275 τούτων
1436 1234 1564 1288 φησίν

109 1299 130 1344 ὁ
166 1301 296 1354 μέγας
334 1301 586 1349 Ἀθανάσιος
614 1302 657 1342 ἐν
704 1302 760 1358 τῷ
806 1301 864 1349 εἷς
903 1299 979 1355 τὴν
1019 1300 1230 1355 ἀνάληψιν
1269 1297 1376 1357 λόγῳ
1417 1299 1599 1340 αὐτοῦΒ

109 1363 320 1420 ,,θάνατος
345 1368 423 1420 μὲν
448 1368 620 1421 εἰσῆλθε
647 1364 719 1407 διὰ
750 1366 824 1420 τήν
851 1365 1069 1421 παρακοήν
1086 1400 1097 1420 ,
1129 1365 1241 1407 λύων
1269 1368 1315 1408 δὲ
1345 1362 1460 1418 ὅμως
1487 1363 1563 1418 τὴν

108 1433 182 1487 τῆς
209 1432 382 1488 ἀπειλῆς
409 1430 546 1487 ἀκμήν
574 1432 595 1474 ὅ
624 1431 725 1482 θεὸς
763 1434 916 1475 ἐλπάἲα
949 1430 1081 1481 εῦθύς
1110 1433 1349 1481 α’θανασίας
1382 1428 1563 1474 ἀνέτειλε

46 1512 97 1539 20
109 1500 165 1556 τῷ
192 1499 328 1553 γε’νει,
368 1497 442 1540 καὶ
488 1496 560 1540 τὸν
596 1497 730 1553 Ἑνώχ
763 1500 809 1541 ἐκ
835 1499 968 1552 μέσου
998 1496 1201 1554 ἁρπάζει,
1239 1499 1464 1540 κάντεῦθεν
1490 1496 1565 1552 τήν

108 1563 269 1620 θνητήν
303 1564 499 1607 ἐδίδασκε
546 1564 677 1621 φύσιν
714 1560 840 1619 ὅρους
882 1565 1120 1615 ἀθανασίας
1158 1560 1249 1618 ἅμα
1275 1565 1565 1617 ἐκδέχεσθαι.”

84 1682 86 1689 Ι
109 1632 238 1674 ταῦτα
267 1631 346 1684 μὲν
373 1626 449 1672 οὖν
472 1631 760 1685 ἐπιβεβαιοῦσι
788 1630 862 1673 καί
886 1629 925 1673 οἱ
951 1632 1143 1688 μαθηταί
1160 1632 1352 1688 Χριστοῦ
1382 1632 1564 1685 λέγοντες

204 1754 235 1787 8.
260 1752 372 1789 τοῦτο
401 1753 437 1786 P.

112 1871 196 1911 post
219 1866 522 1900 exorbitationem
552 1877 625 1900 non
656 1866 829 1908 nesciret,
864 1871 984 1901 tamen
1016 1878 1095 1900 cum
1121 1866 1167 1899 ob
1193 1865 1310 1899 solum
1335 1866 1562 1910 cogitationis

111 1913 315 1946 institutum
333 1913 500 1947 damnare
518 1925 591 1947 non
607 1914 729 1955 vellet,
755 1920 993 1948 consentanea
1012 1914 1080 1947 deo
1100 1914 1239 1947 ratione
1255 1914 1442 1946 consilium
1461 1925 1564 1947 suum

111 1960 271 2007 perficit3
309 1961 474 2006 adeoque
513 1962 645 1995 mentis
677 1962 909 2007 participem,
937 1967 978 1995 ut
1010 1961 1188 2001 diximus,
1214 1961 1369 1993 animam
1398 1961 1432 1993 ei
1456 1960 1565 2005 largi-

111 2013 190 2049 tur,
217 2013 257 2041 ut
292 2010 436 2042 omnino
471 2009 679 2042 immortalis
713 2015 813 2041 esset.
848 2009 1027 2042 enimvero
1063 2020 1125 2041 cur
1158 2007 1341 2041 hominem
1367 2008 1490 2041 statim
1517 2008 1564 2041 ab

110 2055 217 2088 initio
251 2065 369 2100 regem
397 2057 619 2090 terrestrium
653 2062 689 2089 et
723 2056 962 2089 immortalem
990 2055 1176 2089 condidit?
1206 2061 1246 2088 ut
1273 2053 1357 2088 hinc
1385 2054 1564 2089 discamus

113 2102 222 2135 etiam
254 2103 419 2148 opificem
456 2103 557 2136 illum
584 2104 699 2136 nostri
734 2103 840 2136 deum
866 2103 1003 2136 cunctis
1037 2103 1107 2136 illis
1133 2103 1295 2147 supernis
1321 2103 1564 2147 potestatibus

112 2160 194 2182 cum
225 2149 376 2195 imperio
411 2162 600 2195 praeesse,
638 2162 779 2184 necnon
816 2149 968 2183 eundem
1008 2161 1083 2183 esse
1112 2150 1349 2183 immortalem
1373 2150 1564 2194 omnisque

113 2202 295 2241 expertem
319 2198 498 2232 interitus.
523 2210 604 2231 nam
630 2209 671 2230 ea
695 2197 739 2230 de
754 2209 858 2230 causa
882 2197 1030 2242 pulvere
1059 2203 1198 2242 sumpto
1225 2197 1346 2242 inquit
1371 2197 1564 2238 „faciamus

112 2242 295 2277 hominem
323 2244 370 2278 ad
407 2246 595 2289 imaginem
630 2246 823 2279 nostram.”
851 2244 951 2290 quod
986 2256 1064 2278 cum
1094 2245 1238 2278 Solomo
1263 2255 1337 2277 non
1363 2244 1564 2289 ignoraret,

114 2289 251 2331 „deus”
278 2291 330 2325 ait
355 2298 530 2333 „mortem
556 2304 631 2326 non
657 2292 840 2333 condidit,
874 2291 938 2325 sed
967 2292 1003 2324 in
1029 2297 1122 2325 statu
1151 2291 1320 2325 interitus
1347 2297 1494 2336 experte
1519 2291 1565 2324 ad

115 2337 305 2382 imaginem
337 2340 559 2373 aeternitatis
600 2351 683 2373 suae
718 2339 900 2372 hominem
935 2339 1097 2372 creavit.”
1128 2350 1168 2371 ac
1207 2339 1351 2372 tametsi
1390 2338 1565 2383 deinceps

116 2394 196 2418 eum
222 2385 269 2418 ad
291 2391 442 2419 mortem
468 2386 668 2427 damnavit,
696 2398 770 2420 non
793 2392 913 2419 tamen
932 2385 991 2418 diu
1019 2386 1271 2419 consolationis
1298 2397 1403 2430 egere
1431 2386 1565 2430 permi-

117 2431 174 2465 sit.
197 2443 279 2465 nam
302 2434 471 2467 transfert
497 2434 698 2475 Enochum,
732 2444 844 2479 eaque
870 2444 907 2466 re
944 2438 1106 2466 naturam
1131 2439 1288 2466 nostram
1314 2432 1564 2466 condocefacit

117 2483 159 2511 ut
181 2479 486 2514 immortalitatem
523 2482 622 2514 illam
650 2487 856 2527 exspectet,
890 2486 1106 2526 quapropter
1147 2481 1430 2514 inobedientiam
1465 2480 1562 2512 exci-

118 2525 182 2558 dit.
218 2526 303 2559 audi
329 2527 418 2572 quid
452 2528 518 2560 hac
547 2528 584 2561 in
607 2534 710 2574 parte
738 2539 883 2572 magnus
918 2527 980 2560 ille
1005 2527 1217 2561 Athanasius
1243 2529 1281 2561 in
1308 2527 1471 2560 oratione
1497 2538 1562 2560 sua

118 2571 163 2604 de
189 2572 439 2618 Assumptione
473 2575 600 2609 tradat.
635 2587 752 2617 „mors
787 2574 935 2620 quidem
969 2575 1117 2608 intravit
1145 2586 1212 2621 per
1250 2574 1561 2615 inobedientiam,

117 2630 240 2652 verum
272 2620 506 2655 nihilominus
532 2633 617 2656 suae
655 2622 941 2656 comminationis
974 2622 1129 2667 vigorem
1162 2623 1283 2655 laxans
1318 2621 1406 2653 deus
1441 2621 1560 2655 statim

117 2665 275 2699 humano
299 2670 418 2712 generi
445 2681 543 2714 spem
571 2670 851 2702 immortalitatis
880 2669 963 2702 oriri
990 2669 1093 2709 facit,
1120 2668 1203 2702 dum
1231 2668 1415 2702 Enochum
1441 2679 1460 2701 e
1484 2679 1561 2701 me-

119 2712 179 2747 dio
204 2714 316 2760 rapit,
347 2726 464 2761 eoque
494 2723 604 2762 pacto
641 2728 706 2751 nos
732 2716 838 2750 docet
861 2722 974 2750 metas
998 2716 1275 2751 immortalitatis
1302 2715 1561 2762 exspectandas
