1826 3120
588 146 873 188 ANNALmM
907 148 1044 190 PARS
1077 149 1131 189 11.
1472 128 1581 183 225

123 249 273 305 ριπὲσῃ
307 246 381 288 καί
399 247 567 288 τουτονί
595 245 670 288 τὸν
697 247 850 302 τρόπον
876 247 1095 303 ἀπόληται.
1152 247 1194 290 εἴ
1219 248 1265 291 δὲ
1294 248 1432 303 ζητεῖς
1455 245 1584 290 πόθεν

119 312 276 370 ἔγνωκε
326 309 482 369 τρόπον
513 312 535 354 ὅ
568 312 685 355 Κάϊν
725 316 783 355 δι’
816 310 865 356 οὗ
896 315 971 370 τῆς
1001 316 1111 370 ζωῆς
1154 313 1311 369 ταύτης
1340 312 1581 371 ὑπεξαγάγῃ

119 379 194 422 τὸν
211 374 367 434 ”Λβελ,
405 381 576 434 ἐπείπερ
619 379 695 421 οὐκ
734 376 846 422 εἶδεν
885 377 1026 435 ἕτερόν
1053 397 1147 423 τινα
1174 379 1290 435 παρά
1321 396 1432 431 τινος
1459 380 1582 422 α’ναι-

119 443 326 501 ρούμενον
339 480 351 499 ‚
374 443 395 486 ὅ
426 447 559 500 μέγας
580 441 834 496 Ἀθανάσιος
858 447 1021 498 διδάξει
1041 462 1089 489 σε
1108 449 1238 502 λέγων
1258 443 1324 489 ὅτι
1351 448 1438 490 κατ’
1471 441 1576 505 ὄναρ

78 512 333 564 5ὑπέὸειξεν
361 511 383 553 ὁ
413 510 608 566 διάβολος
637 509 756 570 aiu?
782 511 858 554 τόν
885 511 1042 567 τρόπον
1068 515 1141 568 τῆς
1173 513 1446 569 ἀναιρέσεως.

230 578 394 629 Φθόνος
421 580 499 631 μὲν
527 573 630 630 οὖν,
650 614 652 618 .
674 577 732 627 ὥς
761 575 926 634 εἴρηται
943 611 955 629 ,
996 581 1046 637 τῇ
1072 581 1149 621 τοῦ
1180 579 1297 622 Κάϊν
1323 578 1578 635 ἐγκαθιδρύ-

113 661 193 695 σας
216 647 340 702 ψυχῇ
373 644 443 687 τὸν
469 646 545 687 τοῦ
564 639 694 697 ’Ἀβελ
714 641 846 701 φόνον
878 644 1090 690 ἀπέτεκεν.
1145 645 1353 695 τοιούτοις
1380 645 1460 700 γὰρ
1493 643 1578 688 πά-

111 716 234 756 θεσιν
263 712 308 756 αἱ
347 715 428 755 τῶν
456 710 698 767 ἀνθρώπων
740 710 884 765 ψυχαὶ
922 711 1120 767 γεγόνασι
1160 711 1334 767 κάτοχοι
1362 712 1471 765 μετὰ
1501 712 1577 768 την

111 781 187 834 τῆς
226 780 438 828 α’παθείας
482 779 643 833 ἐκείνην
688 779 762 819 καί
790 776 1043 833 τελειότητος
1072 777 1288 825 ἔκπτωσιν.
1324 778 1439 820 ,ἀλλ’
1467 778 1576 821 ἔνιαι

53 864 100 891 ιο
110 847 190 900 μὲν
216 849 300 888 τῶν
328 847 482 899 ψυχῶν
510 845 722 899 κρείττους
751 843 1014 899 εὑρίσκονται
1055 846 1139 887 τῶν
1166 845 1366 887 τοιούτων
1395 848 1618 899 nummo

110 911 219 955 ἔνιαι
249 914 296 954 δὲ
338 910 465 954 πάλιν
493 911 749 965 ἀντιβαίνειν
777 909 837 965 μὴ
882 914 1087 953 θέλουσαι
1116 913 1194 953 καί
1220 917 1314 960 ταῖς
1341 912 1574 966 τυχούσαις
1591 925 1628 959 V.
1642 926 1687 971 93

109 979 328 1036 ἀφορμαῖς
371 979 718 1033 καταβέβληνται.
797 979 870 1019 καί
907 977 1095 1034 καθάπερ
1145 979 1217 1020 ἐπί
1259 981 1342 1020 τῶν
1367 978 1576 1031 σωμάτων

107 1043 220 1087 ἔστιν
265 1046 372 1087 ἰδεῖν
405 1043 516 1101 (ἔνια
563 1046 642 1097 μὲν
671 1042 752 1099 γάρ
793 1044 931 1086 αὐτῶν
962 1045 1125 1095 ευέξίας
1154 1047 1210 1086 δι’
1240 1041 1339 1088 ὅλου
1369 1047 1577 1099 μετέχου-

106 1128 197 1165 σιν,
228 1114 272 1155 ἑν
302 1112 447 1153 ου’ὸένί
473 1113 555 1154 τῶν
585 1109 876 1164 ἐμπιπτόντων
904 1109 1064 1162 ἔξωθεν
1092 1111 1453 1167 περιτρεπόμενα,
1484 1111 1575 1154 ἔνια

47 1182 94 1223 15
108 1179 156 1219 δὲ
185 1176 385 1220 τοσοῦτόν
423 1180 528 1221 εἰσιν
554 1173 913 1232 οἷρρωστηματικὰ
942 1183 1033 1227 ταῖς
1066 1179 1111 1220 ἐκ
1138 1181 1307 1233 γενετῆς
1336 1194 1574 1220 κατασκευ-

107 1249 174 1292 αῖς
219 1241 327 1286 ὥστε
368 1242 426 1299 μή
468 1243 575 1299 πρὸς
614 1245 739 1286 ου’δὲν
764 1243 1060 1299 ἀντιπράττειν
1098 1247 1183 1287 τῶν
1214 1243 1374 1296 ἔξωθεν
1401 1245 1574 1298 αἰτίων,

107 1308 213 1352 α’λλὰ
247 1306 326 1353 κᾶν
369 1312 553 1367 θαλφθῇ
581 1309 724 1364 βραχὺ
752 1307 829 1352 κᾶν
870 1313 1051 1368 ψυχθῇ,
1100 1308 1179 1353 κᾶν
1213 1310 1460 1368 ἄγρυπνήσῃ
1493 1308 1573 1353 κᾶν

103 1380 291 1434 κοιμηθῇ
323 1379 447 1419 πλέον
473 1379 549 1418 τοῦ
580 1379 758 1429 δέοντος,
788 1375 950 1426 εὐθέως
979 1379 1138 1436 νοσεῖ),
1169 1375 1280 1420 οὕτω
1303 1380 1376 1420 καί
1395 1380 1467 1420 ἑπί
1492 1380 1574 1420 τῶν

114 1445 270 1498 ψυχῶν
297 1445 438 1485 αὐτῶν
467 1445 740 1486 διανοεῖσθαί
762 1459 810 1486 σε
840 1439 989 1501 ἄξιον.Ἰ

39 1523 92 1550 20
221 1507 348 1553 Μετὰ
395 1511 442 1553 δὲ
481 1513 616 1553 ταῦτα
655 1507 1044 1566 παραμυθούμενος
1080 1508 1150 1553 τὸν
1178 1507 1313 1564 Ἀδὰμ
1341 1508 1365 1550 ὅ
1397 1511 1493 1559 θεὸς
1519 1512 1700 1567 τῇΡ,,20

107 1575 191 1619 οἷπὸ
231 1578 307 1619 τοῦ
347 1578 609 1632 παραδείσου
634 1592 680 1620 τε
723 1576 1013 1632 ἀδημονοῦντα
1054 1575 1258 1620 ἐκπτώσει
1300 1578 1458 1633 καὶτῷ
1495 1581 1570 1620 τοῦ

208 1707 236 1729 ι.
263 1693 476 1730 ἀπόλλυται
501 1696 539 1729 Ρ.

109 1810 261 1857 periisse
291 1809 476 1842 hominem
509 1808 630 1841 refert.
670 1808 800 1854 quodsi
833 1809 942 1842 etiam
979 1809 1070 1843 scire
1096 1808 1281 1842 desideras
1309 1808 1407 1842 unde
1432 1810 1564 1846 Cainus

107 1858 253 1892 modurn
282 1856 473 1891 occidendi
498 1857 616 1889 fratris
642 1857 841 1900 acceperit,
867 1857 930 1900 qui
946 1858 1124 1889 neminem
1152 1858 1259 1889 sciret
1283 1856 1402 1890 adhuc
1426 1870 1445 1890 a
1470 1869 1563 1903 quo-

103 1918 209 1952 quam
239 1905 494 1946 interfectum,
518 1905 606 1937 licet
629 1904 698 1937 hoc
724 1903 768 1936 de
796 1913 922 1947 magno
949 1904 1014 1936 illo
1042 1903 1239 1937 Athanasio
1268 1915 1471 1947 cognoscas,
1497 1906 1561 1950 qui

100 1953 286 1987 diabolum
331 1952 383 1986 ait
412 1952 524 1986 Caino
556 1962 623 1997 per
662 1952 822 1997 quietem
864 1950 1019 1984 necandi
1060 1951 1177 1984 fratris
1220 1951 1397 1984 rationem
1436 1958 1560 1985 osten-

101 2001 207 2035 disse.

192 2046 334 2082 Invidia
379 2046 528 2092 quidem
573 2051 688 2086 certe,
732 2056 797 2078 ceu
842 2044 1024 2086 diximus,
1059 2046 1097 2078 in
1121 2044 1224 2078 Caini
1262 2045 1371 2078 corde
1397 2046 1558 2091 quodam

99 2096 202 2142 quasi
228 2094 413 2129 domicilio
441 2095 649 2134 constituto,
665 2093 771 2126 Abeli
798 2093 943 2126 caedem
960 2093 1115 2138 peperit.
1140 2105 1222 2125 nam
1249 2093 1428 2127 eiusmodi
1453 2094 1557 2128 adfe-

98 2142 282 2177 ctionibus
317 2142 518 2176 mortalium
558 2142 667 2174 animi
699 2141 783 2174 sacti
817 2146 901 2173 sunt
925 2141 1093 2182 obnoxii,
1128 2146 1365 2186 posteaquam
1401 2153 1420 2174 e
1457 2148 1555 2175 statu

97 2190 412 2236 perturbationum
453 2195 598 2235 experte
622 2190 773 2234 ipsaque
801 2188 891 2221 adeo
917 2188 1141 2234 perfectione
1171 2188 1392 2222 exciderunt.
1418 2189 1554 2223 nihilo-

97 2239 215 2272 minus
239 2238 350 2271 animi
383 2237 531 2282 quidam
557 2237 780 2270 adfectiones
804 2236 910 2269 hasce
936 2241 1128 2281 superant,
1157 2247 1238 2269 cum
1264 2247 1283 2268 e
1320 2236 1461 2270 diverso
1489 2237 1554 2270 alii

96 2287 262 2320 nolentes
291 2286 335 2319 iis
362 2290 476 2318 semet
502 2295 686 2331 opponere
711 2283 936 2329 quibuslibet
973 2283 1247 2325 occasionibus,
1278 2284 1386 2317 etiam
1412 2285 1554 2318 levissi-

96 2334 180 2375 mis,
207 2334 310 2379 quasi
342 2332 515 2378 prostrati
539 2331 794 2374 succumbant3
831 2330 1035 2364 cuiusmodi
1059 2330 1232 2378 quiddam
1259 2331 1298 2364 in
1323 2332 1411 2376 ipsis
1439 2333 1551 2365 etiam

97 2381 308 2427 corporibus
344 2385 399 2413 est
422 2380 555 2414 videre.
586 2392 670 2413 nam
706 2379 883 2426 quaedam
914 2389 1037 2411 eorum
1062 2380 1198 2424 optime
1236 2390 1383 2424 prorsus
1409 2379 1551 2412 adfecta

97 2435 192 2471 sunt,
217 2439 284 2462 nec
307 2440 327 2460 a
351 2427 459 2461 rebus
483 2427 703 2462 extrinsecus
730 2425 979 2460 accidentibus
1007 2426 1081 2461 ullo
1104 2426 1212 2460 modo
1237 2425 1445 2468 laeduntur,
1470 2439 1550 2459 eum

97 2476 167 2509 alia
202 2481 392 2521 tantopere
433 2475 614 2508 debilitati
651 2487 691 2508 ac
726 2475 860 2508 morbis
900 2473 1057 2506 obnoxia
1094 2475 1167 2508 sint
1205 2485 1249 2507 ex
1284 2475 1548 2507 constitutione

97 2522 248 2567 quadam
271 2523 441 2564 naturali,
465 2528 506 2556 ut
528 2522 643 2555 causis
671 2524 892 2556 extrinsecus
917 2521 1165 2555 accidentibus
1190 2522 1357 2555 resistere
1385 2522 1443 2554 vel
1467 2527 1549 2554 tan-

95 2570 214 2604 tillum
237 2576 431 2617 nequeant.
455 2571 627 2603 nimirum
645 2571 672 2602 si
693 2571 802 2615 paulo
826 2570 906 2615 plus
932 2580 1048 2614 aequo
1070 2570 1129 2602 vel
1154 2569 1376 2602 incalescant
1399 2569 1457 2601 vel
1484 2569 1549 2601 fri-

98 2624 204 2660 geant
224 2619 283 2651 vel
308 2618 462 2661 vigilent
485 2619 544 2651 vel
573 2617 769 2658 dormiant,
803 2617 977 2650 continuo
1008 2617 1154 2650 morbus
1180 2616 1423 2662 subsequitur.
1450 2615 1547 2650 idem

97 2664 135 2695 in
164 2666 289 2701 animis
315 2666 422 2698 etiam
448 2666 640 2698 usuvenire
668 2664 851 2708 cogitabis.
1113 2667 1117 2669 Δ

195 2710 394 2746 Secundum
419 2712 507 2746 haec
533 2718 574 2746 ut
596 2711 771 2745 Adamum
802 2711 888 2744 dens
915 2711 1183 2750 consolaretur,
1210 2712 1271 2755 qui
1298 2716 1373 2744 tum
1398 2716 1547 2756 propter

98 2757 322 2792 amissionem
346 2760 503 2806 paradisi
532 2766 608 2795 tum
626 2759 732 2793 Abeli
750 2758 897 2792 caedem
921 2769 1137 2805 magnopere
1161 2758 1416 2801 adflictaretur,
1441 2770 1547 2805 prae-

186 2827 328 2872 Glycas.
1258 2829 1296 2862 15
