1826 3120
253 125 361 191 240
705 141 991 183 MlCHAELlS
1032 141 1249 185 GLYCAE

248 244 438 297 κλυσμοῦ
468 241 721 299 πεφευγέναι
746 242 880 298 καιρῷ
911 241 995 280 τῶν
1021 238 1257 292 ἀνθρώπων
1276 237 1402 294 τινάς,
1431 240 1591 284 κάκεῖσε
1617 257 1699 283 σω-

248 311 397 363 τηρίας
428 307 496 349 διὰ
528 306 574 348 τὸ
605 304 715 359 ὕψος
742 313 897 359 τυχεῖν.
954 306 1044 347 ἄλλ’
1079 303 1157 356 ἐξω
1194 307 1421 359 βάλλουσιν
1447 308 1595 350 ἐκεῖνοι
1624 308 1701 350 τοῦ

249 375 432 426 σκοποῦ,
460 371 532 413 καί
559 378 633 425 τῆς
660 371 832 421 εὐθείας
853 370 998 428 πόρρω
1027 386 1107 412 που
1142 371 1356 428 φέρονται.
1415 372 1456 414 εἶ
1477 371 1557 428 γὰρ
1577 371 1702 427 ὑψώ-

250 443 310 494 θη
338 438 430 481 τότε
462 438 509 478 τὸ
543 435 659 491 ὕδωρ
695 435 832 479 ἐπάνω
861 440 943 479 τῶν
980 436 1258 491 ὑψηλοτάτων
1289 433 1422 493 ὄρέων
1446 439 1516 480 ἐπὶ
1545 438 1700 495 πήχεσι

252 505 564 556 πεντεκαίδεκα,
596 502 709 546 καθά
739 506 905 558 Μωσῆς
934 502 1118 557 ἱστορεῖ,
1151 504 1226 545 οὐκ
1253 498 1306 546 ἂν
1357 503 1496 546 ὁτιοῦν
1535 501 1736 554 §nezel-5

209 573 344 626 Βφθη
372 571 601 624 τηνικαῦτα
645 566 766 625 ὅρος,
808 570 864 620 ὦς
899 566 1038 623 οἶμαι,
1069 567 1167 619 τούς
1209 571 1254 612 ἐν
1293 565 1410 628 mitt?
1445 567 1700 627 πεφευγότας

252 638 400 690 ἰσχῦον
428 636 626 690 ἀβλαβεῖς
656 633 969 678 διασώσασθαι.

361 699 417 742 Ἱ·.Ῑ
438 703 578 754 μέντοι
605 701 782 755 κιβωτὸς
806 703 1051 758 τριακοσίων
1076 703 1155 756 μὲν
1182 703 1352 758 πηχέων
1381 701 1428 744 τό
1458 704 1592 757 μῆκος
1618 697 1697 758 ἦν,

249 766 501 822 πεντήκοντα
545 771 592 811 δὲ
638 766 685 810 τὸ
717 768 894 823 πλάτος,
940 767 986 810 τὸ
1026 765 1138 823 ὕψος
1177 761 1411 824 τριάκοντα.
1482 770 1621 824 πῆχυν
1650 770 1699 811 δὲ

250 833 414 876 ἀκούων
440 833 497 889 μή
529 833 723 890 τοιαύτην
753 831 860 877 εἶναι
891 834 1035 889 νόμιζε
1078 834 1203 877 ὁποία
1230 837 1293 885 τίς
1321 837 1411 878 ἐστι
1435 836 1535 891 παρ’
1563 835 1665 889 ἡμῖν
1682 867 1692 886 ,
1715 851 1768 878 ια

248 897 355 940 α’λλοὶ
397 900 689 956 γεωμετρικήν.
766 899 789 941 ὅ
826 900 908 956 γὰρ
941 902 1107 956 ῙΙῙωσῆς
1140 902 1376 956 γεωμέτρης
1404 901 1447 952 ἐξ
1476 899 1696 955 Αἰγύπτου

248 961 306 1007 ὢν
335 963 537 1021 τοιαύτην
568 965 650 1023 ἔφη
680 967 818 1022 πῆχυν
855 966 927 1009 ε’πὶ
953 969 1029 1021 τῆς
1058 969 1262 1021 κιβωτοῦ,
1300 963 1392 1021 ἥτις
1421 964 1596 1021 ὀργυιὰν
1621 982 1698 1020 με·

245 1031 387 1086 γι’στην
417 1038 542 1074 ποιεῖ.
598 1034 756 1086 πρῶτοι
779 1031 859 1088 γάρ
890 1032 1145 1087 Αἰγύπτιοι,
1185 1030 1296 1074 καθά
1329 1049 1434 1089 φησι
1457 1031 1696 1087 Κύριλλος,

246 1096 323 1152 τήν
348 1102 610 1153 γνωμετριάν
637 1115 760 1154 ευρον
788 1102 834 1142 ἐκ
861 1101 936 1141 τοῦ
967 1100 1149 1141 ἀπλέτου
1180 1101 1255 1154 τῆς
1286 1101 1362 1154 γῆς
1389 1098 1463 1141 καί
1484 1100 1557 1154 τῆς
1585 1100 1696 1143 διαι-

249 1165 413 1216 ρέσεως.
440 1164 466 1219 ἦ
496 1166 543 1207 δὲ
575 1166 654 1206 ταῖν
683 1166 949 1222 φαινομένων
977 1167 1136 1219 θεωρία
1163 1166 1261 1220 παρ’
1279 1162 1475 1220 Ἕλλησιν
1504 1163 1694 1207 ε’τελειώ-
1712 1166 1793 1211 152«

115 1235 232 1271 P.128
247 1233 330 1284 θη,
361 1231 443 1272 τῶν
465 1229 640 1285 πρώτων
679 1228 896 1286 τηρήσεων
925 1231 970 1272 ἐν
998 1232 1227 1283 Βαβυλῶνι
1265 1232 1511 1285 γενομένων.
1563 1227 1612 1271 τὸ
1646 1230 1694 1272 δὲ

245 1297 344 1350 περί
371 1296 470 1344 τοὺς
509 1292 721 1350 ἀριθμούς
752 1292 834 1337 ἀπὸ
867 1296 949 1338 ταῖν
973 1294 1170 1352 ἐμπόρων
1191 1296 1399 1338 Φοινίκων
1429 1290 1594 1350 ἤρξατο.
1621 1293 1696 1338 καὶ

243 1363 342 1416 περί
365 1363 443 1414 μὲν
471 1361 627 1403 τούτων
657 1359 805 1411 οὕτως.
1438 1363 1444 1367 ’

349 1427 478 1469 Μετὰ
511 1429 556 1469 δὲ
589 1427 837 1470 πεντακόσια
863 1427 1082 1484 τριάκοντα
1113 1430 1187 1470 καί
1212 1430 1255 1479 ’ἐξ
1284 1426 1352 1483 ἔτη
1382 1428 1456 1469 τοῦ
1484 1429 1692 1469 κατακλυ-

242 1495 352 1546 σμοῦ
389 1493 414 1548 ἦ
455 1495 531 1535 τοῦ
559 1495 717 1549 πύργου
765 1497 927 1549 γέγονεν
958 1492 1242 1550 οἰκοδόμησις,
1273 1489 1756 1547 ματαιοπονησοὶντωναο

242 1561 314 1602 ἐπὶ
351 1557 479 1617 ταύτῃ
528 1562 611 1603 ταῖν
651 1556 886 1616 ἀνθρώπων
937 1562 1105 1603 ἐκείνων
1149 1562 1194 1602 ἐν
1221 1558 1332 1602 ἔτεσι
1363 1556 1688 1615 τεσσαράκοντα.

241 1753 504 1795 historicorum,
534 1766 624 1800 quos
647 1755 744 1795 citat,
769 1754 896 1788 diluvii
919 1759 1082 1801 tempore
1111 1754 1284 1800 quosdam
1303 1754 1466 1787 homines
1491 1755 1528 1787 in
1552 1754 1686 1788 altissi-

239 1812 334 1833 mum
361 1801 550 1834 Armeniae
575 1808 731 1835 montem
757 1802 977 1846 confugisse,
1009 1809 1118 1848 atque
1153 1802 1205 1835 ibi
1240 1802 1348 1835 saluti
1373 1813 1457 1835 suae
1482 1813 1546 1846 per
1571 1800 1684 1846 ipsius

238 1848 372 1881 montis
414 1848 674 1882 sublimitatem
709 1850 943 1882 consuluisse.
979 1861 1101 1883 verum
1123 1848 1161 1882 hi
1188 1861 1207 1881 a
1232 1860 1362 1893 δεῦρο,
1407 1848 1505 1893 quod
1531 1847 1683 1889 dicitur,

239 1895 451 1928 aberrarunt
478 1900 514 1928 et
540 1908 558 1928 a
587 1897 714 1929 semita
741 1903 835 1929 recta
862 1897 967 1941 longe
997 1897 1229 1930 deflexerunt.
1256 1907 1338 1928 num
1364 1895 1393 1927 si
1418 1907 1510 1939 aqua
1526 1895 1567 1928 'id
1591 1900 1684 1928 tem-

238 1943 333 1986 poris
359 1954 465 1987 supra
479 1948 619 1975 montes
644 1954 807 1989 quosque
827 1943 1101 1977 sublimissimos
1126 1943 1171 1976 ad
1192 1944 1230 1975 15
1253 1952 1367 1987 usque
1393 1942 1534 1975 cubitos
1559 1952 1684 1975 excre-

237 1990 308 2029 vit,
338 1989 638 2034 quemadmodum
672 1991 789 2024 Moses
826 1991 1020 2024 memoriae
1054 1989 1236 2036 prodidit,
1274 1989 1395 2022 nullus
1431 1999 1510 2021 mea
1533 1989 1682 2034 quidem

238 2038 417 2069 sententia
437 2048 537 2069 mons
557 2038 717 2082 reliquus
743 2049 818 2071 esse
843 2038 986 2083 potuit,
1007 2039 1070 2084 qui
1093 2050 1112 2071 a
1135 2036 1296 2083 periculo
1323 2041 1481 2070 servaret
1504 2036 1681 2070 immunes

237 2089 418 2127 quotquot
443 2084 481 2116 in
507 2095 586 2116 eum
611 2085 866 2129 confugissent.

329 2131 440 2162 Areae
477 2130 590 2174 ipsius
626 2131 815 2176 longitudo
844 2133 912 2165 300
942 2131 1083 2166 cubitos
1117 2129 1294 2170 habebat,
1316 2129 1474 2163 latitudo
1499 2131 1682 2176 quinqua-

236 2176 353 2220 ginta,
379 2177 534 2209 altitudo
563 2178 718 2221 triginta.
746 2191 824 2211 cum
846 2186 965 2213 autem
990 2179 1105 2213 cubiti
1131 2177 1345 2211 vocabulum
1380 2176 1506 2218 audis,
1529 2189 1602 2210 non
1625 2183 1680 2211 ta-

235 2223 306 2255 lem
332 2223 487 2267 intelligi
520 2229 646 2268 putato
687 2227 801 2271 qualis
838 2227 935 2272 apud
965 2238 1031 2260 nos
1056 2231 1109 2259 est
1137 2225 1174 2258 in
1202 2236 1284 2264 usu,
1320 2223 1384 2257 sed
1411 2225 1678 2268 geometricum.

234 2270 354 2302 Moses
381 2271 495 2310 enim,
520 2271 581 2315 qui
609 2274 704 2316 apud
717 2274 910 2318 Aegyptios
941 2280 1053 2307 artem
1078 2271 1293 2317 geometriae
1317 2270 1522 2313 didicisset,
1548 2272 1587 2304 in
1610 2271 1678 2306 hac
1723 2287 1725 2291 ⁴

236 2316 281 2348 de
306 2329 384 2349 arca
419 2318 625 2351 narratione
661 2319 819 2353 cubitum
851 2321 1028 2354 eiusmodi
1054 2319 1227 2363 intelligit
1251 2317 1313 2363 qui
1341 2319 1531 2351 maximam
1554 2319 1676 2352 ulnam

236 2364 406 2397 efficeret.
432 2376 513 2397 nam
538 2365 703 2410 Aegyptii
729 2368 861 2411 primi,
888 2368 1065 2402 referente
1093 2366 1247 2410 Cyrillo‚
1274 2366 1504 2408 geometriam
1529 2372 1678 2411 propter

235 2410 510 2455 amplitudinem
539 2417 655 2444 terrae
680 2425 764 2446 suae
790 2416 939 2460 eiusque
967 2415 1178 2448 divisionem
1205 2418 1426 2457 repererunt,
1454 2424 1533 2446 cum
1557 2419 1676 2447 motus

236 2457 396 2490 siderum
430 2458 668 2491 consideratio
706 2462 752 2493 sit
791 2473 808 2493 a
836 2463 980 2496 Graecis
1013 2461 1189 2507 perfecta,
1227 2470 1379 2504 quorum
1404 2459 1676 2495 observationes

235 2505 370 2550 primae
404 2505 500 2550 apud
523 2505 737 2548 Babylonios
771 2509 993 2544 exstiterant.
1037 2507 1163 2542 itidem
1205 2506 1367 2540 doctrina
1399 2517 1628 2541 numerorum
1654 2519 1676 2541 a

236 2551 454 2585 Phoenicum
478 2553 733 2586 mercatoribus
758 2561 811 2588 est
834 2557 1002 2600 prosecta.
1033 2555 1077 2589 de
1102 2555 1157 2587 his
1183 2553 1367 2587 hactenus.
1611 2573 1614 2576 -

329 2599 413 2632 Post
439 2610 551 2633 annos
578 2611 598 2632 a
625 2599 760 2634 diluvio
791 2602 858 2634 536
882 2604 990 2636 turris
1017 2608 1071 2636 est
1095 2601 1306 2641 aedificata,
1330 2599 1536 2633 hominibus
1560 2600 1599 2633 in
1631 2611 1674 2634 ea

235 2645 454 2690 perficienda
478 2647 563 2679 totis
583 2647 627 2691 4ο
644 2649 746 2680 annis
771 2648 949 2684 incassum
972 2648 1231 2683 laborantibus.
1259 2646 1542 2680 cohortabantur
1566 2648 1682 2688 enim,v

236 2703 299 2724 ceu
329 2693 445 2726 Moses
481 2694 586 2735 (Gen.
621 2705 654 2726 ιι
685 2695 720 2738 3)
751 2702 891 2738 narrat,
928 2698 1080 2732 invicem
1118 2702 1158 2729 ut
1193 2696 1323 2728 lateres
1359 2695 1517 2728 facerent
1540 2705 1672 2739 coque-
1700 2711 1708 2720 *-

236 2744 405 2784 rentque,
441 2741 572 2785 quibus
614 2741 739 2774 urbem
773 2744 971 2789 turrimque
1003 2743 1072 2777 sibi
1107 2747 1356 2783 exstruerent,
1399 2753 1491 2787 quae
1526 2740 1670 2785 fastigio
