1826 3120
292 119 405 175 238
732 134 1020 174 MicuAEms
1063 133 1279 176 ommi:

282 236 356 279 ἐπὶ
390 238 465 279 τοῦ
495 235 816 285 κατακλυσμοῦ,
843 231 1077 274 κάντεῦθεν
1103 236 1338 280 πιστοῦται,
1395 235 1544 284 λίθους
1569 233 1650 289 γάρ
1678 248 1740 276 τι-

286 319 354 352 νες
385 305 430 345 ἐκ
456 303 536 344 τῶν
568 301 641 341 τοῦ
668 296 865 351 Λιβάνου
904 299 1154 353 α’κρωρειῶν
1172 299 1234 347 εἰς
1262 297 1485 352 οἰκοδομάς
1511 299 1740 353 μετακομί-

285 370 426 420 ζοντες
454 366 767 418 διεβεβαιοῦντο
796 361 852 412 ὥς
882 358 1005 416 εὗρον
1033 366 1078 406 ὲν
1111 369 1199 414 τοῖς
1226 361 1460 418 κοιλώμασι
1484 368 1564 419 τοῦ
1593 367 1737 420 Λιβά-

280 449 353 477 νου
382 430 539 486 ἰχθύας
567 432 943 486 τεταριχευμένους
973 431 1045 473 καί
1068 432 1121 487 τῇ
1148 430 1239 473 ἰλύϊ
1257 427 1505 486 πεπηγότας,
1522 430 1638 475 καθά
1657 449 1735 490 φη·

282 515 328 541 σι
358 499 431 541 καί
459 497 667 552 Ἰώσηπος.
1751 500 1776 540 ὅ

397 561 523 606 Μετὰ
570 563 615 604 δὲ
643 560 718 617 τήν
743 565 819 605 τοῦ
863 565 1160 615 κατακλυσμοῦ
1195 564 1364 605 παῦλαν
1399 565 1558 606 θυσίαν
1579 562 1610 606 ’ὅ
1639 566 1739 609 Νῶε

282 633 339 687 τῷ
366 632 456 687 θεῷ
485 626 697 683 ἀνήνεγκε.
757 630 868 677 τίνος
901 630 1058 681 ἕνεκενς
1088 629 1156 670 ἵνα
1175 634 1259 679 τοῖς
1288 631 1501 682 ἐσομένοις
1533 631 1578 672 έν
1606 630 1738 673 (ἔσθε...

282 696 369 753 νείᾳ
399 692 670 749 συγγνώμονα
698 710 742 737 τε
769 693 844 736 καί
873 693 1052 749 γαληνὸν
1090 693 1487 751 προσαπεργάσηται
1514 690 1590 739 τὸν
1617 694 1740 750 θεόν,

239 760 340 811 Βῶς
374 760 396 803 ὅ
423 763 553 816 μέγας
583 762 754 812 διέξεισι
783 758 1016 815 Κύριλλος,
1055 762 1124 803 ἵνα
1156 760 1213 817 μὴ
1242 764 1366 804 πάλιν
1393 763 1473 815 μιά
1501 760 1606 805 κατὰ
1634 761 1740 806 πάν-

284 845 368 870 των
399 826 618 870 ἐλεύσεται
652 829 825 883 ψῆφος,
868 828 1049 884 δευτέρῳ
1078 830 1358 886 κατακλυσμῷ
1397 827 1443 871 τὸ
1474 822 1804 886 ἀνθρώπινονιο

284 893 532 936 ὑποτιθεῖσα
559 895 686 948 γένος.
754 894 822 949 ἐφ’
852 887 885 952 ᾦ
913 892 985 934 καί
1011 890 1101 936 εἶπε
1130 893 1234 948 πρός
1267 894 1393 937 αὐτὸν
1423 894 1445 936 ὅ
1483 894 1585 945 θεός
1614 896 1738 949 „dta-

283 961 450 1015 νοηθείς
479 960 618 1001 ου’κέτι
647 958 877 1014 προσθήσω
907 961 982 1001 τοῦ
1020 960 1349 1015 καταράσασθαι
1378 959 1451 1017 τὴν
1477 964 1554 1017 γῆν
1583 961 1654 1004 διὰ
1683 961 1736 1006 τὰ

283 1025 385 1081 ἔργα
411 1029 491 1067 ταῖν
531 1025 793 1080 ἀνθρώπων,
825 1023 889 1067 ὅτι
931 1024 1114 1080 ἔγκειται
1155 1024 1180 1080 ἡ
1213 1025 1378 1069 διάνοια
1406 1029 1482 1069 τοῦ
1509 1026 1738 1084 α’νθροόπου

285 1091 357 1134 ε’πί
381 1089 539 1147 πονηροὶ
571 1093 616 1134 ἐκ
643 1094 877 1147 νεότητος.”
930 1092 1079 1134 τούτου
1112 1093 1263 1146 χάριν,
1291 1091 1350 1142 ὦς
1379 1091 1552 1148 εἴρηται,
1581 1095 1738 1136 θυσίαν

286 1158 483 1212 α’νὴνεγκε
510 1159 567 1215 τῷ
593 1161 694 1216 θεῷ.
753 1156 860 1200 κατὰ
887 1157 966 1213 γὰρ
994 1160 1118 1199 τοῦτο
1151 1161 1226 1200 καί
1255 1156 1356 1202 ἑπτά
1385 1157 1492 1201 ἑπτὰ
1521 1162 1737 1204 ἐκέλευσεν
1756 1166 1804 1207 15

286 1221 307 1264 ὅ
337 1224 438 1273 θεὸς
466 1219 548 1264 οἷπὸ
579 1226 662 1266 τῶν
691 1226 893 1279 καθαρῶν
910 1226 1168 1279 εἰσαχθῆναι
1191 1226 1236 1267 έν
1266 1227 1317 1281 τῇ
1336 1227 1519 1282 κιβωτῷ,
1554 1225 1631 1268 δύο
1661 1224 1738 1268 δύο

286 1293 334 1333 δὲ
365 1287 448 1332 οἷπό
479 1293 563 1333 τῶν
591 1290 856 1345 ἀκαθάρτων.
929 1289 1074 1345 ἐπειδὴ
1105 1290 1186 1346 γάρ
1218 1289 1365 1344 ἔμελλε
1394 1298 1628 1348 συγχωρεῖν
1654 1297 1740 1343 τοῖς

154 1364 191 1400 Ρ.
212 1373 270 1409 ¹27
285 1354 525 1411 ἀνθρώποις
570 1360 823 1410 μεταλαβεῖν
858 1358 1016 1411 κρεῶν,
1048 1356 1220 1410 ἔμελλον
1251 1360 1296 1400 δὲ
1323 1359 1397 1399 καί
1423 1358 1578 1408 θυσίας
1608 1373 1740 1414 προσ-

286 1425 433 1479 φέρειν
473 1422 588 1481 azimi}
628 1425 701 1477 τῆς
733 1419 949 1477 εὐσεβείας
976 1422 1013 1464 οἱ
1042 1422 1254 1480 τρόφιμοι,
1285 1426 1453 1466 πλείονα
1481 1423 1534 1466 τὰ
1565 1423 1736 1481 καθαρὰ

285 1490 560 1545 φυλαχθῆναι
593 1491 842 1544 προσέταξε,
883 1487 959 1538 τὰς
994 1490 1072 1542 μὲν
1095 1496 1206 1544 τρεῖς
1239 1491 1442 1544 συζυγίας
1469 1491 1529 1540 εἰς
1557 1490 1634 1544 τὴν
1660 1485 1802 1537 ani-20

284 1557 401 1610 ξησιν
427 1557 500 1597 τοῦ
537 1558 704 1610 γένους,
747 1554 793 1597 τὸ
834 1557 880 1597 δὲ
908 1554 1104 1610 περιττὸν
1143 1557 1186 1598 ἓν
1217 1557 1277 1605 εἰς
1305 1551 1474 1602 θυσίαν.
1531 1554 1556 1597 ὃ
1587 1554 1638 1612 δὴ
1667 1554 1741 1604 καὶ

284 1623 480 1678 πεποίηκε
520 1619 626 1675 μετὰ
659 1620 733 1663 τὸν
772 1620 1088 1675 κατακλυσμόν,
1117 1619 1200 1662 a’nd
1233 1619 1397 1665 πάντων
1425 1624 1511 1666 τῶν
1537 1626 1739 1680 καθαρῶν

288 1819 437 1853 huiusce
463 1818 592 1852 diluvii
618 1825 757 1855 montes
784 1819 891 1852 etiam
917 1817 1192 1852 sublimissimos
1221 1817 1417 1863 operuisse,
1439 1818 1497 1851 vel
1523 1818 1607 1853 hinc
1632 1818 1743 1852 colli-

287 1879 370 1912 gere
393 1868 488 1899 licet.
526 1866 673 1912 quidam
708 1879 786 1900 cum
824 1877 842 1900 e
870 1865 999 1900 Libani
1046 1866 1291 1899 cacuminibus
1317 1865 1362 1898 ad
1389 1870 1584 1900 structuras
1611 1865 1741 1899 aedifi—

287 1915 424 1947 ciorum
449 1926 531 1947 saxa
556 1921 801 1958 congererent,
826 1913 1064 1947 adseruerunt
1091 1923 1128 1946 se
1154 1913 1246 1945 intra
1269 1911 1392 1945 Libani
1417 1913 1656 1946 concavitates
1681 1924 1739 1946 re-

286 1963 420 2007 perisse
445 1960 560 2006 p'isces
588 1961 772 1995 induratos
798 1961 836 1995 in
860 1961 947 1994 limo
975 1959 1124 2002 defixos,
1147 1959 1200 1995 uti
1217 1958 1386 2004 Iosephus
1413 1960 1521 1994 etiam
1543 1960 1738 1994 memoriae

286 2008 460 2055 prodidit.

383 2055 471 2088 Cum
507 2055 680 2088 diluvium
720 2055 910 2096 desiisset,
949 2054 1027 2088 Noa
1056 2052 1124 2087 (leo
1149 2052 1361 2087 sacrificium
1389 2052 1534 2088 obtulit.
1560 2053 1738 2100 quamob-

289 2114 362 2134 rem
393 2101 508 2135 istuc?
535 2107 576 2135 ut
598 2102 642 2134 iis
667 2103 726 2147 qui
754 2101 950 2147 aliquando
977 2101 1091 2135 futuri
1127 2106 1246 2134 essent
1273 2101 1516 2142 infirmiores,
1541 2103 1649 2136 deum
1672 2101 1738 2135 be-

289 2149 439 2193 nignum
464 2160 503 2181 ac
542 2149 737 2193 propitium
773 2149 960 2189 redderet,
997 2149 1090 2183 sicut
1124 2147 1273 2181 eximius
1307 2147 1370 2180 ille
1398 2147 1553 2191 Cyrillus
1593 2147 1665 2189 ait‘,
1690 2160 1737 2182 ne

290 2207 428 2228 rursum
454 2196 650 2241 aliquando
676 2209 766 2229 unus
803 2196 973 2229 adversus
999 2206 1119 2228 omnes
1143 2195 1295 2228 ferretur
1318 2196 1500 2237 calculus,
1529 2207 1600 2241 un
1626 2207 1736 2240 genus

290 2243 496 2276 mortalium
533 2243 638 2275 alteri
673 2242 807 2276 diluvio
850 2243 1098 2277 subiiceretur.
1136 2242 1264 2275 iccirco
1305 2241 1394 2275 deus
1430 2242 1486 2276 his
1512 2254 1592 2276 eum
1617 2243 1738 2276 verbis

291 2290 488 2334 compellat
511 2289 615 2335 (Gen.
645 2291 665 2322 8
694 2292 753 2335 21)
793 2291 928 2331 „statui
969 2302 1049 2325 cum
1084 2289 1202 2324 animo
1237 2299 1318 2321 meo
1355 2301 1539 2334 nunquam
1566 2289 1736 2335 deinceps

292 2343 423 2371 terram
461 2342 561 2370 tanta
596 2336 743 2370 diritate
777 2337 949 2385 prosequi
983 2342 1130 2382 propter
1162 2335 1348 2369 hominum
1379 2336 1560 2378 facinora,
1585 2348 1738 2382 quorum

292 2383 532 2428 cogitationes
571 2389 606 2416 et
645 2384 763 2416 studia
787 2385 871 2418 inde
900 2396 1015 2430 usque
1053 2396 1073 2417 a
1107 2383 1228 2430 pueris
1254 2382 1300 2416 ad
1324 2395 1432 2429 prava
1489 2395 1628 2430 uaeque
1651 2395 1738 2430 pro-

294 2431 399 2464 clivia
435 2431 549 2463 sunt.⁷'
585 2430 677 2462 hanc
710 2431 817 2475 igitur
840 2432 886 2465 ob
924 2443 1064 2466 causam
1089 2430 1299 2464 sacrificium
1333 2429 1427 2463 illud
1452 2442 1472 2464 o
1501 2431 1609 2472 tulit,
1635 2432 1737 2465 cuius

295 2479 404 2511 etiam
435 2483 598 2522 respectu
622 2478 850 2512 mandaverat
886 2479 972 2512 deus
1002 2484 1044 2512 ut
1067 2488 1111 2511 ex
1136 2476 1278 2511 mundis
1317 2477 1532 2512 animalibus
1558 2478 1597 2512 in
1619 2489 1743 2515 arcam,

294 2531 461 2570 septena,
488 2536 532 2558 ex
555 2525 748 2558 immundis
773 2524 859 2558 bina
885 2526 1138 2573 reciperentur.
1162 2536 1243 2559 nam
1265 2525 1350 2570 quia
1374 2524 1540 2560 carnibus
1568 2525 1737 2559 vescendi

293 2578 508 2617 potestatem
529 2571 740 2605 mortalibus
763 2572 919 2608 facturus
937 2579 1029 2614 erat,
1051 2578 1160 2618 atque
1178 2573 1282 2606 etiam
1302 2571 1467 2606 litaturos
1493 2572 1563 2606 sibi
1588 2573 1744 2618 religio-f

243 2659 246 2662 ἢ
295 2630 353 2651 sos
378 2619 540 2652 homines
574 2618 726 2659 sciebat,
757 2620 884 2652 iccirco
919 2620 1134 2654 mundorum
1173 2619 1379 2657 animalium
1415 2620 1529 2652 maior
1565 2630 1732 2657 numerus

296 2671 454 2699 servatus
481 2672 556 2707 est,
582 2677 733 2711 quorum
760 2667 827 2699 tria
851 2668 951 2712 paria
984 2667 1123 2712 generis
1150 2667 1395 2707 incremento,
1422 2667 1599 2712 reliquum
1627 2665 1734 2714 sapri-

297 2712 377 2748 ficio
403 2712 618 2748 destinatum
646 2718 758 2757 esset5
786 2712 824 2747 id
843 2714 941 2760 quod
967 2726 987 2749 a
1015 2714 1150 2750 diluvio
1177 2712 1254 2753 Noa
1282 2724 1356 2748 non
1373 2714 1542 2759 neglexit,
1566 2713 1610 2748 de
1635 2712 1732 2747 omni
