<?xml version="1.0" encoding="UTF-8"?>
<!DOCTYPE html PUBLIC "-//W3C//DTD XHTML 1.0 Transitional//EN"
    "http://www.w3.org/TR/xhtml1/DTD/xhtml1-transitional.dtd">
<html xmlns="http://www.w3.org/1999/xhtml" xml:lang="en" lang="en">
 <head>
  <title>
</title>
<meta http-equiv="Content-Type" content="text/html;charset=utf-8" />
  <meta name='ocr-system' content='tesseract 3.04.00' />
  <meta name='ocr-capabilities' content='ocr_page ocr_carea ocr_par ocr_line ocrx_word'/>
</head>
<body>
  <div class='ocr_page' id='page_1' title='image "./corpusscriptorum37niebuoft_0122.png"; bbox 0 0 1826 3120; ppageno 0'>
   <div class='ocr_carea' id='block_1_1' title="bbox 243 148 1227 194">
    <p class='ocr_par' dir='ltr' id='par_1_1' title="bbox 243 148 1227 194">
     <span class='ocr_line' id='line_1_1' title="bbox 243 148 1227 194; baseline -0.005 0"><span class='ocrx_word' id='word_1_1' title='bbox 243 162 259 194; x_wconf 89' lang='lat'><em>1</em></span> <span class='ocrx_word' id='word_1_2' title='bbox 273 158 344 194; x_wconf 89' lang='lat' dir='ltr'><em>OO</em></span> <span class='ocrx_word' id='word_1_3' title='bbox 686 150 972 193; x_wconf 83' lang='lat' dir='ltr'>MICHAELIS</span> <span class='ocrx_word' id='word_1_4' title='bbox 1011 148 1227 191; x_wconf 78' lang='lat' dir='ltr'>GLYCAE</span> 
     </span>
    </p>
   </div>
   <div class='ocr_carea' id='block_1_2' title="bbox 109 243 1771 1755">
    <p class='ocr_par' dir='ltr' id='par_1_2' title="bbox 109 243 1771 1755">
     <span class='ocr_line' id='line_1_2' title="bbox 230 243 1677 312; baseline -0.009 -12"><span class='ocrx_word' id='word_1_5' title='bbox 230 257 438 312; x_wconf 71' lang='grc' dir='ltr'><em>μεγέθους</em></span> <span class='ocrx_word' id='word_1_6' title='bbox 465 253 620 304; x_wconf 77' lang='grc' dir='ltr'><em>ἕνεκεν,</em></span> <span class='ocrx_word' id='word_1_7' title='bbox 647 251 721 292; x_wconf 82' lang='grc' dir='ltr'><em>καί</em></span> <span class='ocrx_word' id='word_1_8' title='bbox 747 250 822 292; x_wconf 86' lang='grc' dir='ltr'><em>τὸν</em></span> <span class='ocrx_word' id='word_1_9' title='bbox 850 251 962 302; x_wconf 80' lang='grc' dir='ltr'><em>μῦν,</em></span> <span class='ocrx_word' id='word_1_10' title='bbox 994 243 1060 290; x_wconf 76' lang='grc' dir='ltr'><em>ὅτι</em></span> <span class='ocrx_word' id='word_1_11' title='bbox 1089 244 1273 303; x_wconf 81' lang='grc' dir='ltr'><em>φοβερός</em></span> <span class='ocrx_word' id='word_1_12' title='bbox 1299 246 1386 288; x_wconf 72' lang='grc' dir='ltr'><em>ἐστι</em></span> <span class='ocrx_word' id='word_1_13' title='bbox 1411 247 1472 303; x_wconf 72' lang='grc' dir='ltr'><em>τῷ</em></span> <span class='ocrx_word' id='word_1_14' title='bbox 1497 246 1677 302; x_wconf 79' lang='grc' dir='ltr'><em>ἐλέφαν-</em></span> 
     </span>
     <span class='ocr_line' id='line_1_3' title="bbox 230 308 1680 377; baseline -0.006 -15"><span class='ocrx_word' id='word_1_15' title='bbox 230 340 302 377; x_wconf 78' lang='grc' dir='ltr'><em>τι,</em></span> <span class='ocrx_word' id='word_1_16' title='bbox 337 318 474 376; x_wconf 72' lang='grc' dir='ltr'><em>ὥσπερ</em></span> <span class='ocrx_word' id='word_1_17' title='bbox 520 317 570 372; x_wconf 81' lang='grc' dir='ltr'><em>δὴ</em></span> <span class='ocrx_word' id='word_1_18' title='bbox 598 317 672 358; x_wconf 83' lang='grc' dir='ltr'><em>καί</em></span> <span class='ocrx_word' id='word_1_19' title='bbox 696 314 743 357; x_wconf 85' lang='grc' dir='ltr'><em>τὸ</em></span> <span class='ocrx_word' id='word_1_20' title='bbox 782 313 1034 357; x_wconf 85' lang='grc' dir='ltr'><em>λεπτότατον</em></span> <span class='ocrx_word' id='word_1_21' title='bbox 1067 308 1227 367; x_wconf 71' lang='grc' dir='ltr'><em>ἄγαμαι</em></span> <span class='ocrx_word' id='word_1_22' title='bbox 1249 313 1327 354; x_wconf 79' lang='grc' dir='ltr'><em>τοῦ</em></span> <span class='ocrx_word' id='word_1_23' title='bbox 1354 312 1556 366; x_wconf 84' lang='grc' dir='ltr'><em>σκορπίου</em></span> <span class='ocrx_word' id='word_1_24' title='bbox 1589 309 1680 354; x_wconf 77' lang='grc' dir='ltr'><em>κέν-</em></span> 
     </span>
     <span class='ocr_line' id='line_1_4' title="bbox 230 374 1678 445; baseline -0.008 -15"><span class='ocrx_word' id='word_1_25' title='bbox 230 405 329 445; x_wconf 84' lang='grc' dir='ltr'><em>τρον</em></span> <span class='ocrx_word' id='word_1_26' title='bbox 357 387 445 435; x_wconf 72' lang='grc' dir='ltr'><em>παῖς</em></span> <span class='ocrx_word' id='word_1_27' title='bbox 496 385 705 425; x_wconf 80' lang='grc' dir='ltr'><em>ἑκοίλανεν</em></span> <span class='ocrx_word' id='word_1_28' title='bbox 735 377 875 436; x_wconf 72' lang='grc' dir='ltr'><em>ὥσπερ</em></span> <span class='ocrx_word' id='word_1_29' title='bbox 919 381 1050 423; x_wconf 69' lang='grc' dir='ltr'><em>αὐλὸν</em></span> <span class='ocrx_word' id='word_1_30' title='bbox 1083 378 1105 420; x_wconf 82' lang='grc' dir='ltr'><em>ὃ</em></span> <span class='ocrx_word' id='word_1_31' title='bbox 1138 381 1351 433; x_wconf 82' lang='grc' dir='ltr'><em>τεχνίτης,</em></span> <span class='ocrx_word' id='word_1_32' title='bbox 1385 374 1570 420; x_wconf 61' lang='lat' dir='ltr'><strong>diors-dd</strong></span> <span class='ocrx_word' id='word_1_33' title='bbox 1601 377 1678 419; x_wconf 78' lang='lat' dir='ltr'><em>av&#39;-</em></span> 
     </span>
     <span class='ocr_line' id='line_1_5' title="bbox 228 441 1680 504; baseline -0.008 -7"><span class='ocrx_word' id='word_1_34' title='bbox 228 456 304 498; x_wconf 81' lang='grc' dir='ltr'>τοῦ</span> <span class='ocrx_word' id='word_1_35' title='bbox 329 452 400 495; x_wconf 88' lang='grc' dir='ltr'><em>τὸν</em></span> <span class='ocrx_word' id='word_1_36' title='bbox 430 449 494 492; x_wconf 85' lang='grc' dir='ltr'><em>ἰὸν</em></span> <span class='ocrx_word' id='word_1_37' title='bbox 522 455 609 497; x_wconf 84' lang='grc' dir='ltr'><em>τοῖς</em></span> <span class='ocrx_word' id='word_1_38' title='bbox 638 451 862 504; x_wconf 71' lang='grc' dir='ltr'><em>τρωθεῖσιν</em></span> <span class='ocrx_word' id='word_1_39' title='bbox 894 447 1097 489; x_wconf 75' lang='grc' dir='ltr'><em>ἐνίεσθαι.</em></span> <span class='ocrx_word' id='word_1_40' title='bbox 1165 442 1273 486; x_wconf 73' lang='grc' dir='ltr'><em>ἄλλα</em></span> <span class='ocrx_word' id='word_1_41' title='bbox 1304 445 1376 485; x_wconf 83' lang='grc' dir='ltr'><em>καί</em></span> <span class='ocrx_word' id='word_1_42' title='bbox 1403 441 1475 485; x_wconf 81' lang='grc' dir='ltr'><em>τὸν</em></span> <span class='ocrx_word' id='word_1_43' title='bbox 1498 444 1680 500; x_wconf 53' lang='grc' dir='ltr'><em>ε’λέφανὼ</em></span> 
     </span>
     <span class='ocr_line' id='line_1_6' title="bbox 230 509 1716 573; baseline -0.006 -15"><span class='ocrx_word' id='word_1_44' title='bbox 230 538 281 563; x_wconf 69' lang='grc' dir='ltr'><em>τα</em></span> <span class='ocrx_word' id='word_1_45' title='bbox 308 517 368 573; x_wconf 78' lang='grc' dir='ltr'><em>μὴ</em></span> <span class='ocrx_word' id='word_1_46' title='bbox 410 514 611 571; x_wconf 88' lang='grc' dir='ltr'><em>πρότερον</em></span> <span class='ocrx_word' id='word_1_47' title='bbox 650 514 783 556; x_wconf 80' lang='grc' dir='ltr'><em>πίνειν</em></span> <span class='ocrx_word' id='word_1_48' title='bbox 814 515 1026 567; x_wconf 83' lang='grc' dir='ltr'><em>λέγουσιν,</em></span> <span class='ocrx_word' id='word_1_49' title='bbox 1055 510 1131 553; x_wconf 74' lang='grc' dir='ltr'><em>ἐὰν</em></span> <span class='ocrx_word' id='word_1_50' title='bbox 1157 509 1216 566; x_wconf 73' lang='grc' dir='ltr'><em>μὴ</em></span> <span class='ocrx_word' id='word_1_51' title='bbox 1247 510 1416 567; x_wconf 76' lang='grc' dir='ltr'><em>θολώσῃ</em></span> <span class='ocrx_word' id='word_1_52' title='bbox 1443 511 1501 568; x_wconf 72' lang='grc' dir='ltr'><em>τῇ</em></span> <span class='ocrx_word' id='word_1_53' title='bbox 1527 515 1716 566; x_wconf 84' lang='grc' dir='ltr'><em>προνο-5</em></span> 
     </span>
     <span class='ocr_line' id='line_1_7' title="bbox 227 575 1679 642; baseline -0.006 -15"><span class='ocrx_word' id='word_1_54' title='bbox 227 589 333 642; x_wconf 70' lang='grc' dir='ltr'><em>μαίᾳ</em></span> <span class='ocrx_word' id='word_1_55' title='bbox 377 581 428 625; x_wconf 83' lang='grc' dir='ltr'><em>τὰ</em></span> <span class='ocrx_word' id='word_1_56' title='bbox 476 582 656 634; x_wconf 83' lang='grc' dir='ltr'><em>νάματα.</em></span> <span class='ocrx_word' id='word_1_57' title='bbox 727 582 835 629; x_wconf 86' lang='grc' dir='ltr'><em>τίνος</em></span> <span class='ocrx_word' id='word_1_58' title='bbox 880 581 1043 632; x_wconf 53' lang='lat' dir='ltr'><strong>§venem</strong></span> <span class='ocrx_word' id='word_1_59' title='bbox 1086 575 1152 619; x_wconf 70' lang='grc' dir='ltr'><em>ὅτι</em></span> <span class='ocrx_word' id='word_1_60' title='bbox 1189 575 1528 631; x_wconf 77' lang='grc' dir='ltr'><em>μορμολύττεται</em></span> <span class='ocrx_word' id='word_1_61' title='bbox 1556 576 1679 619; x_wconf 73' lang='grc' dir='ltr'><em>σκιὰν</em></span> 
     </span>
     <span class='ocr_line' id='line_1_8' title="bbox 227 639 1681 706; baseline -0.007 -13"><span class='ocrx_word' id='word_1_62' title='bbox 227 653 382 706; x_wconf 77' lang='grc' dir='ltr'><em>ἐλέφας</em></span> <span class='ocrx_word' id='word_1_63' title='bbox 412 649 456 689; x_wconf 81' lang='grc' dir='ltr'><em>ἐν</em></span> <span class='ocrx_word' id='word_1_64' title='bbox 484 645 609 688; x_wconf 75' lang='grc' dir='ltr'><em>ὕδατι</em></span> <span class='ocrx_word' id='word_1_65' title='bbox 635 646 710 700; x_wconf 78' lang='grc' dir='ltr'><em>τὴν</em></span> <span class='ocrx_word' id='word_1_66' title='bbox 750 642 905 687; x_wconf 74' lang='grc' dir='ltr'><em>ἑαυτοῦ</em></span> <span class='ocrx_word' id='word_1_67' title='bbox 928 643 1152 698; x_wconf 75' lang='grc' dir='ltr'><em>θεώμενος.</em></span> <span class='ocrx_word' id='word_1_68' title='bbox 1214 642 1279 684; x_wconf 85' lang='grc' dir='ltr'><em>διὸ</em></span> <span class='ocrx_word' id='word_1_69' title='bbox 1309 645 1383 684; x_wconf 87' lang='grc' dir='ltr'>καί</span> <span class='ocrx_word' id='word_1_70' title='bbox 1407 641 1507 691; x_wconf 78' lang='grc' dir='ltr'><em>τούς</em></span> <span class='ocrx_word' id='word_1_71' title='bbox 1524 639 1681 691; x_wconf 71' lang='grc' dir='ltr'><em>Ἰνδοὺς</em></span> 
     </span>
     <span class='ocr_line' id='line_1_9' title="bbox 226 707 1680 769; baseline -0.006 -11"><span class='ocrx_word' id='word_1_72' title='bbox 226 719 440 769; x_wconf 75' lang='grc' dir='ltr'><em>ἐπιτηρεῖν</em></span> <span class='ocrx_word' id='word_1_73' title='bbox 481 715 680 766; x_wconf 76' lang='grc' dir='ltr'><em>ἀσέληνον</em></span> <span class='ocrx_word' id='word_1_74' title='bbox 729 709 856 754; x_wconf 86' lang='grc' dir='ltr'><em>νύκτα</em></span> <span class='ocrx_word' id='word_1_75' title='bbox 900 710 1051 768; x_wconf 80' lang='grc' dir='ltr'><em>φασίν,</em></span> <span class='ocrx_word' id='word_1_76' title='bbox 1107 709 1282 765; x_wconf 81' lang='grc' dir='ltr'><em>ὁπηνίκα</em></span> <span class='ocrx_word' id='word_1_77' title='bbox 1314 707 1680 763; x_wconf 71' lang='grc' dir='ltr'><em>διαπορθμεύουσι</em></span> 
     </span>
     <span class='ocr_line' id='line_1_10' title="bbox 226 774 1680 830; baseline -0.006 -7"><span class='ocrx_word' id='word_1_78' title='bbox 226 781 344 823; x_wconf 84' lang='grc' dir='ltr'><em>τουτί</em></span> <span class='ocrx_word' id='word_1_79' title='bbox 373 782 430 821; x_wconf 87' lang='grc' dir='ltr'><em>δι’</em></span> <span class='ocrx_word' id='word_1_80' title='bbox 459 779 627 820; x_wconf 71' lang='grc' dir='ltr'><em>ὑδάτων</em></span> <span class='ocrx_word' id='word_1_81' title='bbox 653 775 698 820; x_wconf 87' lang='grc' dir='ltr'><strong><em>τὸ</em></strong></span> <span class='ocrx_word' id='word_1_82' title='bbox 733 780 855 830; x_wconf 77' lang='grc' dir='ltr'><em>ζῶον.</em></span> <span class='ocrx_word' id='word_1_83' title='bbox 914 777 987 818; x_wconf 85' lang='grc' dir='ltr'>καί</span> <span class='ocrx_word' id='word_1_84' title='bbox 1010 775 1164 818; x_wconf 89' lang='grc' dir='ltr'><em>τούτου</em></span> <span class='ocrx_word' id='word_1_85' title='bbox 1184 776 1314 830; x_wconf 87' lang='grc' dir='ltr'><em>χάριν</em></span> <span class='ocrx_word' id='word_1_86' title='bbox 1340 774 1601 816; x_wconf 76' lang='grc' dir='ltr'><em>ὖποθολοῦσι</em></span> <span class='ocrx_word' id='word_1_87' title='bbox 1628 775 1680 830; x_wconf 77' lang='grc' dir='ltr'><em>τῇ</em></span> 
     </span>
     <span class='ocr_line' id='line_1_11' title="bbox 178 839 1745 903; baseline -0.006 -15"><span class='ocrx_word' id='word_1_88' title='bbox 178 864 208 896; x_wconf 80' lang='lat'><em>1]</em></span> <span class='ocrx_word' id='word_1_89' title='bbox 226 847 462 903; x_wconf 72' lang='grc' dir='ltr'><em>προνομαίᾳ</em></span> <span class='ocrx_word' id='word_1_90' title='bbox 488 843 539 886; x_wconf 78' lang='grc' dir='ltr'><em>τοὶ</em></span> <span class='ocrx_word' id='word_1_91' title='bbox 574 842 741 897; x_wconf 85' lang='grc' dir='ltr'><em>νάματα</em></span> <span class='ocrx_word' id='word_1_92' title='bbox 772 844 971 891; x_wconf 89' lang='grc' dir='ltr'><em>πίνοντες.</em></span> <span class='ocrx_word' id='word_1_93' title='bbox 1007 840 1071 883; x_wconf 82' lang='grc' dir='ltr'><em>ἔτι</em></span> <span class='ocrx_word' id='word_1_94' title='bbox 1096 840 1170 882; x_wconf 80' lang='grc' dir='ltr'><em>καί</em></span> <span class='ocrx_word' id='word_1_95' title='bbox 1199 843 1321 883; x_wconf 80' lang='grc' dir='ltr'><em>τοῦτο</em></span> <span class='ocrx_word' id='word_1_96' title='bbox 1349 839 1544 896; x_wconf 85' lang='grc' dir='ltr'><em>πρόσεστι</em></span> <span class='ocrx_word' id='word_1_97' title='bbox 1573 842 1681 881; x_wconf 61' lang='lat' dir='ltr'><strong>&amp;avi-</strong></span> <span class='ocrx_word' id='word_1_98' title='bbox 1698 851 1745 879; x_wconf 80' lang='grc' dir='ltr'><em>ιο</em></span> 
     </span>
     <span class='ocr_line' id='line_1_12' title="bbox 221 902 1682 966; baseline -0.005 -12"><span class='ocrx_word' id='word_1_99' title='bbox 221 910 378 966; x_wconf 87' lang='grc' dir='ltr'><em>μαστὸν</em></span> <span class='ocrx_word' id='word_1_100' title='bbox 407 917 494 960; x_wconf 82' lang='grc' dir='ltr'><em>τοῖς</em></span> <span class='ocrx_word' id='word_1_101' title='bbox 521 911 711 966; x_wconf 81' lang='grc' dir='ltr'><em>ἐλέφασι.</em></span> <span class='ocrx_word' id='word_1_102' title='bbox 767 908 841 951; x_wconf 83' lang='grc' dir='ltr'><em>τὸν</em></span> <span class='ocrx_word' id='word_1_103' title='bbox 869 907 948 964; x_wconf 70' lang='grc' dir='ltr'><em>γὰρ</em></span> <span class='ocrx_word' id='word_1_104' title='bbox 976 904 1106 950; x_wconf 81' lang='grc' dir='ltr'><em>Ἰνδὸν</em></span> <span class='ocrx_word' id='word_1_105' title='bbox 1134 905 1323 960; x_wconf 82' lang='grc' dir='ltr'><em>ποταμὸν</em></span> <span class='ocrx_word' id='word_1_106' title='bbox 1350 905 1462 949; x_wconf 77' lang='grc' dir='ltr'><em>ἔστιν</em></span> <span class='ocrx_word' id='word_1_107' title='bbox 1488 902 1560 947; x_wconf 76' lang='grc' dir='ltr'><em>ὅτε</em></span> <span class='ocrx_word' id='word_1_108' title='bbox 1586 906 1682 947; x_wconf 85' lang='grc' dir='ltr'><em>δια-</em></span> 
     </span>
     <span class='ocr_line' id='line_1_13' title="bbox 109 971 1683 1033; baseline -0.006 -11"><span class='ocrx_word' id='word_1_109' title='bbox 109 989 203 1033; x_wconf 73' lang='lat' dir='ltr'>V.41</span> <span class='ocrx_word' id='word_1_110' title='bbox 224 976 524 1033; x_wconf 79' lang='grc' dir='ltr'><em>περαιούμενοι</em></span> <span class='ocrx_word' id='word_1_111' title='bbox 570 977 651 1030; x_wconf 86' lang='grc' dir='ltr'><em>ου’χ</em></span> <span class='ocrx_word' id='word_1_112' title='bbox 682 976 821 1025; x_wconf 73' lang='grc' dir='ltr'><em>ἁπλαῖς</em></span> <span class='ocrx_word' id='word_1_113' title='bbox 853 974 926 1016; x_wconf 81' lang='grc' dir='ltr'><em>καί</em></span> <span class='ocrx_word' id='word_1_114' title='bbox 955 973 1012 1023; x_wconf 82' lang='grc' dir='ltr'><em>ὦς</em></span> <span class='ocrx_word' id='word_1_115' title='bbox 1041 971 1166 1027; x_wconf 82' lang='grc' dir='ltr'><em>ἔτυχε</em></span> <span class='ocrx_word' id='word_1_116' title='bbox 1195 972 1271 1028; x_wconf 67' lang='grc' dir='ltr'><em>τήν</em></span> <span class='ocrx_word' id='word_1_117' title='bbox 1299 974 1430 1015; x_wconf 82' lang='grc' dir='ltr'><em>ἐκεῖσε</em></span> <span class='ocrx_word' id='word_1_118' title='bbox 1460 973 1683 1013; x_wconf 79' lang='grc' dir='ltr'><em>ποιοῦνται</em></span> 
     </span>
     <span class='ocr_line' id='line_1_14' title="bbox 223 1037 1683 1097; baseline -0.005 -11"><span class='ocrx_word' id='word_1_119' title='bbox 223 1044 442 1097; x_wconf 77' lang='grc' dir='ltr'><em>διάβασιν,</em></span> <span class='ocrx_word' id='word_1_120' title='bbox 474 1043 566 1084; x_wconf 73' lang='grc' dir='ltr'><em>ἀλλ’</em></span> <span class='ocrx_word' id='word_1_121' title='bbox 594 1041 615 1084; x_wconf 83' lang='grc' dir='ltr'><strong><em>ὅ</em></strong></span> <span class='ocrx_word' id='word_1_122' title='bbox 633 1043 888 1096; x_wconf 84' lang='grc' dir='ltr'><em>μικρότατος</em></span> <span class='ocrx_word' id='word_1_123' title='bbox 917 1038 1087 1082; x_wconf 85' lang='grc' dir='ltr'><em>πάντων</em></span> <span class='ocrx_word' id='word_1_124' title='bbox 1115 1041 1190 1095; x_wconf 80' lang='grc' dir='ltr'><em>τῆς</em></span> <span class='ocrx_word' id='word_1_125' title='bbox 1219 1037 1488 1094; x_wconf 80' lang='grc' dir='ltr'><em>περαιώσεως</em></span> <span class='ocrx_word' id='word_1_126' title='bbox 1518 1037 1683 1093; x_wconf 78' lang='grc' dir='ltr'><em>πρῶτος</em></span> 
     </span>
     <span class='ocr_line' id='line_1_15' title="bbox 222 1103 1679 1164; baseline -0.005 -13"><span class='ocrx_word' id='word_1_127' title='bbox 222 1110 478 1164; x_wconf 86' lang='grc' dir='ltr'><em>α’πάρχεται,</em></span> <span class='ocrx_word' id='word_1_128' title='bbox 508 1107 615 1163; x_wconf 80' lang='grc' dir='ltr'><em>μετά</em></span> <span class='ocrx_word' id='word_1_129' title='bbox 647 1110 792 1150; x_wconf 78' lang='grc' dir='ltr'><em>τοῦτον</em></span> <span class='ocrx_word' id='word_1_130' title='bbox 810 1106 834 1148; x_wconf 80' lang='grc' dir='ltr'><em>ὅ</em></span> <span class='ocrx_word' id='word_1_131' title='bbox 862 1109 1018 1160; x_wconf 84' lang='grc' dir='ltr'><em>μείζων</em></span> <span class='ocrx_word' id='word_1_132' title='bbox 1045 1105 1189 1159; x_wconf 77' lang='grc' dir='ltr'><em>αὐτοῦ,</em></span> <span class='ocrx_word' id='word_1_133' title='bbox 1219 1103 1362 1147; x_wconf 75' lang='grc' dir='ltr'><em>ἔπειτα</em></span> <span class='ocrx_word' id='word_1_134' title='bbox 1390 1104 1463 1146; x_wconf 75' lang='grc' dir='ltr'><em>καί</em></span> <span class='ocrx_word' id='word_1_135' title='bbox 1489 1103 1512 1145; x_wconf 79' lang='grc' dir='ltr'><em>ὅ</em></span> <span class='ocrx_word' id='word_1_136' title='bbox 1539 1104 1679 1159; x_wconf 75' lang='grc' dir='ltr'><em>ἄμφο-</em></span> 
     </span>
     <span class='ocr_line' id='line_1_16' title="bbox 220 1166 1771 1231; baseline -0.001 -14"><span class='ocrx_word' id='word_1_137' title='bbox 220 1177 352 1231; x_wconf 86' lang='grc' dir='ltr'><em>τέρων</em></span> <span class='ocrx_word' id='word_1_138' title='bbox 391 1176 598 1217; x_wconf 77' lang='grc' dir='ltr'><em>ἐπέκεινα.</em></span> <span class='ocrx_word' id='word_1_139' title='bbox 686 1173 758 1215; x_wconf 84' lang='grc' dir='ltr'><em>καί</em></span> <span class='ocrx_word' id='word_1_140' title='bbox 798 1175 977 1227; x_wconf 72' lang='grc' dir='ltr'><em>καθεξῆς</em></span> <span class='ocrx_word' id='word_1_141' title='bbox 1022 1169 1224 1220; x_wconf 65' lang='grc' dir='ltr'><em>ὡσαύτως</em></span> <span class='ocrx_word' id='word_1_142' title='bbox 1270 1174 1323 1228; x_wconf 81' lang='grc' dir='ltr'><em>τῇ</em></span> <span class='ocrx_word' id='word_1_143' title='bbox 1359 1170 1533 1226; x_wconf 86' lang='grc' dir='ltr'><em>τοιαύτῃ</em></span> <span class='ocrx_word' id='word_1_144' title='bbox 1560 1166 1680 1222; x_wconf 80' lang='grc' dir='ltr'><em>τάξει</em></span> <span class='ocrx_word' id='word_1_145' title='bbox 1697 1173 1771 1224; x_wconf 57' lang='grc'><em>15,</em></span> 
     </span>
     <span class='ocr_line' id='line_1_17' title="bbox 217 1233 1682 1296; baseline -0.004 -14"><span class='ocrx_word' id='word_1_146' title='bbox 217 1240 433 1296; x_wconf 82' lang='grc' dir='ltr'><em>χρώμενοι</em></span> <span class='ocrx_word' id='word_1_147' title='bbox 479 1240 552 1283; x_wconf 82' lang='grc' dir='ltr'><em>τὸν</em></span> <span class='ocrx_word' id='word_1_148' title='bbox 592 1238 782 1292; x_wconf 89' lang='grc' dir='ltr'><em>ποταμὸν</em></span> <span class='ocrx_word' id='word_1_149' title='bbox 817 1238 1044 1287; x_wconf 86' lang='grc' dir='ltr'><em>α’κωλύτως</em></span> <span class='ocrx_word' id='word_1_150' title='bbox 1082 1239 1333 1290; x_wconf 87' lang='grc' dir='ltr'><em>διέρχονται.</em></span> <span class='ocrx_word' id='word_1_151' title='bbox 1409 1235 1485 1278; x_wconf 73' lang='grc' dir='ltr'><em>ἐὰν</em></span> <span class='ocrx_word' id='word_1_152' title='bbox 1525 1233 1607 1290; x_wconf 73' lang='grc' dir='ltr'><em>γάρ</em></span> <span class='ocrx_word' id='word_1_153' title='bbox 1639 1233 1682 1277; x_wconf 73' lang='grc' dir='ltr'><em>οἱ</em></span> 
     </span>
     <span class='ocr_line' id='line_1_18' title="bbox 217 1299 1681 1361; baseline -0.003 -13"><span class='ocrx_word' id='word_1_154' title='bbox 217 1307 391 1359; x_wconf 82' lang='grc' dir='ltr'><em>μείζους</em></span> <span class='ocrx_word' id='word_1_155' title='bbox 435 1309 510 1361; x_wconf 77' lang='grc' dir='ltr'><em>τῆς</em></span> <span class='ocrx_word' id='word_1_156' title='bbox 548 1307 720 1361; x_wconf 87' lang='grc' dir='ltr'><em>πορείας</em></span> <span class='ocrx_word' id='word_1_157' title='bbox 751 1303 1017 1360; x_wconf 73' lang='grc' dir='ltr'><em>ἀπήρχοντο,</em></span> <span class='ocrx_word' id='word_1_158' title='bbox 1057 1301 1167 1357; x_wconf 87' lang='grc' dir='ltr'><em>τάχα</em></span> <span class='ocrx_word' id='word_1_159' title='bbox 1198 1299 1251 1344; x_wconf 72' lang='grc' dir='ltr'><em>ἄν</em></span> <span class='ocrx_word' id='word_1_160' title='bbox 1281 1303 1332 1359; x_wconf 76' lang='grc' dir='ltr'><em>τῇ</em></span> <span class='ocrx_word' id='word_1_161' title='bbox 1355 1302 1567 1357; x_wconf 73' lang='grc' dir='ltr'><em>βαθύτητι</em></span> <span class='ocrx_word' id='word_1_162' title='bbox 1594 1302 1681 1344; x_wconf 73' lang='grc' dir='ltr'><em>τῶν</em></span> 
     </span>
     <span class='ocr_line' id='line_1_19' title="bbox 218 1363 1682 1427; baseline -0.003 -13"><span class='ocrx_word' id='word_1_163' title='bbox 218 1375 360 1416; x_wconf 73' lang='grc' dir='ltr'><em>ποδῶν</em></span> <span class='ocrx_word' id='word_1_164' title='bbox 401 1370 589 1427; x_wconf 72' lang='grc' dir='ltr'><em>βόθρους</em></span> <span class='ocrx_word' id='word_1_165' title='bbox 618 1373 683 1413; x_wconf 80' lang='grc' dir='ltr'><em>ἐπ’</em></span> <span class='ocrx_word' id='word_1_166' title='bbox 731 1373 863 1425; x_wconf 72' lang='grc' dir='ltr'><em>αὐτῆς</em></span> <span class='ocrx_word' id='word_1_167' title='bbox 892 1373 965 1424; x_wconf 78' lang='grc' dir='ltr'><em>τῆς</em></span> <span class='ocrx_word' id='word_1_168' title='bbox 993 1369 1109 1418; x_wconf 80' lang='grc' dir='ltr'><em>ἰλύος</em></span> <span class='ocrx_word' id='word_1_169' title='bbox 1133 1366 1408 1423; x_wconf 80' lang='grc' dir='ltr'><em>ἐργαζόμενοι</em></span> <span class='ocrx_word' id='word_1_170' title='bbox 1435 1363 1682 1422; x_wconf 86' lang='grc' dir='ltr'><em>προοδεύειν</em></span> 
     </span>
     <span class='ocr_line' id='line_1_20' title="bbox 219 1435 1679 1493; baseline -0.003 -15"><span class='ocrx_word' id='word_1_171' title='bbox 219 1440 358 1479; x_wconf 86' lang='grc' dir='ltr'><em>ου’κέτι</em></span> <span class='ocrx_word' id='word_1_172' title='bbox 388 1438 659 1493; x_wconf 82' lang='grc' dir='ltr'><em>συνεχώρουν</em></span> <span class='ocrx_word' id='word_1_173' title='bbox 688 1435 787 1486; x_wconf 78' lang='grc' dir='ltr'><em>τούς</em></span> <span class='ocrx_word' id='word_1_174' title='bbox 815 1435 861 1477; x_wconf 85' lang='grc' dir='ltr'><em>τὸ</em></span> <span class='ocrx_word' id='word_1_175' title='bbox 887 1438 1010 1488; x_wconf 75' lang='grc' dir='ltr'><em>σῶμα</em></span> <span class='ocrx_word' id='word_1_176' title='bbox 1032 1435 1312 1489; x_wconf 81' lang='grc' dir='ltr'><em>σμικρότατον</em></span> <span class='ocrx_word' id='word_1_177' title='bbox 1331 1436 1546 1490; x_wconf 87' lang='grc' dir='ltr'><em>φέροντας,</em></span> <span class='ocrx_word' id='word_1_178' title='bbox 1567 1435 1679 1486; x_wconf 80' lang='grc' dir='ltr'><em>μᾶλ-</em></span> 
     </span>
     <span class='ocr_line' id='line_1_21' title="bbox 217 1497 1744 1557; baseline -0.001 -13"><span class='ocrx_word' id='word_1_179' title='bbox 217 1508 288 1544; x_wconf 91' lang='grc' dir='ltr'><em>λον</em></span> <span class='ocrx_word' id='word_1_180' title='bbox 318 1505 396 1556; x_wconf 82' lang='grc' dir='ltr'><em>μὲν</em></span> <span class='ocrx_word' id='word_1_181' title='bbox 425 1499 501 1544; x_wconf 75' lang='grc' dir='ltr'><em>οὖν</em></span> <span class='ocrx_word' id='word_1_182' title='bbox 531 1505 604 1544; x_wconf 84' lang='grc' dir='ltr'><em>καί</em></span> <span class='ocrx_word' id='word_1_183' title='bbox 630 1504 687 1557; x_wconf 77' lang='grc' dir='ltr'><em>τῷ</em></span> <span class='ocrx_word' id='word_1_184' title='bbox 715 1505 791 1544; x_wconf 81' lang='grc' dir='ltr'><em>τοῦ</em></span> <span class='ocrx_word' id='word_1_185' title='bbox 823 1503 1012 1553; x_wconf 81' lang='grc' dir='ltr'><em>ποταμοῦ</em></span> <span class='ocrx_word' id='word_1_186' title='bbox 1041 1504 1215 1551; x_wconf 80' lang='grc' dir='ltr'><em>τέλματι</em></span> <span class='ocrx_word' id='word_1_187' title='bbox 1242 1500 1552 1554; x_wconf 78' lang='grc' dir='ltr'><em>κατηνάγκαζον</em></span> <span class='ocrx_word' id='word_1_188' title='bbox 1577 1497 1744 1548; x_wconf 70' lang='grc' dir='ltr'><em>τούςαο</em></span> 
     </span>
     <span class='ocr_line' id='line_1_22' title="bbox 217 1560 1679 1622; baseline -0.003 -13"><span class='ocrx_word' id='word_1_189' title='bbox 217 1567 432 1617; x_wconf 81' lang='grc' dir='ltr'><em>τοιούτους</em></span> <span class='ocrx_word' id='word_1_190' title='bbox 462 1569 783 1621; x_wconf 76' lang='grc' dir='ltr'><em>α’ποπνίγεσθαι.</em></span> <span class='ocrx_word' id='word_1_191' title='bbox 841 1566 887 1607; x_wconf 85' lang='grc' dir='ltr'><em>τὸ</em></span> <span class='ocrx_word' id='word_1_192' title='bbox 922 1569 967 1607; x_wconf 80' lang='grc' dir='ltr'><em>δὲ</em></span> <span class='ocrx_word' id='word_1_193' title='bbox 995 1566 1069 1607; x_wconf 82' lang='grc' dir='ltr'><em>τόν</em></span> <span class='ocrx_word' id='word_1_194' title='bbox 1097 1567 1308 1622; x_wconf 79' lang='grc' dir='ltr'><em>ἐλέφαντα</em></span> <span class='ocrx_word' id='word_1_195' title='bbox 1335 1562 1391 1619; x_wconf 69' lang='grc' dir='ltr'><em>μὴ</em></span> <span class='ocrx_word' id='word_1_196' title='bbox 1423 1560 1560 1614; x_wconf 68' lang='grc' dir='ltr'><em>ἄλλως</em></span> <span class='ocrx_word' id='word_1_197' title='bbox 1589 1579 1679 1613; x_wconf 84' lang='grc' dir='ltr'><em>πως</em></span> 
     </span>
     <span class='ocr_line' id='line_1_23' title="bbox 218 1628 1676 1688; baseline -0.001 -15"><span class='ocrx_word' id='word_1_198' title='bbox 218 1636 277 1684; x_wconf 85' lang='grc' dir='ltr'><em>εἷς</em></span> <span class='ocrx_word' id='word_1_199' title='bbox 314 1632 586 1686; x_wconf 82' lang='grc' dir='ltr'><em>συνδυασμὸν</em></span> <span class='ocrx_word' id='word_1_200' title='bbox 615 1632 838 1688; x_wconf 68' lang='grc' dir='ltr'><em>ἔρχεσθαι,</em></span> <span class='ocrx_word' id='word_1_201' title='bbox 873 1631 984 1673; x_wconf 67' lang='grc' dir='ltr'><em>καθά</em></span> <span class='ocrx_word' id='word_1_202' title='bbox 1020 1647 1151 1688; x_wconf 80' lang='grc' dir='ltr'><em>φασιν</em></span> <span class='ocrx_word' id='word_1_203' title='bbox 1187 1629 1224 1671; x_wconf 81' lang='grc' dir='ltr'><em>οἱ</em></span> <span class='ocrx_word' id='word_1_204' title='bbox 1264 1630 1364 1683; x_wconf 74' lang='grc' dir='ltr'><em>περὶ</em></span> <span class='ocrx_word' id='word_1_205' title='bbox 1397 1628 1446 1673; x_wconf 73' lang='grc' dir='ltr'><em>τά</em></span> <span class='ocrx_word' id='word_1_206' title='bbox 1498 1632 1676 1672; x_wconf 77' lang='grc' dir='ltr'><em>τοιαῦτα</em></span> 
     </span>
     <span class='ocr_line' id='line_1_24' title="bbox 121 1689 1676 1755; baseline -0.003 -14"><span class='ocrx_word' id='word_1_207' title='bbox 121 1719 205 1751; x_wconf 60' lang='lat'><em>253</em></span> <span class='ocrx_word' id='word_1_208' title='bbox 221 1702 379 1753; x_wconf 82' lang='grc' dir='ltr'><em>δεινοί,</em></span> <span class='ocrx_word' id='word_1_209' title='bbox 413 1702 452 1741; x_wconf 84' lang='grc' dir='ltr'><em>εἰ</em></span> <span class='ocrx_word' id='word_1_210' title='bbox 487 1698 544 1754; x_wconf 70' lang='grc' dir='ltr'><em>μή</em></span> <span class='ocrx_word' id='word_1_211' title='bbox 577 1701 653 1740; x_wconf 83' lang='grc' dir='ltr'><em>τοῦ</em></span> <span class='ocrx_word' id='word_1_212' title='bbox 684 1698 984 1755; x_wconf 74' lang='grc' dir='ltr'><em>μανδραγόρου</em></span> <span class='ocrx_word' id='word_1_213' title='bbox 1013 1696 1231 1753; x_wconf 79' lang='grc' dir='ltr'><em>γεύσαιντο</em></span> <span class='ocrx_word' id='word_1_214' title='bbox 1263 1696 1385 1753; x_wconf 73' lang='grc' dir='ltr'><em>(οὐδὲ</em></span> <span class='ocrx_word' id='word_1_215' title='bbox 1413 1695 1495 1753; x_wconf 78' lang='grc' dir='ltr'><em>γὰρ</em></span> <span class='ocrx_word' id='word_1_216' title='bbox 1524 1689 1676 1739; x_wconf 71' lang='grc' dir='ltr'><em>ἐπιθύ-</em></span> 
     </span>
    </p>
   </div>
   <div class='ocr_carea' id='block_1_3' title="bbox 321 1818 527 1870">
    <p class='ocr_par' dir='ltr' id='par_1_3' title="bbox 321 1818 527 1870">
     <span class='ocr_line' id='line_1_25' title="bbox 321 1818 527 1870; baseline -0.005 -14"><span class='ocrx_word' id='word_1_217' title='bbox 321 1835 351 1858; x_wconf 88' lang='lat'><em>1.</em></span> <span class='ocrx_word' id='word_1_218' title='bbox 377 1822 454 1870; x_wconf 76' lang='grc' dir='ltr'><em>καὶ]</em></span> <span class='ocrx_word' id='word_1_219' title='bbox 479 1818 527 1865; x_wconf 54' lang='lat' dir='ltr'><em>ff?</em></span> 
     </span>
    </p>
   </div>
   <div class='ocr_carea' id='block_1_4' title="bbox 220 1931 1682 2775">
    <p class='ocr_par' dir='ltr' id='par_1_4' title="bbox 220 1931 1682 2775">
     <span class='ocr_line' id='line_1_26' title="bbox 220 1931 1676 1983; baseline -0.002 -14"><span class='ocrx_word' id='word_1_220' title='bbox 220 1937 396 1983; x_wconf 80' lang='lat' dir='ltr'><strong>phantum</strong></span> <span class='ocrx_word' id='word_1_221' title='bbox 424 1935 471 1968; x_wconf 93' lang='lat' dir='ltr'><em>ob</em></span> <span class='ocrx_word' id='word_1_222' title='bbox 508 1935 582 1967; x_wconf 80' lang='lat' dir='ltr'><strong>eius</strong></span> <span class='ocrx_word' id='word_1_223' title='bbox 619 1934 904 1980; x_wconf 82' lang='lat' dir='ltr'>magnitudinem</span> <span class='ocrx_word' id='word_1_224' title='bbox 934 1934 1092 1967; x_wconf 81' lang='lat' dir='ltr'><strong>admiror</strong></span> <span class='ocrx_word' id='word_1_225' title='bbox 1126 1944 1231 1978; x_wconf 88' lang='lat' dir='ltr'><strong>quam</strong></span> <span class='ocrx_word' id='word_1_226' title='bbox 1256 1944 1391 1965; x_wconf 88' lang='lat' dir='ltr'><strong>murem</strong></span> <span class='ocrx_word' id='word_1_227' title='bbox 1416 1943 1460 1965; x_wconf 84' lang='lat' dir='ltr'><em>ex</em></span> <span class='ocrx_word' id='word_1_228' title='bbox 1485 1943 1551 1974; x_wconf 92' lang='lat' dir='ltr'><em>eo,</em></span> <span class='ocrx_word' id='word_1_229' title='bbox 1577 1931 1676 1979; x_wconf 85' lang='lat' dir='ltr'><strong>quod</strong></span> 
     </span>
     <span class='ocr_line' id='line_1_27' title="bbox 221 1980 1676 2028; baseline -0.001 -12"><span class='ocrx_word' id='word_1_230' title='bbox 221 1985 348 2017; x_wconf 78' lang='lat' dir='ltr'><strong>terrori</strong></span> <span class='ocrx_word' id='word_1_231' title='bbox 373 1984 419 2016; x_wconf 89' lang='lat' dir='ltr'><em>sit</em></span> <span class='ocrx_word' id='word_1_232' title='bbox 443 1982 669 2026; x_wconf 77' lang='lat' dir='ltr'><strong>elephanto?</strong></span> <span class='ocrx_word' id='word_1_233' title='bbox 697 1981 1004 2028; x_wconf 87' lang='lat' dir='ltr'>quemadmodum</span> <span class='ocrx_word' id='word_1_234' title='bbox 1031 1987 1067 2014; x_wconf 85' lang='lat' dir='ltr'><em>et</em></span> <span class='ocrx_word' id='word_1_235' title='bbox 1091 1980 1368 2013; x_wconf 79' lang='lat' dir='ltr'><strong>minutissimum</strong></span> <span class='ocrx_word' id='word_1_236' title='bbox 1393 1980 1525 2024; x_wconf 83' lang='lat' dir='ltr'><strong>scorpii</strong></span> <span class='ocrx_word' id='word_1_237' title='bbox 1546 1980 1676 2014; x_wconf 87' lang='lat' dir='ltr'><strong>stimu-</strong></span> 
     </span>
     <span class='ocr_line' id='line_1_28' title="bbox 222 2027 1678 2074; baseline -0.002 -11"><span class='ocrx_word' id='word_1_238' title='bbox 222 2031 296 2063; x_wconf 85' lang='lat' dir='ltr'><strong>lum</strong></span> <span class='ocrx_word' id='word_1_239' title='bbox 321 2030 439 2062; x_wconf 81' lang='lat' dir='ltr'><strong>mirari</strong></span> <span class='ocrx_word' id='word_1_240' title='bbox 467 2029 589 2069; x_wconf 84' lang='lat' dir='ltr'><strong>soleo,</strong></span> <span class='ocrx_word' id='word_1_241' title='bbox 618 2040 688 2073; x_wconf 84' lang='lat' dir='ltr'><strong>quo</strong></span> <span class='ocrx_word' id='word_1_242' title='bbox 714 2030 852 2063; x_wconf 84' lang='lat' dir='ltr'><strong>scilicet</strong></span> <span class='ocrx_word' id='word_1_243' title='bbox 876 2035 980 2074; x_wconf 85' lang='lat' dir='ltr'><strong>pacto</strong></span> <span class='ocrx_word' id='word_1_244' title='bbox 1012 2039 1127 2061; x_wconf 88' lang='lat' dir='ltr'><strong>rerum</strong></span> <span class='ocrx_word' id='word_1_245' title='bbox 1153 2027 1281 2059; x_wconf 80' lang='lat' dir='ltr'>artifex</span> <span class='ocrx_word' id='word_1_246' title='bbox 1307 2037 1388 2059; x_wconf 92' lang='lat' dir='ltr'><em>eum</em></span> <span class='ocrx_word' id='word_1_247' title='bbox 1411 2028 1678 2061; x_wconf 81' lang='lat' dir='ltr'><strong>exenteraverit</strong></span> 
     </span>
     <span class='ocr_line' id='line_1_29' title="bbox 223 2073 1676 2122; baseline -0.001 -13"><span class='ocrx_word' id='word_1_248' title='bbox 223 2078 335 2109; x_wconf 88' lang='lat' dir='ltr'><strong>instar</strong></span> <span class='ocrx_word' id='word_1_249' title='bbox 359 2075 542 2108; x_wconf 87' lang='lat' dir='ltr'><strong>cuiusdam</strong></span> <span class='ocrx_word' id='word_1_250' title='bbox 559 2076 672 2108; x_wconf 84' lang='lat' dir='ltr'><strong>tibiae</strong></span> <span class='ocrx_word' id='word_1_251' title='bbox 687 2102 695 2116; x_wconf 93' lang='lat'>‚</span> <span class='ocrx_word' id='word_1_252' title='bbox 722 2083 762 2109; x_wconf 79' lang='lat' dir='ltr'><em>ut</em></span> <span class='ocrx_word' id='word_1_253' title='bbox 782 2088 847 2122; x_wconf 87' lang='lat' dir='ltr'><em>per</em></span> <span class='ocrx_word' id='word_1_254' title='bbox 878 2077 995 2120; x_wconf 88' lang='lat' dir='ltr'><strong>ipsum</strong></span> <span class='ocrx_word' id='word_1_255' title='bbox 1019 2073 1213 2108; x_wconf 84' lang='lat' dir='ltr'><strong>vulneratis</strong></span> <span class='ocrx_word' id='word_1_256' title='bbox 1237 2074 1333 2106; x_wconf 83' lang='lat' dir='ltr'><strong>virus</strong></span> <span class='ocrx_word' id='word_1_257' title='bbox 1360 2074 1566 2107; x_wconf 84' lang='lat' dir='ltr'><strong>immitatur.</strong></span> <span class='ocrx_word' id='word_1_258' title='bbox 1590 2085 1676 2119; x_wconf 78' lang='lat' dir='ltr'><strong>per-</strong></span> 
     </span>
     <span class='ocr_line' id='line_1_30' title="bbox 223 2121 1677 2169; baseline -0.001 -13"><span class='ocrx_word' id='word_1_259' title='bbox 223 2123 351 2156; x_wconf 80' lang='lat' dir='ltr'><strong>hibent</strong></span> <span class='ocrx_word' id='word_1_260' title='bbox 368 2124 456 2155; x_wconf 90' lang='lat' dir='ltr'><strong>item</strong></span> <span class='ocrx_word' id='word_1_261' title='bbox 476 2134 550 2155; x_wconf 89' lang='lat' dir='ltr'><em>non</em></span> <span class='ocrx_word' id='word_1_262' title='bbox 563 2122 660 2166; x_wconf 88' lang='lat' dir='ltr'><strong>prius</strong></span> <span class='ocrx_word' id='word_1_263' title='bbox 678 2123 909 2169; x_wconf 83' lang='lat' dir='ltr'><strong>elephantum</strong></span> <span class='ocrx_word' id='word_1_264' title='bbox 924 2122 1050 2155; x_wconf 89' lang='lat' dir='ltr'><strong>bibere</strong></span> <span class='ocrx_word' id='word_1_265' title='bbox 1067 2132 1172 2167; x_wconf 87' lang='lat' dir='ltr'><strong>quam</strong></span> <span class='ocrx_word' id='word_1_266' title='bbox 1191 2131 1300 2164; x_wconf 85' lang='lat' dir='ltr'><strong>aquas</strong></span> <span class='ocrx_word' id='word_1_267' title='bbox 1314 2121 1529 2165; x_wconf 82' lang='lat' dir='ltr'><strong>proboscide</strong></span> <span class='ocrx_word' id='word_1_268' title='bbox 1549 2121 1677 2154; x_wconf 79' lang='lat' dir='ltr'><strong>turba-</strong></span> 
     </span>
     <span class='ocr_line' id='line_1_31' title="bbox 223 2167 1674 2216; baseline -0.001 -13"><span class='ocrx_word' id='word_1_269' title='bbox 223 2171 325 2203; x_wconf 84' lang='lat' dir='ltr'><strong>verit.</strong></span> <span class='ocrx_word' id='word_1_270' title='bbox 351 2169 582 2214; x_wconf 86' lang='lat' dir='ltr'><strong>quamobrem</strong></span> <span class='ocrx_word' id='word_1_271' title='bbox 600 2170 716 2203; x_wconf 72' lang='lat' dir='ltr'><strong>istuc?</strong></span> <span class='ocrx_word' id='word_1_272' title='bbox 742 2171 827 2216; x_wconf 83' lang='lat' dir='ltr'><strong>quia</strong></span> <span class='ocrx_word' id='word_1_273' title='bbox 851 2181 950 2202; x_wconf 82' lang='lat' dir='ltr'><strong>suam</strong></span> <span class='ocrx_word' id='word_1_274' title='bbox 980 2169 1090 2214; x_wconf 82' lang='lat' dir='ltr'><strong>ipsius</strong></span> <span class='ocrx_word' id='word_1_275' title='bbox 1107 2167 1269 2200; x_wconf 81' lang='lat' dir='ltr'><strong>umbram</strong></span> <span class='ocrx_word' id='word_1_276' title='bbox 1289 2168 1325 2200; x_wconf 89' lang='lat' dir='ltr'><em>in</em></span> <span class='ocrx_word' id='word_1_277' title='bbox 1342 2179 1435 2213; x_wconf 87' lang='lat' dir='ltr'><strong>aqua</strong></span> <span class='ocrx_word' id='word_1_278' title='bbox 1450 2169 1674 2214; x_wconf 78' lang='lat' dir='ltr'>conspiciens</span> 
     </span>
     <span class='ocr_line' id='line_1_32' title="bbox 225 2215 1675 2261; baseline -0.001 -12"><span class='ocrx_word' id='word_1_279' title='bbox 225 2217 437 2261; x_wconf 75' lang='lat' dir='ltr'>expavescit.</span> <span class='ocrx_word' id='word_1_280' title='bbox 463 2221 652 2259; x_wconf 87' lang='lat' dir='ltr'><strong>propterea</strong></span> <span class='ocrx_word' id='word_1_281' title='bbox 681 2216 800 2250; x_wconf 88' lang='lat' dir='ltr'><strong>ferunt</strong></span> <span class='ocrx_word' id='word_1_282' title='bbox 815 2216 922 2250; x_wconf 87' lang='lat' dir='ltr'><strong>Indos</strong></span> <span class='ocrx_word' id='word_1_283' title='bbox 949 2216 1134 2250; x_wconf 80' lang='lat' dir='ltr'><strong>observare</strong></span> <span class='ocrx_word' id='word_1_284' title='bbox 1157 2220 1300 2247; x_wconf 83' lang='lat' dir='ltr'><strong>noctem</strong></span> <span class='ocrx_word' id='word_1_285' title='bbox 1324 2220 1508 2260; x_wconf 85' lang='lat' dir='ltr'><strong>expertem</strong></span> <span class='ocrx_word' id='word_1_286' title='bbox 1542 2215 1675 2256; x_wconf 82' lang='lat' dir='ltr'><strong>lunae,</strong></span> 
     </span>
     <span class='ocr_line' id='line_1_33' title="bbox 225 2259 1680 2309; baseline -0.001 -13"><span class='ocrx_word' id='word_1_287' title='bbox 225 2264 367 2309; x_wconf 87' lang='lat' dir='ltr'><strong>quoties</strong></span> <span class='ocrx_word' id='word_1_288' title='bbox 403 2263 536 2294; x_wconf 83' lang='lat' dir='ltr'><strong>animal</strong></span> <span class='ocrx_word' id='word_1_289' title='bbox 554 2261 622 2295; x_wconf 89' lang='lat' dir='ltr'><em>hoe</em></span> <span class='ocrx_word' id='word_1_290' title='bbox 641 2273 750 2307; x_wconf 84' lang='lat' dir='ltr'><strong>aquas</strong></span> <span class='ocrx_word' id='word_1_291' title='bbox 768 2264 934 2297; x_wconf 79' lang='lat' dir='ltr'><strong>traiicere</strong></span> <span class='ocrx_word' id='word_1_292' title='bbox 959 2263 1095 2297; x_wconf 82' lang='lat' dir='ltr'><strong>volunt.</strong></span> <span class='ocrx_word' id='word_1_293' title='bbox 1123 2259 1211 2292; x_wconf 84' lang='lat' dir='ltr'><strong>haee</strong></span> <span class='ocrx_word' id='word_1_294' title='bbox 1237 2272 1350 2306; x_wconf 80' lang='lat' dir='ltr'><strong>aquae</strong></span> <span class='ocrx_word' id='word_1_295' title='bbox 1379 2261 1594 2295; x_wconf 85' lang='lat' dir='ltr'><strong>turbationis</strong></span> <span class='ocrx_word' id='word_1_296' title='bbox 1621 2267 1680 2296; x_wconf 61' lang='lat' dir='ltr'><strong>est&gt;</strong></span> 
     </span>
     <span class='ocr_line' id='line_1_34' title="bbox 226 2306 1675 2354; baseline -0.001 -11"><span class='ocrx_word' id='word_1_297' title='bbox 226 2321 342 2343; x_wconf 85' lang='lat' dir='ltr'><strong>causa.</strong></span> <span class='ocrx_word' id='word_1_298' title='bbox 367 2315 552 2353; x_wconf 86' lang='lat' dir='ltr'><strong>praeterea</strong></span> <span class='ocrx_word' id='word_1_299' title='bbox 576 2315 731 2342; x_wconf 87' lang='lat' dir='ltr'><strong>meretur</strong></span> <span class='ocrx_word' id='word_1_300' title='bbox 758 2310 826 2343; x_wconf 91' lang='lat' dir='ltr'><em>hoc</em></span> <span class='ocrx_word' id='word_1_301' title='bbox 849 2311 955 2343; x_wconf 88' lang='lat' dir='ltr'><strong>etiam</strong></span> <span class='ocrx_word' id='word_1_302' title='bbox 982 2310 1021 2342; x_wconf 90' lang='lat' dir='ltr'><em>in</em></span> <span class='ocrx_word' id='word_1_303' title='bbox 1047 2306 1246 2352; x_wconf 82' lang='lat' dir='ltr'><strong>elephantis</strong></span> <span class='ocrx_word' id='word_1_304' title='bbox 1271 2308 1555 2342; x_wconf 81' lang='lat' dir='ltr'><strong>admirationem.</strong></span> <span class='ocrx_word' id='word_1_305' title='bbox 1583 2320 1675 2354; x_wconf 91' lang='lat' dir='ltr'><strong>quo-</strong></span> 
     </span>
     <span class='ocr_line' id='line_1_35' title="bbox 225 2354 1675 2398; baseline -0.002 -7"><span class='ocrx_word' id='word_1_306' title='bbox 225 2358 293 2391; x_wconf 78' lang='lat' dir='ltr'><strong>ties</strong></span> <span class='ocrx_word' id='word_1_307' title='bbox 310 2356 479 2390; x_wconf 89' lang='lat' dir='ltr'><strong>Indorum</strong></span> <span class='ocrx_word' id='word_1_308' title='bbox 500 2366 640 2388; x_wconf 87' lang='lat' dir='ltr'><strong>amnem</strong></span> <span class='ocrx_word' id='word_1_309' title='bbox 666 2357 829 2390; x_wconf 82' lang='lat' dir='ltr'><strong>traiicere</strong></span> <span class='ocrx_word' id='word_1_310' title='bbox 854 2358 991 2398; x_wconf 83' lang='lat' dir='ltr'><strong>volunt,</strong></span> <span class='ocrx_word' id='word_1_311' title='bbox 1015 2366 1089 2389; x_wconf 87' lang='lat' dir='ltr'><em>non</em></span> <span class='ocrx_word' id='word_1_312' title='bbox 1106 2354 1317 2398; x_wconf 80' lang='lat' dir='ltr'><strong>simpliciter</strong></span> <span class='ocrx_word' id='word_1_313' title='bbox 1333 2367 1373 2388; x_wconf 86' lang='lat' dir='ltr'><em>ac</em></span> <span class='ocrx_word' id='word_1_314' title='bbox 1390 2355 1539 2389; x_wconf 88' lang='lat' dir='ltr'><strong>fortuito</strong></span> <span class='ocrx_word' id='word_1_315' title='bbox 1559 2358 1675 2388; x_wconf 70' lang='lat' dir='ltr'><strong>trans-‘-</strong></span> 
     </span>
     <span class='ocr_line' id='line_1_36' title="bbox 228 2401 1675 2445; baseline -0.001 -9"><span class='ocrx_word' id='word_1_316' title='bbox 228 2409 335 2436; x_wconf 85' lang='lat' dir='ltr'><strong>eunt:</strong></span> <span class='ocrx_word' id='word_1_317' title='bbox 370 2402 434 2435; x_wconf 85' lang='lat' dir='ltr'><em>sed</em></span> <span class='ocrx_word' id='word_1_318' title='bbox 468 2403 633 2435; x_wconf 84' lang='lat' dir='ltr'><strong>minimus</strong></span> <span class='ocrx_word' id='word_1_319' title='bbox 659 2405 815 2436; x_wconf 89' lang='lat' dir='ltr'><strong>omnium</strong></span> <span class='ocrx_word' id='word_1_320' title='bbox 840 2404 1069 2437; x_wconf 86' lang='lat' dir='ltr'><strong>traietionem</strong></span> <span class='ocrx_word' id='word_1_321' title='bbox 1100 2401 1232 2445; x_wconf 84' lang='lat' dir='ltr'><strong>primus</strong></span> <span class='ocrx_word' id='word_1_322' title='bbox 1258 2402 1429 2444; x_wconf 74' lang='lat' dir='ltr'><strong>inchoat3</strong></span> <span class='ocrx_word' id='word_1_323' title='bbox 1456 2401 1589 2435; x_wconf 86' lang='lat' dir='ltr'><strong>deinde</strong></span> <span class='ocrx_word' id='word_1_324' title='bbox 1618 2412 1675 2434; x_wconf 80' lang='lat' dir='ltr'><strong>se-</strong></span> 
     </span>
     <span class='ocr_line' id='line_1_37' title="bbox 229 2447 1676 2495; baseline -0.002 -12"><span class='ocrx_word' id='word_1_325' title='bbox 229 2451 354 2495; x_wconf 86' lang='lat' dir='ltr'><strong>quitur</strong></span> <span class='ocrx_word' id='word_1_326' title='bbox 392 2449 484 2482; x_wconf 87' lang='lat' dir='ltr'><strong>alius</strong></span> <span class='ocrx_word' id='word_1_327' title='bbox 526 2448 595 2482; x_wconf 91' lang='lat' dir='ltr'><em>hoc</em></span> <span class='ocrx_word' id='word_1_328' title='bbox 625 2450 755 2490; x_wconf 89' lang='lat' dir='ltr'><strong>maior,</strong></span> <span class='ocrx_word' id='word_1_329' title='bbox 793 2450 878 2483; x_wconf 88' lang='lat' dir='ltr'><strong>hinc</strong></span> <span class='ocrx_word' id='word_1_330' title='bbox 915 2461 1050 2483; x_wconf 85' lang='lat' dir='ltr'><strong>rursum</strong></span> <span class='ocrx_word' id='word_1_331' title='bbox 1087 2447 1178 2480; x_wconf 86' lang='lat' dir='ltr'><strong>alius</strong></span> <span class='ocrx_word' id='word_1_332' title='bbox 1211 2454 1365 2493; x_wconf 88' lang='lat' dir='ltr'><strong>utroque</strong></span> <span class='ocrx_word' id='word_1_333' title='bbox 1402 2449 1534 2490; x_wconf 79' lang='lat' dir='ltr'><strong>maior3</strong></span> <span class='ocrx_word' id='word_1_334' title='bbox 1561 2454 1598 2482; x_wconf 86' lang='lat' dir='ltr'><em>et</em></span> <span class='ocrx_word' id='word_1_335' title='bbox 1623 2449 1676 2481; x_wconf 80' lang='lat' dir='ltr'><strong>sic</strong></span> 
     </span>
     <span class='ocr_line' id='line_1_38' title="bbox 230 2494 1676 2542; baseline -0.001 -13"><span class='ocrx_word' id='word_1_336' title='bbox 230 2498 400 2541; x_wconf 84' lang='lat' dir='ltr'><strong>deinceps</strong></span> <span class='ocrx_word' id='word_1_337' title='bbox 434 2495 561 2528; x_wconf 91' lang='lat' dir='ltr'><strong>eodem</strong></span> <span class='ocrx_word' id='word_1_338' title='bbox 589 2502 731 2529; x_wconf 89' lang='lat' dir='ltr'><strong>utentes</strong></span> <span class='ocrx_word' id='word_1_339' title='bbox 757 2497 881 2529; x_wconf 88' lang='lat' dir='ltr'><strong>ordine</strong></span> <span class='ocrx_word' id='word_1_340' title='bbox 917 2509 982 2542; x_wconf 85' lang='lat' dir='ltr'><em>per</em></span> <span class='ocrx_word' id='word_1_341' title='bbox 1003 2495 1147 2529; x_wconf 86' lang='lat' dir='ltr'><strong>fluvium</strong></span> <span class='ocrx_word' id='word_1_342' title='bbox 1173 2494 1259 2527; x_wconf 89' lang='lat' dir='ltr'><strong>citra</strong></span> <span class='ocrx_word' id='word_1_343' title='bbox 1285 2495 1581 2540; x_wconf 85' lang='lat' dir='ltr'><strong>impedimentum</strong></span> <span class='ocrx_word' id='word_1_344' title='bbox 1601 2495 1676 2530; x_wconf 12' lang='lat' dir='ltr'><strong>*ali-</strong></span> 
     </span>
     <span class='ocr_line' id='line_1_39' title="bbox 230 2541 1675 2589; baseline -0.001 -13"><span class='ocrx_word' id='word_1_345' title='bbox 230 2543 328 2589; x_wconf 87' lang='lat' dir='ltr'><strong>quod</strong></span> <span class='ocrx_word' id='word_1_346' title='bbox 364 2547 560 2576; x_wconf 85' lang='lat' dir='ltr'><strong>transeunt.</strong></span> <span class='ocrx_word' id='word_1_347' title='bbox 588 2554 670 2575; x_wconf 87' lang='lat' dir='ltr'><em>nam</em></span> <span class='ocrx_word' id='word_1_348' title='bbox 694 2544 723 2575; x_wconf 92' lang='lat' dir='ltr'><strong>si</strong></span> <span class='ocrx_word' id='word_1_349' title='bbox 747 2543 952 2587; x_wconf 83' lang='lat' dir='ltr'><strong>grandiores</strong></span> <span class='ocrx_word' id='word_1_350' title='bbox 988 2543 1026 2576; x_wconf 87' lang='lat' dir='ltr'><em>in</em></span> <span class='ocrx_word' id='word_1_351' title='bbox 1054 2541 1272 2574; x_wconf 78' lang='lat' dir='ltr'><strong>transeundo</strong></span> <span class='ocrx_word' id='word_1_352' title='bbox 1296 2542 1403 2587; x_wconf 86' lang='lat' dir='ltr'><strong>primi</strong></span> <span class='ocrx_word' id='word_1_353' title='bbox 1428 2542 1548 2576; x_wconf 83' lang='lat' dir='ltr'><strong>forent</strong></span> <span class='ocrx_word' id='word_1_354' title='bbox 1563 2567 1573 2583; x_wconf 94' lang='lat'>,</span> <span class='ocrx_word' id='word_1_355' title='bbox 1600 2541 1675 2575; x_wconf 83' lang='lat' dir='ltr'><strong>for-</strong></span> 
     </span>
     <span class='ocr_line' id='line_1_40' title="bbox 231 2585 1679 2634; baseline 0 -12"><span class='ocrx_word' id='word_1_356' title='bbox 231 2596 323 2622; x_wconf 72' lang='lat' dir='ltr'><strong>tasse</strong></span> <span class='ocrx_word' id='word_1_357' title='bbox 357 2590 490 2633; x_wconf 88' lang='lat' dir='ltr'><strong>pedum</strong></span> <span class='ocrx_word' id='word_1_358' title='bbox 528 2590 701 2634; x_wconf 85' lang='lat' dir='ltr'><strong>gravitate</strong></span> <span class='ocrx_word' id='word_1_359' title='bbox 734 2590 854 2623; x_wconf 80' lang='lat' dir='ltr'><strong>foveas</strong></span> <span class='ocrx_word' id='word_1_360' title='bbox 878 2591 916 2623; x_wconf 86' lang='lat' dir='ltr'><em>in</em></span> <span class='ocrx_word' id='word_1_361' title='bbox 940 2590 1024 2623; x_wconf 90' lang='lat' dir='ltr'><strong>limo</strong></span> <span class='ocrx_word' id='word_1_362' title='bbox 1050 2588 1266 2628; x_wconf 80' lang='lat' dir='ltr'><strong>efficientes,</strong></span> <span class='ocrx_word' id='word_1_363' title='bbox 1304 2589 1496 2634; x_wconf 89' lang='lat' dir='ltr'><strong>quominus</strong></span> <span class='ocrx_word' id='word_1_364' title='bbox 1523 2585 1679 2623; x_wconf 53' lang='lat' dir='ltr'><strong>transire*</strong></span> 
     </span>
     <span class='ocr_line' id='line_1_41' title="bbox 230 2633 1682 2682; baseline -0.001 -12"><span class='ocrx_word' id='word_1_365' title='bbox 230 2638 385 2670; x_wconf 86' lang='lat' dir='ltr'><strong>minores</strong></span> <span class='ocrx_word' id='word_1_366' title='bbox 412 2642 569 2681; x_wconf 81' lang='lat' dir='ltr'><strong>possent,</strong></span> <span class='ocrx_word' id='word_1_367' title='bbox 593 2636 821 2682; x_wconf 83' lang='lat' dir='ltr'><strong>impedirent,</strong></span> <span class='ocrx_word' id='word_1_368' title='bbox 846 2638 1009 2682; x_wconf 81' lang='lat' dir='ltr'><strong>adeoque</strong></span> <span class='ocrx_word' id='word_1_369' title='bbox 1029 2641 1240 2679; x_wconf 86' lang='lat' dir='ltr'><strong>cogerentur</strong></span> <span class='ocrx_word' id='word_1_370' title='bbox 1264 2633 1302 2667; x_wconf 89' lang='lat' dir='ltr'><strong>hi</strong></span> <span class='ocrx_word' id='word_1_371' title='bbox 1326 2635 1480 2668; x_wconf 81' lang='lat' dir='ltr'><strong>fluminis</strong></span> <span class='ocrx_word' id='word_1_372' title='bbox 1497 2636 1535 2668; x_wconf 89' lang='lat' dir='ltr'><em>in</em></span> <span class='ocrx_word' id='word_1_373' title='bbox 1559 2645 1682 2669; x_wconf 85' lang='lat' dir='ltr'><strong>coeno.</strong></span> 
     </span>
     <span class='ocr_line' id='line_1_42' title="bbox 232 2679 1674 2729; baseline -0.001 -14"><span class='ocrx_word' id='word_1_374' title='bbox 232 2683 402 2716; x_wconf 78' lang='lat' dir='ltr'><strong>suffocari.</strong></span> <span class='ocrx_word' id='word_1_375' title='bbox 429 2694 496 2715; x_wconf 87' lang='lat' dir='ltr'><em>nec</em></span> <span class='ocrx_word' id='word_1_376' title='bbox 520 2683 566 2716; x_wconf 88' lang='lat' dir='ltr'><strong>ad</strong></span> <span class='ocrx_word' id='word_1_377' title='bbox 588 2682 765 2716; x_wconf 80' lang='lat' dir='ltr'><strong>Venerem</strong></span> <span class='ocrx_word' id='word_1_378' title='bbox 790 2679 1001 2729; x_wconf 77' lang='lat' dir='ltr'><strong>elephantus</strong></span> <span class='ocrx_word' id='word_1_379' title='bbox 1025 2681 1181 2723; x_wconf 83' lang='lat' dir='ltr'><strong>accedit,</strong></span> <span class='ocrx_word' id='word_1_380' title='bbox 1214 2681 1512 2726; x_wconf 85' lang='lat' dir='ltr'><strong>quemadmodum</strong></span> <span class='ocrx_word' id='word_1_381' title='bbox 1546 2682 1674 2727; x_wconf 82' lang='lat' dir='ltr'><strong>harum</strong></span> 
     </span>
     <span class='ocr_line' id='line_1_43' title="bbox 232 2728 1673 2775; baseline -0.003 -11"><span class='ocrx_word' id='word_1_382' title='bbox 232 2741 349 2764; x_wconf 87' lang='lat' dir='ltr'><strong>rerum</strong></span> <span class='ocrx_word' id='word_1_383' title='bbox 366 2730 471 2774; x_wconf 81' lang='lat' dir='ltr'><strong>periti</strong></span> <span class='ocrx_word' id='word_1_384' title='bbox 490 2730 648 2772; x_wconf 78' lang='lat' dir='ltr'><strong>tradunt,</strong></span> <span class='ocrx_word' id='word_1_385' title='bbox 673 2731 743 2764; x_wconf 90' lang='lat' dir='ltr'><strong>nisi</strong></span> <span class='ocrx_word' id='word_1_386' title='bbox 765 2730 1031 2774; x_wconf 84' lang='lat' dir='ltr'><strong>mandragoram</strong></span> <span class='ocrx_word' id='word_1_387' title='bbox 1062 2728 1235 2773; x_wconf 86' lang='lat' dir='ltr'><strong>degustet.</strong></span> <span class='ocrx_word' id='word_1_388' title='bbox 1260 2740 1340 2762; x_wconf 85' lang='lat' dir='ltr'><em>nam</em></span> <span class='ocrx_word' id='word_1_389' title='bbox 1357 2729 1456 2774; x_wconf 79' lang='lat' dir='ltr'><strong>prius</strong></span> <span class='ocrx_word' id='word_1_390' title='bbox 1477 2741 1584 2775; x_wconf 87' lang='lat' dir='ltr'><strong>quam</strong></span> <span class='ocrx_word' id='word_1_391' title='bbox 1603 2728 1673 2763; x_wconf 76' lang='lat' dir='ltr'><em>hoo</em></span> 
     </span>
    </p>
   </div>
  </div>
 </body>
</html>
