1826 3120
574 160 856 205 ANNAmuM
897 162 1133 205 musiva·
1459 142 1574 219 607

114 263 190 304 καὶ
225 261 610 318 πορφυρογέννητος
651 257 730 318 ἢν,
771 261 878 319 πρὸς
926 261 1094 314 τούτοις
1123 262 1169 303 δὲ
1204 256 1343 304 ”Arva
1373 259 1576 316 Θεοδώρα

115 329 191 371 καί
216 329 335 383 Ζωή.

231 395 443 437 Τελευτῶν
462 396 510 438 δὲ
539 395 701 445 πάντας
731 396 945 452 α’πῄτησεν
969 392 1183 451 ἔγγραφον
1200 391 1258 444 ὥς
1285 395 1362 436 οὐκ
1392 389 1446 438 ἄν
1475 409 1577 437 ποτε

114 459 234 517 παρὰ
275 460 377 510 τούς
422 462 557 504 αὐτοῦ
596 464 753 512 παῖδας
791 463 970 515 βασιλέα
1009 463 1152 518 ἕτερον
1190 462 1478 515 διαδέξονται,
1506 460 1617 510 nain

77 525 251 584 δαῦτὴν
276 529 324 570 δὲ
351 526 427 583 τήν
454 529 708 581 βασίλισσαν
735 527 947 571 Εὕδοκίαν
974 528 1031 578 ὥς
1061 528 1139 570 οὐκ
1163 524 1216 571 ἂν
1242 526 1351 584 πρὸς
1383 527 1580 585 δεύτερον

116 595 268 637 ἀπίδοι
300 597 574 648 συνοικέσιον,
603 596 675 651 ἐφ’
703 589 735 652 ᾧ
766 601 917 650 κρατεῖ
941 593 1020 638 σὺν
1045 599 1132 645 τοῖς
1158 594 1305 638 παισὶν
1333 595 1470 638 αυ’τοῦ’
1496 596 1580 650 μῆ*

115 675 195 710 νας
229 660 284 714 ζ’,
313 662 389 702 καί
413 664 493 703 τοῦ
533 659 747 718 ἐγγράφου
793 661 1148 718 ἀπαρτισθέντος,
1189 662 1264 703 καί
1293 662 1354 711 εἰς
1383 659 1581 718 φυλακήν

116 729 177 786 τῷ
203 725 446 785 πατριάρχῃ
476 729 686 778 δοθέντος.
717 724 806 783 εἶχε
835 729 912 781 μὲν
943 723 1053 770 οὕτω
1083 728 1244 782 ταῦτα,
1274 727 1346 783 καὶ
1373 726 1413 770 οἱ
1447 729 1582 782 Τοῦρ-

117 808 182 835 κοι
208 791 339 836 πάλιν
375 791 493 836 πᾶσά
520 809 565 836 τε
610 793 638 850 ἦ
679 793 860 850 α’νατολῆ
901 795 1166 847 ἕκυμαίνετο.
1236 796 1404 837 δέονται
1435 792 1583 836 λοιπὸν

57 861 327 915 «οβασιλέως
362 858 414 903 τοὶ
458 857 710 917 πράγματα,
761 862 831 917 ἐφ’
854 854 891 919 ᾧ
917 862 992 902 καί
1018 862 1253 917 ψηφίζεται
1280 863 1360 914 μὲν
1387 858 1584 917 Νικηφὸ,

115 941 190 982 ρος
219 925 244 968 o‘
284 925 569 981 Βοτανειάτης
609 926 682 968 καί
707 928 842 981 ἕτεροι
867 928 1041 980 πολλοί,
1082 928 1176 983 νικᾷ
1205 928 1251 969 δὲ
1285 924 1401 981 ὅμως
1430 926 1456 982 ἦ
1484 925 1583 969 θεία

117 990 278 1048 βουλή,
315 993 390 1034 καὶ
413 990 617 1046 βασιλεύς
644 992 951 1049 ἀναγορεύεται
993 991 1018 1034 ὅ
1042 992 1291 1049 Βεστάρχης
1318 991 1532 1047 Ῥωμανὸς
1559 992 1583 1033 ὃ

115 1059 443 1103 Κωνσταντίνου
477 1059 552 1101 τοῦ
584 1060 811 1114 Διογένους
838 1057 958 1113 υἱός,
1003 1060 1044 1101 εἰ
1070 1060 1145 1102 καί
1178 1059 1383 1115 πρότερον
1410 1061 1582 1113 ἐπιβου-

118 1123 275 1175 λεύσας
300 1126 359 1183 τῷ
386 1128 560 1180 βασιλεῖ
593 1122 824 1184 κάντεῦθεν
853 1127 1082 1181 δεσμηθείς
1121 1127 1196 1169 καί
1217 1127 1460 1182 ἐλεγχθείς,
1491 1123 1622 1171 sirac

58 1190 237 1248 ἰὸπαραὶ
268 1194 410 1234 πᾶσαν
438 1193 589 1234 ἐλπίδα
613 1194 691 1235 τοῦ
717 1186 915 1234 ιιινδιῖνου
943 1193 1192 1248 λυτρωθείς.

233 1260 402 1313 Κρατεῑ
428 1255 450 1300 ὅ
478 1262 665 1308 τοιοῦτος
687 1257 906 1312 Ῥωμανὸς
942 1256 1017 1314 ἔτη
1044 1258 1079 1315 γ’
1111 1261 1250 1314 μῆνας
1276 1259 1331 1315 η’.
1387 1258 1417 1315 ἦ
1441 1262 1586 1312 μέντοι

121 1323 290 1380 βασιλὶς
313 1326 500 1367 θέλουσα
526 1327 606 1378 μὲν
635 1326 935 1380 συζευχθῆναί
956 1342 1039 1368 τινι
1070 1327 1155 1368 τῶν
1178 1327 1415 1383 ἐπιφανῶν,
1447 1327 1585 1367 δεδοι-

119 1396 221 1433 κυῖα
251 1392 299 1433 δὲ
328 1388 399 1432 διά
431 1407 478 1446 γε
510 1390 555 1434 τὸ
589 1389 801 1448 ἔγγραφον
826 1394 899 1434 καί
917 1390 1018 1441 τούς
1046 1393 1423 1448 ἐνυπογράψαντας
1451 1392 1586 1448 αύτῷ,-

121 1455 227 1512 ἔγνω
255 1459 343 1499 δεῖν
373 1457 480 1513 ὑπὲρ
502 1464 682 1512 γυναῖκα
723 1460 938 1514 φρονῆσαι
967 1456 1041 1500 καί
1067 1458 1175 1517 δόλῳ
1215 1457 1288 1500 τὸν
1316 1457 1585 1514 πατριάρχην

59 1541 112 1570 ²0
124 1523 337 1567 ὑπελθεῖν.
404 1526 620 1568 κοινοῦται
660 1522 708 1567 τὸ
744 1523 919 1581 πρᾶγμά
949 1541 1032 1568 τινι
1076 1527 1158 1568 ταῖν
1189 1523 1297 1581 πρὸς
1323 1523 1374 1568 τά
1408 1527 1585 1569 τοιαῦτα

218 1661 251 1695 3.
278 1658 430 1698 πάντως
453 1660 491 1694 Ρ.

125 1774 325 1810 staminum
366 1775 671 1821 purpurigenam,
711 1776 873 1821 itemque
905 1780 1049 1821 praeter
1081 1775 1146 1809 hos
1171 1776 1333 1817 Annam,
1355 1774 1584 1810 Theodoram

127 1828 166 1858 et
190 1823 295 1856 Zoen.

219 1869 309 1903 Cum
333 1869 499 1914 spiritum
525 1874 725 1902 extremum
741 1869 901 1910 duceret,
926 1869 970 1902 ab
998 1869 1164 1903 omnibus
1188 1870 1355 1914 scriptam
1381 1870 1586 1903 cautionem

125 1916 266 1961 exegit,
293 1927 365 1962 qua
388 1916 647 1961 pollicerentur
670 1928 854 1963 nunquam
880 1928 918 1950 se
947 1918 1199 1962 imperatorem
1225 1917 1339 1950 ullum
1364 1916 1586 1951 admissuros

125 1970 340 2010 extraquam
364 1964 459 1997 filios
483 1974 585 2007 suos3
611 1970 648 1998 et
681 1965 946 2010 imperatricem
983 1965 1097 2010 ipsam
1118 1965 1332 2010 promittere
1347 1965 1464 2008 coegit
1489 1975 1586 1998 nun-

127 2024 236 2059 quam
261 2023 299 2045 se
327 2016 568 2056 respectui-am
592 2011 639 2044 ad
667 2012 797 2045 alteras
820 2012 975 2057 nuptias.
1003 2011 1073 2045 hoc
1088 2011 1194 2045 modo
1223 2012 1286 2044 illa
1300 2023 1381 2045 cum
1403 2011 1488 2045 filiis
1514 2012 1585 2044 im·-

126 2060 270 2107 perium
313 2065 452 2104 septem
492 2058 679 2092 mensibus
714 2059 988 2093 administravit.
1017 2059 1148 2106 scripta
1173 2059 1292 2092 cautio
1317 2058 1405 2092 fidei
1430 2059 1586 2104 patriar-

129 2107 216 2141 chae
246 2106 407 2146 credsta,
454 2105 615 2139 eiusdem
650 2106 770 2140 studio
795 2106 1079 2140 custodiebatur.
1117 2117 1158 2140 eo
1185 2117 1300 2139 rerum
1326 2111 1421 2140 statu
1447 2117 1587 2139 rursum

129 2154 242 2189 Turci
268 2159 305 2186 et
329 2155 446 2186 oriens
472 2154 661 2187 universus
701 2159 934 2199 tempestates
973 2154 1138 2198 ingentes
1163 2153 1412 2196 concitabant3
1439 2153 1485 2186 de
1513 2164 1587 2199 quo

129 2201 286 2245 intelligi
312 2206 455 2246 poterat
482 2201 707 2246 imperatoris
745 2212 855 2246 opera
879 2201 1112 2246 reipublicae
1138 2213 1227 2246 opus
1253 2211 1341 2234 esse.
1367 2206 1588 2247 quapropter

129 2248 308 2283 nonnulla
335 2248 482 2293 quidem
524 2255 651 2282 nactus
689 2255 743 2282 est
776 2249 939 2293 suffragia
965 2248 1188 2294 Nicephorus
1215 2249 1421 2282 Botaniates
1449 2248 1588 2293 aliique

131 2296 357 2341 complures:
389 2295 453 2328 sed
478 2296 564 2330 vicit
587 2302 708 2329 tamen
739 2296 792 2329 vis
817 2295 928 2329 divini
955 2296 1118 2338 consilii,
1145 2296 1246 2329 cuius
1271 2296 1428 2341 impulsu
1448 2303 1588 2328 'renun-

132 2345 244 2379 tiatus
264 2348 318 2376 est
343 2343 540 2387 imperator
569 2345 745 2376 Romanus
773 2343 1005 2383 Vestarches‚
1030 2343 1255 2378 Constantini
1279 2343 1453 2388 Diogenis
1477 2342 1586 2383 filius;

134 2402 342 2436 quanquam
388 2390 541 2424 antehac
576 2391 780 2436 imperatori
824 2391 951 2424 fuisset
985 2391 1198 2432 insidiatus,
1242 2401 1357 2436 eaque
1394 2390 1439 2423 de
1479 2400 1587 2422 causa

133 2438 287 2471 vinculis
324 2439 555 2479 constrictus,
588 2437 861 2483 quaestionibus
904 2437 1090 2480 subditus,
1129 2439 1336 2479 convictus,
1372 2442 1410 2471 et
1440 2442 1587 2482 praeter

136 2496 280 2520 omnem
307 2485 466 2530 denique
491 2497 589 2530 spem
616 2486 776 2530 periculo
802 2485 988 2519 liberatus.

230 2533 385 2578 Imperio
420 2532 617 2566 triennium
654 2545 734 2566 cum
765 2531 947 2566 mensibus
983 2537 1065 2566 octo
1107 2532 1245 2578 potitus
1275 2536 1340 2564 est.
1377 2531 1586 2575 imperatrix

138 2585 262 2613 autem
303 2580 442 2613 nubere
481 2580 622 2612 cuidam
662 2591 705 2612 ex
726 2580 809 2612 viris
837 2579 1039 2613 illustribus
1068 2581 1213 2620 volens,
1237 2590 1316 2612 curn
1343 2577 1392 2611 ob
1416 2578 1587 2623 scriptam

138 2628 341 2660 cautionem
379 2633 416 2660 et
445 2628 527 2660 illos
566 2628 630 2672 qui
659 2627 816 2660 cautioni
856 2627 1139 2673 subscripserant
1173 2627 1212 2659 in
1239 2631 1337 2658 metu
1365 2631 1587 2666 versaretur,

138 2673 287 2707 tandem
314 2674 452 2720 aliquid
480 2686 585 2719 supra
602 2681 762 2708 naturam
791 2674 1003 2708 muliebrem
1027 2673 1231 2708 audendum
1260 2678 1297 2706 et
1321 2671 1407 2705 dolo
1434 2673 1588 2718 patriar-

141 2721 243 2754 cham
282 2722 631 2755 circumveniendum
667 2733 743 2755 esse
787 2721 956 2756 decrevit.
993 2723 1115 2768 itaque
1149 2732 1222 2754 rem
1249 2731 1328 2753 cum
1355 2719 1511 2766 quodam
1540 2720 1587 2753 ad

143 2767 348 2804 huiusmodi
381 2770 589 2806 molitiones
623 2769 755 2804 idoneo
790 2770 1036 2805 communicat.
1070 2768 1159 2816 quid
1195 2767 1281 2803 inde
1320 2767 1481 2803 factum?
1509 2773 1587 2802 crat
