1826 3120
591 164 872 207 ANNALmM
912 164 1048 205 PARS
1088 165 1160 204 111.
1465 147 1498 213 4
1514 167 1577 221 19

133 283 194 320 μα
224 265 271 308 τό
302 261 420 320 ἅγιον
447 265 518 307 ἐπὶ
546 267 674 308 τοῦτο
713 265 1042 322 κατερχόμενον,
1081 264 1152 307 ἵνα
1189 262 1262 306 καί
1288 265 1386 314 τούς
1417 267 1578 317 α’τελεΐς

131 330 334 388 μαθητὰς
358 333 541 382 τελείους
570 328 875 387 ἀπεργάσηται,
900 328 1053 374 τούτου
1079 328 1209 386 χάριν
1238 331 1282 373 ἑν
1309 331 1481 390 ἀριθμῷ
1511 349 1578 374 τε-

132 399 244 455 λείῳ,
271 399 483 440 τουτέστιν
510 398 555 440 ἐν
591 397 728 456 ἡμέρᾳ
758 396 930 455 δεκάτῃ,
970 396 1076 452 πρὸς
1104 394 1258 446 αὐτοῦς
1289 398 1581 454 έπεφοίτησεν.

135 458 203 504 ὅτι
240 464 288 506 δὲ
323 464 506 514 τελείους
543 461 676 514 ἔδειξε
720 462 820 512 τούς
849 464 1007 512 ἀτελεῖς
1034 462 1253 518 μαθητάς,
1298 461 1320 504 ὃ
1348 469 1580 520 κορυφαῖος

98 524 305 585 5Πέτρος
331 518 455 572 roffio
485 531 760 586 παρέστησεν.
821 524 900 586 ὅρα
935 529 1017 584 γὰρ
1050 529 1255 582 νουνεχῶς
1289 525 1354 570 ὅτι
1381 530 1580 587 παιδίσκῃ

132 598 215 638 τινί
246 594 452 651 πρότερον
492 597 634 652 οἰκτρᾷ
662 594 864 651 θροηθείς
903 593 976 636 τὸν
1005 591 1256 637 διδάσκαλον
1284 598 1424 649 τρίτον
1455 595 1580 651 ἢρνη-

131 676 248 716 σατο,
278 664 335 719 τῷ
361 663 547 720 παναγίῳ
579 663 627 703 δὲ
654 660 863 714 πνεύματι
887 661 1125 714 στομωθείς
1151 657 1330 716 ὕστερον
1346 660 1453 713 μετὰ
1472 670 1617 717 παρ-Β

133 728 282 783 ρησίας
320 723 382 769 ὅτι
420 729 574 782 πολλῆς
610 724 864 783 ἐδημηγόρει
891 730 1021 780 μέσον
1055 728 1163 769 λαοῦ
1196 726 1427 770 κάντεῦθεν
1466 727 1580 771 ε”πει-

131 796 207 836 θεν
227 790 416 843 ἅπαντας
443 793 748 843 ἄνενδοιοῖστως
773 796 1084 849 προσέρχεσθαι
1115 794 1175 851 τῷ
1205 792 1392 852 Χριστῷ.

72 872 120 899 ιο
239 861 356 903 Μεθ’
381 860 542 916 ἡμέρας
571 856 659 912 οὖν,
690 860 746 908 ὥς
773 858 952 915 εἴρηται,
981 859 1230 915 πεντήκοντα
1256 862 1330 915 τῆς
1354 861 1400 901 ἐκ
1427 863 1583 917 νεκρῶν

130 927 331 982 ἐγέρσεως
351 927 428 968 τοῦ
445 927 639 981 Χριστοῦ
658 921 682 979 ἦ
710 926 786 967 τοῦ
810 924 1018 980 παναγίου
1054 923 1288 978 πνεύματος
1318 928 1476 980 γίνεται
1507 925 1581 968 κοί-

130 994 274 1041 θοδος.
325 992 436 1041 τίνος
468 993 626 1044 ἕνεκεν,
659 988 722 1034 ὅτι
750 992 823 1034 καί
851 990 874 1032 ὅ
903 989 1083 1040 παλαιὸς
1111 989 1236 1043 νόμος
1264 991 1308 1033 ἒν
1333 991 1468 1050 ἡμέρα
1489 1009 1584 1034 πεν-

130 1059 308 1116 τηκοστῇ
349 1058 454 1100 θεοῦ
494 1059 695 1113 φανέντος
734 1059 908 1100 ἐδίδοτο.
967 1055 1074 1099 κατὰ
1115 1056 1196 1113 γάρ
1235 1055 1310 1100 τόν
1337 1058 1584 1114 χρυσορρή-

131 1139 242 1178 μονα
274 1125 350 1166 καί
388 1127 506 1166 θεῖον
534 1124 753 1179 Ἰωάννην,
795 1126 958 1176 μᾶλλον
990 1124 1035 1165 δὲ
1065 1123 1168 1166 κατὰ
1196 1123 1271 1179 την
1299 1126 1376 1165 τοῦ
1403 1121 1583 1166 θεόπτου

73 1193 331 1240 ιὸΜωσέως
352 1210 356 1214 ’
376 1189 591 1246 ἱστορίαν,
629 1192 882 1246 πεντήκοντα
912 1191 1086 1244 διῆλθον
1119 1190 1277 1245 ἡμέραι
1304 1189 1409 1243 μετὰ
1436 1189 1512 1246 την
1541 1192 1586 1242 ἐξ

135 1256 355 1312 Αἰγύπτου
384 1259 468 1298 τῶν
493 1257 716 1299 Ἰουδαίων
743 1255 907 1308 ἔξοδον,
950 1259 1023 1298 καί
1045 1259 1274 1311 τηνικαῦτα
1314 1256 1389 1305 τὰς
1426 1259 1584 1311 θεοχα-

134 1321 316 1377 ράκτους
344 1321 366 1364 ὅ
391 1325 557 1378 Μωσῆς
573 1323 734 1372 πλάκας
752 1320 914 1376 ἔλαβεν.
976 1323 1015 1364 εἰ
1041 1324 1182 1364 τοίνυν
1213 1322 1257 1364 ἐν
1284 1321 1463 1378 ἡμέραις
1490 1331 1623 1364 neu-c

133 1387 316 1444 τήκοντα
349 1388 372 1430 ὁ
409 1387 591 1438 παλαιὸς
630 1389 793 1430 ἐδίδοτο
822 1387 968 1441 νόμος,
999 1388 1084 1429 ἔδει
1116 1386 1278 1438 πάντως
1307 1392 1396 1430 κατ’
1425 1389 1585 1443 ἐκείνην

134 1455 210 1512 την
238 1455 398 1511 ἡμέραν
426 1456 607 1509 δοθῆναι
640 1454 714 1496 καί
739 1453 812 1509 τὴν
842 1456 918 1496 τοῦ
945 1456 1152 1508 παναγίου
1181 1452 1415 1506 πνεύματος
1441 1453 1583 1508 χάριν,

70 1542 122 1568 20
135 1520 192 1570 ὥς
220 1522 434 1573 ἐντεῦθεν,
479 1522 687 1576 α’γαπητέ,
729 1518 832 1563 κατά
861 1535 907 1573 γε
936 1519 1013 1574 τὴν
1038 1518 1222 1561 παλαιὰν
1251 1519 1325 1562 καί
1353 1519 1430 1574 τήν
1461 1523 1583 1572 νέαν,

136 1586 373 1643 ἀδιαίρετον
416 1589 636 1642 δειχθῆναι
676 1586 752 1642 τήν
798 1585 930 1642 φύσιν
955 1587 1027 1639 τῆς
1057 1583 1283 1640 θεότητος,
1327 1585 1400 1628 καὶ
1438 1582 1503 1628 ὅτι
1535 1585 1580 1627 τὸ

136 1656 302 1708 πνεῦμα
332 1653 379 1695 τὸ
411 1651 531 1708 ἅγιον
559 1654 801 1707 ἐνομοθέτει
830 1654 905 1695 καί
931 1651 1023 1694 τότε
1049 1653 1121 1694 καί
1149 1653 1238 1694 νῦν.

179 1798 182 1800 v
232 1767 288 1791 20.
312 1754 370 1803 γε]
399 1754 465 1788 τεῗ

134 1847 243 1892 igitur
259 1846 403 1892 spiritus
421 1849 561 1878 sanctus
585 1845 711 1878 iccirco
730 1845 995 1887 demittebatur,
1021 1851 1062 1880 ut
1082 1845 1309 1891 imperfectos
1334 1846 1451 1879 adime
1475 1845 1583 1880 disci-

132 1894 239 1941 pulos
271 1893 450 1938 perfectos
481 1891 658 1932 efficeret,
694 1903 735 1925 ea
769 1893 813 1926 de
848 1905 952 1926 causa
983 1894 1021 1926 in
1054 1893 1214 1938 perfecto
1241 1904 1385 1938 quoque
1412 1905 1581 1935 numero,

134 1941 272 1974 decimo
298 1940 463 1973 nimirum
494 1939 552 1972 die
579 1950 687 1983 super
713 1951 772 1973 eos
799 1939 996 1973 descendit.
1026 1939 1124 1984 quod
1155 1945 1274 1972 autem
1298 1951 1340 1973 ex
1366 1941 1582 1984 Imperfectis

135 1987 320 2033 discipulis
347 1986 526 2032 perfectos
562 1986 737 2028 ess'ecerit‚-
756 1998 914 2020 summus
939 1987 1002 2019 ille
1026 1986 1149 2019 Petrus
1182 1987 1267 2020 satis
1295 1988 1463 2020 ostendit.
1501 1999 1583 2021 nain

133 2035 164 2069 si
205 2035 302 2068 hunc
334 2034 529 2078 diligenter
556 2034 732 2078 inspicere
758 2034 879 2074 voles,
915 2033 1055 2066 videbis
1084 2033 1185 2066 illum
1218 2045 1237 2066 a
1262 2034 1389 2067 misera
1420 2035 1583 2067 territum

133 2082 306 2117 ancillula
341 2082 550 2126 magistrum
590 2091 692 2113 suum
730 2087 786 2114 ter
812 2092 970 2125 negasse.
1006 2079 1176 2125 deinceps
1201 2091 1283 2114 vero
1309 2082 1537 2115 confirmatus
1562 2094 1583 2114 a

133 2135 256 2163 sancto
283 2129 412 2174 spiritu
440 2128 592 2160 maxima
618 2139 697 2160 cum
722 2127 853 2160 fiducia
879 2134 916 2162 et
941 2128 1010 2161 oris
1035 2127 1205 2161 libertate
1231 2127 1350 2161 medio
1376 2129 1413 2161 in
1445 2129 1581 2174 populo

131 2175 343 2222 perorabat,
380 2174 618 2219 omnibusque
653 2174 894 2220 persuadebat
920 2180 961 2208 ut
995 2173 1041 2208 ad
1065 2173 1241 2208 Christum
1268 2176 1356 2215 citra
1382 2175 1583 2209 dubitatio-

131 2235 215 2258 nem
239 2234 379 2257 omnem
403 2221 624 2255 accederent.

227 2271 311 2304 Post
334 2270 429 2302 diem
459 2279 554 2314 ergo,
580 2280 645 2301 ceu
670 2267 836 2308 diximus,
861 2267 1197 2313 quinquagesimum
1215 2280 1234 2301 a
1254 2269 1385 2302 Christi
1414 2269 1460 2301 de
1485 2281 1581 2302 nior-

132 2317 205 2352 tuis
222 2318 492 2358 resurrectione,
518 2316 662 2360 spiritus
689 2315 801 2347 sancti
824 2313 1017 2348 descensus
1034 2315 1174 2349 accidit.
1201 2316 1431 2361 quamobrem
1458 2316 1578 2349 illud?

133 2365 220 2410 quia
243 2370 346 2398 vetus
375 2364 480 2397 etiam
511 2363 570 2395 lex
597 2362 894 2407 quinquagesimo
921 2360 979 2394 die
1004 2368 1086 2407 post
1109 2362 1167 2396 dei
1191 2363 1470 2408 patefactionem
1495 2363 1577 2396 data

135 2410 263 2445 fuerat.
299 2423 382 2444 nam
410 2417 451 2444 ut
477 2410 618 2443 divinus
643 2410 706 2442 ille
738 2410 791 2441 vir
826 2409 1003 2441 Iohannes
1034 2409 1304 2453 Chrysostomus
1330 2411 1495 2455 scripsit,
1520 2411 1577 2442 vel
1632 2408 1634 2410 ’

134 2459 254 2505 potius
279 2464 370 2492 teste
397 2458 506 2490 Mosis
535 2457 593 2489 dei
622 2456 830 2501 spectatoris
854 2455 1012 2497 historia,
1035 2455 1111 2490 dies
1137 2456 1180 2490 ab
1208 2457 1304 2490 exitu
1331 2457 1577 2489 Hebraeorum

135 2515 179 2538 ex
205 2505 365 2550 Aegypto
394 2506 437 2538 50
464 2504 576 2548 elapsi
606 2509 727 2543 erant,
753 2514 830 2534 cuin
855 2503 1070 2547 perscriptas
1097 2503 1267 2537 divinitus
1293 2504 1434 2537 tabulas
1458 2504 1577 2537 Moses

135 2553 283 2597 accepit.
310 2562 419 2597 quare
438 2552 466 2584 si
493 2551 608 2596 prisca
636 2551 694 2582 lex
720 2550 783 2582 illa
802 2550 884 2582 data
910 2549 980 2582 fuit
997 2550 1092 2584 intra
1113 2550 1206 2584 diem
1228 2550 1576 2596 quinquagesimum,

135 2598 325 2644 oportebat
361 2599 508 2631 omnino
544 2597 668 2629 eadem
697 2597 755 2629 die
794 2597 908 2629 sancti
935 2597 1041 2630 etiam
1067 2599 1210 2642 spiritus
1235 2599 1382 2642 gratiam
1412 2597 1498 2630 dari.
1531 2597 1577 2630 de

134 2657 225 2690 quo,
263 2645 316 2678 fili
352 2645 499 2686 dilecte,
542 2644 661 2687 colligi
705 2649 825 2688 potest
858 2650 930 2676 tam
962 2644 998 2677 in
1033 2646 1149 2689 prisco
1176 2656 1281 2689 quam
1309 2656 1401 2677 novo
1430 2643 1575 2677 foedere

134 2692 238 2725 nobis
263 2692 417 2732 ostendi,
450 2691 547 2737 quod
574 2697 700 2723 natura
729 2690 927 2723 divinitatis
954 2690 1104 2724 indivisa
1133 2693 1195 2731 sit⁷
1233 2697 1446 2736 sanctusque
1471 2692 1575 2738 spiri-

132 2745 189 2772 tus
212 2745 282 2772 tam
308 2739 345 2772 id
373 2739 540 2784 temporis
569 2749 675 2784 quam
700 2737 806 2770 modo
830 2737 944 2782 legem
969 2738 1180 2784 promulget,
1198 2777 1205 2784 ·
