1826 3120
623 152 910 196 ANNALmM
951 151 1088 195 PARS
1125 154 1182 195 ιι.
1493 131 1607 188 363

128 246 202 298 ’ἵν’
243 249 443 298 ἐντεῦθεν
477 254 596 311 δείξῃ
645 254 798 309 σαφῶς
837 251 896 302 ὥς
933 247 1030 294 οὔτε
1069 248 1169 308 ὅρος
1196 245 1294 293 οὔτε
1326 247 1489 306 α’νιῖγκη
1524 256 1612 301 τοῖς

148 317 322 376 ἄστροις
360 321 587 371 ἐπίκειται,
627 318 820 375 καθάπερ
860 318 1061 377 ᾠήθησαν
1101 318 1142 360 οἱ
1171 318 1344 372 πολλοί,
1389 319 1613 372 βλέποντες

150 385 358 436 ὡσαύτως
393 387 463 428 αἐἰ
507 387 782 439 κινουμένους
816 383 986 434 αὐτούς.
1055 383 1199 441 ἵστησι
1242 384 1390 426 λοιπὸν
1421 382 1610 436 αὐτούς,

149 452 228 509 τὴν
256 455 328 496 ἐπὶ
358 454 464 494 πᾶσι
487 454 733 508 προσοῦσαν
760 451 877 508 αὕτῷ
903 452 1122 504 παρισταῖν
1151 452 1360 504 ἐξουσίαν,
1387 451 1461 493 καί
1487 451 1615 507 φέρε-

112 522 259 570 5σθαι
300 513 428 569 αὖθις
484 521 535 576 ἑᾷ
572 517 679 562 και-οὶ
729 516 800 562 τὸν
835 519 1027 575 ἀρχῆθεν
1071 520 1219 567 αὐτοῖς
1259 519 1502 560 ἐπιτεθέντα
1540 521 1616 560 3⁶,-

151 585 306 641 σμόν.”

269 653 439 696 Ου’κοῦν
476 653 726 695 α’ποστέλλει
769 649 873 707 πρὸς
901 652 1084 703 Ἐζεκίαν
1111 648 1337 706 Μαροὸἁχ
1369 650 1393 692 ὅ
1417 648 1618 704 βασιλεῦς
1630 653 1743 710 Ρ,,95

150 722 412 775 Βαβυλῶνος
439 720 514 774 τῆς
540 716 667 761 νόσου
694 733 740 760 τε
769 717 891 760 ἕνεκα
923 720 998 760 καί
1022 721 1100 761 τοῦ
1127 717 1229 772 περὶ
1263 715 1336 760 τὸν
1361 714 1480 772 ἥλιον
1505 714 1618 759 &azi-

152 802 304 841 ματος.
339 788 434 829 ἀλλ’
461 788 615 835 ἐκεῖνος
626 781 761 831 τᾶλλα
778 786 916 827 πάντα
934 785 1154 840 παρεὰσας
1180 782 1255 827 τὸν
1282 787 1463 826 πλοῦτον
1488 785 1620 826 αὐτοῦ
1635 790 1674 825 V.
1693 789 1752 823 151

92 870 143 898 10
155 859 254 903 τοῖς·
285 856 511 908 πρέσβεσιν
547 850 714 902 ἔδειξεν.
759 853 852 908 ·ἑφ’
883 846 915 909 ᾧ
959 853 1034 893 καί
1064 852 1166 894 τάδε
1194 850 1312 907 παρὰ
1341 851 1516 893 Ἡσαΐου
1544 852 1623 892 τοῦ

153 917 378 976 προφήτου
412 918 515 974 πρὸς
558 917 692 960 αΰτὸν
727 915 917 973 ἐλαλήθη
956 916 1080 971 ,,ἰδ“οὐ
1111 917 1309 972 ἔρχονται
1337 916 1521 972 ἡμέραι,
1552 917 1626 957 καί

153 984 451 1041 ληφθήσονται
481 982 620 1028 πάντα
638 983 691 1026 τιὶ
708 985 754 1026 ἐν
769 986 826 1041 τῷ
843 983 941 1041 οἴκῳ
966 999 1045 1027 σου
1074 987 1148 1026 καί
1174 984 1234 1033 εἷς
1250 985 1494 1038 Βαβυλῶνα
1522 983 1625 1023 οἷπε-

153 1049 392 1094 λεὺσονται.
457 1051 531 1093 καί
562 1049 602 1093 οἶ
631 1049 726 1093 υἱοί
747 1067 827 1094 σου
850 1084 861 1103 ,
913 1050 986 1100 οὓς
1011 1048 1252 1105 γεννήσεις,
1283 1049 1450 1092 ἔσονται
1479 1049 1626 1091 εὐνοῦ-

155 1134 227 1174 χοι
253 1121 298 1161 ἐν
325 1120 384 1175 τῷ
423 1117 520 1176 οἴκῳ
549 1120 757 1172 βασιλέως
798 1119 1101 1171 Βαβυλῶνος.”
1158 1115 1281 1166 υἱούς
1310 1119 1358 1160 δὲ
1386 1119 1496 1171 λέγει
1525 1113 1626 1165 τούς

95 1190 269 1240 ιότρεῖς
295 1187 453 1235 παῖδας
482 1185 563 1228 σ’ὐν
590 1186 648 1243 τῷ
678 1184 877 1242 προφήτῃ
904 1182 1070 1240 Δανιήλ
1089 1201 1100 1213 ·
1161 1181 1364 1238 οἶπόγονοι
1392 1182 1474 1237 γάρ
1505 1175 1626 1223 οὗτοι

155 1254 232 1295 τοῦ
258 1252 439 1303 Ἐζεκίου
467 1251 698 1307 γεγόνασιν.
754 1251 905 1294 εἴωθεν
935 1247 1057 1306 οὖνὴ
1086 1251 1234 1307 γραφὴ
1264 1248 1363 1299 τούς
1392 1246 1626 1303 α’πογόνους

157 1319 435 1372 ἐπονομάζειν
464 1317 602 1372 υἱούς,
633 1316 748 1360 καθὰ
783 1317 834 1373 δὴ
865 1318 939 1360 καί
962 1316 1034 1359 τὸν
1052 1319 1196 1370 Δαβίὁ·
1222 1318 1387 1371 πατέρα
1415 1317 1494 1357 τοῦ
1515 1315 1661 1366 Ἐζε-Β

157 1387 251 1428 κίον
278 1389 426 1427 καλεῖ·
458 1386 562 1427 οὐδὲ
590 1383 676 1441 γάρ.
703 1383 797 1436 υἱὸς
825 1387 903 1427 τοῦ
931 1386 1077 1438 Δαβίὃ
1107 1381 1129 1425 ὅ
1168 1383 1372 1437 Ἐζεκίας,
1401 1378 1494 1424 ἀλλ’
1519 1378 1628 1423 ‹inti-

159 1467 282 1506 γονος
327 1449 492 1500 πάντως
518 1453 667 1494 αΰτοῦ.
729 1450 749 1494 ὁ
774 1454 914 1505 μέντοι
945 1448 1192 1505 ΠΙαροδάχ,
1235 1449 1293 1500 ὥς
1322 1446 1487 1492 ἄνωθεν
1515 1447 1630 1503 εἴρη-

94 1534 251 1569 αοται,
296 1520 372 1560 τοῦ
397 1522 499 1574 περὶ
523 1516 598 1561 τόν
628 1515 746 1574 ἥλιον
787 1519 916 1573 χάριν
941 1517 1161 1571 θαύματος
1183 1515 1290 1572 πρὸς
1316 1517 1498 1568 Ἐζεκίαν
1526 1513 1630 1558 ἇπέψ

159 1588 325 1628 στειλε·
405 1582 480 1628 τὸν
507 1583 590 1642 γὰρ
636 1583 928 1639 ἀναποὸισμὸν
974 1584 1108 1627 αὐτοῦ
1143 1585 1342 1627 τοσοῦτον
1384 1579 1494 1626 εἶναι
1519 1585 1631 1637 λέγει

166 1778 244 1802 rum
267 1767 511 1801 universitatis
552 1767 760 1801 huiusmodi
804 1763 1007 1814 prodigium
1031 1778 1074 1801 ea
1097 1767 1323 1813 potissimum
1347 1765 1392 1800 de
1417 1777 1544 1807 causa,
1590 1770 1633 1800 ut

167 1814 353 1849 luculente
380 1815 582 1849 declararet
618 1827 737 1861 neque
770 1821 888 1848 certae
924 1816 998 1860 legi
1019 1826 1139 1860 neque
1168 1814 1373 1847 necessitati
1408 1813 1525 1847 sidera
1555 1824 1632 1847 esse

166 1862 344 1904 obnoxia,
371 1863 677 1908 quemadmodum
704 1863 869 1908 plerique
897 1869 982 1895 sunt
1012 1862 1192 1902 arbitrati,
1220 1873 1300 1894 cum
1325 1867 1514 1894 cernerent
1538 1872 1634 1894 sem-

163 1921 232 1956 per
257 1910 385 1946 eodem
409 1911 473 1943 illa
497 1910 605 1944 modo
632 1910 778 1943 moveri.
803 1909 1036 1955 quamobrem
1053 1908 1249 1954 aliquando
1274 1919 1317 1941 ea
1341 1908 1533 1941 subsistere
1559 1909 1634 1941 ius-

165 1958 231 1998 sit,
258 1963 300 1990 ut
324 1963 542 2002 potestatem
567 1970 666 1991 suam
690 1958 728 1990 in
756 1969 810 1990 res
826 1958 1008 1990 universas
1032 1955 1262 1998 ostenderet5
1286 1967 1327 1989 ac
1355 1955 1487 1989 deinde
1512 1967 1632 1990 rursus

166 2003 295 2045 eadem
322 2005 408 2038 ferri
431 2012 533 2040 motu
557 2017 621 2039 suo
646 2005 830 2051 permisit,
864 2016 971 2050 quem
1007 2004 1052 2038 ab
1076 2004 1183 2038 initio
1208 2015 1324 2037 rerum
1344 2003 1431 2049 ipsis
1456 2003 1633 2049 praescri-

167 2057 304 2098 peierat.

262 2099 467 2133 Secundum
508 2099 598 2133 haec
622 2099 860 2135 Marodachus
894 2110 958 2133 rex
979 2098 1259 2142 Babyloniorum
1286 2097 1334 2131 ad
1363 2097 1552 2131 Ezechiam
1577 2099 1633 2131 le-

165 2151 268 2192 gatos
301 2159 382 2181 suos
419 2148 551 2189 mittit,
589 2153 666 2181 tum
705 2148 782 2180 eius
810 2146 928 2180 morbi
963 2158 1071 2180 causa
1108 2158 1153 2180 ex
1178 2158 1251 2192 quo
1275 2146 1526 2187 convaluerat,
1555 2150 1634 2179 tum

166 2193 324 2240 prodigii
358 2195 460 2240 quod
483 2196 521 2228 in
545 2195 621 2228 sole
660 2195 848 2228 acciderat.
874 2200 951 2227 tum
987 2194 1138 2227 caeteris
1163 2194 1269 2227 rebus
1296 2193 1466 2226 Ezechias
1492 2193 1632 2226 omissis

165 2247 207 2278 ,et
232 2242 407 2287 neglectis
438 2254 524 2287 opes
551 2254 632 2276 suas
669 2243 796 2286 legatis
823 2247 992 2275 ostentat.
1026 2241 1259 2288 quamobrem
1283 2241 1404 2274 Esaias
1428 2247 1527 2274 vates
1552 2252 1632 2274 eum

166 2288 288 2323 ‚verbis
314 2289 520 2323 huiusmodi
546 2290 780 2335 compellavit
805 2290 839 2335 (4
870 2291 951 2334 Reg.
979 2299 1023 2323 20
1055 2290 1107 2336 ¹7)
1141 2289 1254 2330 „scito
1281 2288 1358 2322 fore
1386 2294 1528 2334 tempus
1554 2301 1634 2322 cum

168 2337 290 2375 omnia
319 2348 414 2382 quae
441 2337 538 2371 domi
573 2344 657 2371 tuae
682 2343 789 2378 sunt,
816 2336 1025 2370 auferentur
1049 2336 1331 2380 et-Babylonem
1355 2337 1633 2370 transferentur.

170 2385 260 2429 quin
284 2390 321 2417 et
346 2383 390 2417 de
416 2385 501 2417 filiis
525 2385 595 2418 tuis
622 2397 643 2418 a
668 2390 705 2418 te
738 2384 824 2418 ortis
865 2390 974 2429 atque
994 2381 1129 2427 'genitis
1159 2389 1365 2425 sumentur,
1391 2385 1456 2430 qui
1479 2384 1517 2416 in
1542 2383 1633 2427 regis

168 2430 453 2474 Babyloniorum
479 2431 586 2465 domo
622 2433 695 2465 sint
720 2431 912 2465 eunuchi.’'
953 2430 1087 2476 quibus
1110 2431 1150 2464 in
1178 2431 1296 2464 verbis
1321 2431 1479 2465 filiorum
1504 2430 1634 2475 appel-

169 2477 311 2513 latione
345 2480 499 2513 veniunt
531 2486 604 2513 tres
635 2480 693 2512 illi
721 2479 843 2524 pueri,
882 2478 1099 2523 quibuscum
1138 2484 1176 2512 et
1195 2479 1371 2513 Danielus
1407 2485 1507 2512 vates
1536 2478 1631 2510 fuit:

170 2536 255 2558 nam
278 2526 336 2559 illi
360 2526 534 2560 Ezechiae
560 2533 712 2571 nepotes
739 2539 778 2559 ac
802 2526 941 2571 posteri
960 2527 1196 2569 exstiterunt3
1221 2532 1260 2560 et
1282 2527 1455 2570 frequens
1482 2531 1536 2558 est
1568 2525 1634 2558 lit-

171 2573 260 2606 teris
284 2574 392 2607 sacris
420 2580 586 2619 posteros
614 2580 842 2619 nepotesque
872 2584 999 2607 vocare
1023 2573 1129 2615 filios,
1159 2575 1255 2608 sicut
1282 2579 1319 2607 et
1343 2573 1519 2606 Davidem
1544 2573 1632 2605 Eze-

173 2618 276 2653 chiae
300 2627 438 2665 patrem
464 2627 690 2666 nuncupant:
716 2622 819 2666 atqui
844 2632 918 2654 non
944 2621 1038 2654 filius
1066 2621 1217 2655 Davidis
1243 2627 1320 2655 erat
1346 2620 1539 2661 Ezechias,
1568 2619 1633 2653 sed

173 2667 254 2700 eius
280 2677 299 2700 e
325 2670 478 2712 posteris
503 2675 615 2703 ortus.
644 2675 824 2702 caeterum
846 2668 1084 2703 Marodachus
1111 2670 1182 2703 alia
1206 2669 1308 2702 nulla
1334 2668 1379 2701 (le
1405 2679 1511 2701 causa
1536 2668 1633 2711 lega-

175 2719 232 2747 tos
258 2714 304 2747 ad
329 2716 516 2749 Ezechiam
540 2717 698 2756 miserat,
726 2722 766 2748 ut
790 2727 895 2760 supra
918 2727 1065 2761 quoque
1093 2716 1291 2749 indicatum
1321 2721 1385 2756 est,
1400 2723 1508 2761 quam
1532 2714 1632 2760 quod

175 2761 386 2797 miraculum
415 2763 509 2798 illud
534 2765 571 2798 in
597 2764 675 2798 sole
698 2763 898 2798 accidisset.
925 2774 1005 2799 nam
1032 2764 1120 2800 solis
1145 2765 1247 2799 illam
1273 2764 1533 2810 regressionem
1559 2768 1634 2798 tam
