1826 3120
226 118 300 182 40
676 135 965 177 M1CHAEL15
1006 135 1221 178 GLYCAE

227 236 466 293 Ξενοφάνης
495 236 565 279 τὸν
593 233 710 290 ἥλιον
735 236 809 277 καί
834 235 911 291 τήν
939 237 1113 292 σελήνην
1137 239 1416 292 πεπυρωμένα
1439 236 1675 296 νέφη-*ἔφη-

224 319 297 345 σεν
323 301 456 357 εἶναι,
493 297 611 344 ἄλλοι
642 303 688 342 δὲ
720 300 885 356 μύδρον
912 296 941 357 ἢ
966 303 1116 356 πέτρον
1145 301 1351 357 διάπυρον
1381 301 1523 359 ἔλεγον
1551 299 1671 347 εἶναι.

228 367 437 417 Φιλόλαος
485 370 531 410 δὲ
557 364 725 421 ὖλοειὸῆ
751 369 894 410 τοῦτον
934 365 1182 424 ἐφιλοσόφει
1200 403 1212 421 ,
1242 367 1466 423 δεχόμενον
1495 371 1573 424 μὲν
1599 372 1676 412 τοῦ

225 437 270 477 ὲν
290 436 345 490 τῷ
368 435 507 491 κόσμῳ
545 431 678 487 πυρὸς
700 431 773 488 τήν
798 433 1064 488 α’νταύγειαν,
1086 436 1316 490 διηθοῦντα
1342 435 1390 476 δὲ
1416 433 1519 491 πρὸς
1543 434 1686 492 &migr

224 504 298 542 καί
321 503 454 542 ταῦτα
474 500 551 551 μὲν
569 498 608 540 οἱ
635 500 765 555 σοφοί
778 498 831 542 τοὶ
850 500 1010 554 μάταια
1032 496 1130 555 περὶ
1144 503 1218 556 τῆς
1236 501 1317 543 τῶν
1338 500 1526 557 οἷστέρων
1545 501 1712 559 §quad-5

223 583 353 620 νησαν
383 562 572 621 φύσεως·
630 564 705 607 τὸν
731 563 812 620 γάρ
842 565 1017 623 ποιητήν
1038 563 1180 610 αὖταῖν
1206 567 1452 623 ἠγνοηκότες
1481 565 1583 610 θεὸν
1608 569 1674 610 αι’-

227 635 320 674 τίαν
349 630 540 686 ἑζιιφρονα
567 633 643 686 τῆς
671 634 754 674 ταῖν
782 629 889 675 ὅλων
915 635 1112 688 γενέσεως
1133 632 1386 690 προεστάναι
1406 628 1457 674 οὗ
1484 632 1673 688 συνεχώ-

222 713 371 751 ρησαν.
441 694 564 739 ἔνθεν
591 713 655 739 τοι
683 699 758 740 καί
783 698 1110 754 ἄποκλαιόμενος
1140 699 1297 750 αὐτούς
1325 699 1348 741 ὅ
1377 700 1510 754 μέγας
1535 701 1674 743 Βασί·

223 768 330 813 λειος
357 766 667 819 κατακριθῆναι
696 765 806 818 λέγει
835 766 907 806 καὶ
932 765 1056 809 πλέον
1086 769 1167 808 τῶν
1191 762 1328 808 ἄλλων
1357 767 1403 808 ἐν
1429 765 1566 825 ἡμέρᾳ
1597 768 1672 822 τῆς

120 839 205 874 P.21
223 828 424 883 κρίσεως,
466 826 530 871 ὅτι
571 826 702 879 οὕτως
735 829 811 882 6ξὺ
841 830 944 886 πρὸς
970 829 1023 873 τὰ
1050 833 1211 885 μα’ταια
1240 834 1485 885 βλέποντες,
1512 827 1671 884 ἑκόντες
1687 850 1738 878 ιο

220 892 324 950 πρὸς
350 894 423 950 τήν
452 896 654 938 σύνθεσιν
683 898 756 951 τῆς
781 898 982 952 ἀληθείας
1011 897 1392 954 α’πετυφλώθησαν.

319 957 426 1004 ‘'Oaa
454 963 500 1003 δὲ
538 960 613 1003 καὶ
649 963 750 1016 περὶ
786 964 992 1016 μεγέθους
1019 961 1338 1020 ἐφιλοσόφησαν
1374 966 1452 1007 τοῦ
1478 980 1523 1007 τε
1550 963 1671 1020 ἧλιόυ

217 1029 291 1069 καί
317 1030 392 1082 τῆς
420 1027 617 1083 σελήνης,
660 1028 706 1070 τί
726 1026 809 1083 χρὴ
841 1030 916 1070 καί
936 1031 1091 1084 λέγειν,·
1122 1031 1448 1091 Ἀναξίμανδρος
1481 1032 1560 1085 μὲν
1587 1031 1669 1088 γάρ

216 1093 288 1134 καί
311 1093 581 1148 Ἀναξιμένης
598 1091 1117 1138 ἑπτακαιεικοσιπλασιόνα
1135 1099 1207 1151 τῆς
1225 1098 1301 1151 γῆς
1320 1094 1390 1139 τόν
1417 1093 1538 1152 ἥλιον
1566 1096 1670 1155 ἔφη·

216 1176 297 1201 σαν
324 1156 462 1213 εἶναι,
490 1160 774 1215 Ἀναξαγόρας
803 1161 850 1202 δὲ
877 1161 1206 1217 Πελοποννήσου
1237 1164 1424 1216 μείζονα.
1481 1165 1555 1206 καί
1580 1166 1667 1206 ἓτε-
1686 1167 1735 1208 ι5

216 1240 282 1277 ροι
313 1225 440 1268 πάλιν
467 1228 662 1268 ποδιαῖον
694 1224 768 1268 τὸν
796 1229 987 1270 τοιοῦτον
1017 1227 1259 1284 ἐφρόνησαν
1286 1226 1416 1282 ἥλιον.
1474 1229 1528 1272 τὰ
1558 1229 1668 1273 αὐτοὶ

215 1292 262 1332 δὲ
291 1293 364 1333 καί
391 1291 489 1346 περὶ
516 1292 689 1347 σελήνης
718 1292 936 1344 διεξιόντες
964 1292 1242 1350 εὑρίσκονται.
1299 1293 1339 1336 οἱ
1366 1298 1446 1349 μὲν
1467 1293 1548 1352 γὰρ
1575 1293 1669 1350 μεί-

175 1359 315 1408 Βζονα
346 1359 418 1413 τῆς
446 1361 544 1414 γῆς,
597 1359 636 1401 οἱ
676 1361 723 1401 δὲ
758 1361 883 1402 πάλιν
911 1358 1156 1417 ι’σόμετρον,
1196 1357 1317 1404 ἄλλοι
1350 1364 1398 1406 δὲ
1425 1363 1634 1406 ἐλάσσονα
1653 1381 1664 1393 ·

216 1425 289 1465 καί
312 1427 446 1480 ἕτεροι
467 1424 752 1478 σπιθαμιαίαν
781 1421 888 1468 εἶναι
916 1425 993 1482 τήν
1020 1426 1196 1483 σελήνην
1223 1430 1565 1484 διισχυρίζονται,
1596 1432 1670 1472 καί

215 1489 290 1530 οὐκ
323 1490 600 1543 αἰσχύνονται
628 1494 703 1546 τῆς
731 1493 809 1545 μὲν
835 1493 1050 1548 θαλοίττης
1076 1492 1121 1536 τὸ
1139 1494 1274 1547 βάθος
1303 1496 1569 1549 α’γνοοῦντες,
1598 1493 1663 1538 ἕν-
1677 1512 1733 1540 ao

214 1557 273 1597 θα
302 1554 374 1597 καὶ
413 1555 568 1612 ὁρμιὰν
607 1561 803 1600 καθεῖναι
835 1557 1055 1613 δύνανται,
1097 1559 1141 1601 τό
1173 1561 1220 1602 δὲ
1248 1559 1329 1602 οἷπό
1363 1563 1436 1616 γῆς
1463 1557 1568 1618 ἄχρι
1596 1577 1665 1606 σε·

311 1679 362 1701 11.
390 1666 574 1704 mireum?
673 1679 728 1703 21.
752 1672 932 1717 μεθεῖναι
959 1671 995 1705 Ρ.

212 1776 269 1803 tae
303 1771 339 1803 in
380 1781 515 1804 morem
549 1776 757 1816 compactae
799 1783 842 1806 ex
877 1773 1010 1806 osculis
1047 1774 1265 1819 quibusdam
1301 1775 1457 1810 flammas
1485 1785 1662 1815 evomant.

212 1816 452 1861 Xenophanes
475 1829 561 1851 vero
596 1819 710 1852 solem
740 1830 782 1852 ac
806 1819 928 1853 lunam
964 1831 1042 1853 esse
1066 1821 1182 1855 nubes
1206 1823 1335 1867 ignitas
1360 1823 1474 1864 dixit,
1493 1824 1574 1859 aliis
1598 1837 1664 1860 vo·-

212 1863 374 1896 lentihus
413 1875 490 1897 esse
520 1865 668 1909 globum
697 1865 853 1899 ferreum
887 1866 1102 1901 candentem
1126 1869 1185 1902 vel
1212 1881 1334 1903 saxum
1358 1870 1542 1915 quoddam
1569 1872 1665 1917 igni-

213 1916 297 1946 tum.
345 1910 527 1945 Philolaus
552 1913 665 1945 solem
690 1913 919 1949 existimabat
943 1925 1022 1948 esse
1038 1916 1130 1949 vitro
1150 1917 1392 1958 consimilem,
1417 1918 1518 1962 quod
1542 1920 1665 1965 splen-

212 1957 335 1991 dorem
362 1958 454 2002 ignis
478 1959 654 1995 mundani
679 1959 726 1995 ad
753 1971 790 1994 se
819 1960 980 1996 delatum
1005 1963 1156 2008 recipiat
1179 1969 1216 1997 et
1240 1965 1343 2009 quasi
1369 1965 1592 2011 percolatum
1617 1967 1664 2002 ad

210 2016 275 2038 nos
302 2006 530 2040 transmittat.
581 2005 651 2040 hae
688 2007 892 2052 sapientum
926 2009 1096 2052 illorum,
1122 2021 1234 2045 vanae
1257 2011 1440 2055 profecto,
1464 2010 1510 2045 de
1534 2018 1665 2048 natura

211 2051 369 2084 siderum
395 2053 599 2087 sententiae
633 2054 791 2089 fuerunt.
824 2067 908 2090 nam
933 2067 1014 2090 cum
1038 2062 1220 2090 auctorem
1244 2058 1404 2102 ipsorum
1429 2058 1535 2093 deum
1559 2061 1664 2106 igno-

211 2103 348 2137 rarent,
370 2099 520 2133 minime
549 2101 801 2137 concedebant
825 2114 968 2137 causam
1000 2103 1180 2150 quandam
1207 2105 1358 2138 rationis
1385 2110 1421 2139 et
1444 2106 1663 2151 prudentiae

209 2145 423 2188 participem
456 2147 552 2182 ortui
595 2159 714 2182 rerum
749 2160 827 2183 esse
860 2151 1148 2196 praeficiendam.
1190 2162 1262 2196 quo
1288 2153 1330 2186 fit
1355 2158 1397 2186 ut
1421 2153 1573 2188 Basilius
1594 2156 1663 2190 ille

207 2202 354 2234 magnus
383 2203 444 2224 eos
471 2192 662 2238 deplorans
687 2197 848 2231 futurum
871 2204 912 2232 ut
935 2199 1046 2242 magis
1069 2199 1108 2232 in
1135 2197 1193 2231 die
1221 2198 1350 2234 iudicii
1374 2199 1662 2237 condemnentur

210 2249 318 2282 quam
343 2238 407 2272 alii
436 2238 545 2281 dicat,
572 2243 671 2286 quod
699 2249 772 2277 tam
799 2250 942 2278 acutum
967 2245 1014 2278 ad
1026 2256 1117 2279 vana
1140 2252 1327 2280 cernentes
1354 2253 1484 2293 sponte
1508 2260 1572 2283 sua
1597 2260 1665 2285 ved

206 2285 325 2319 ritatis
353 2285 392 2318 in
409 2288 707 2332 pervestigatione
733 2293 1002 2327 caecutiverint.

301 2332 375 2364 Iam
399 2344 483 2367 vero
523 2346 629 2379 quam
665 2338 778 2370 multa
817 2339 928 2373 iidem
967 2339 1012 2372 de
1050 2337 1298 2383 magnitudine
1342 2345 1415 2373 tam
1439 2341 1526 2376 solis
1551 2354 1659 2389 quam

207 2379 315 2411 lunae
342 2383 571 2414 commentati
597 2384 681 2424 sint,
708 2384 797 2429 quid
823 2387 956 2420 attinet
978 2385 1280 2420 commemorare?
1328 2386 1595 2423 Anaximander
1622 2397 1662 2425 et

204 2425 443 2460 Anaximenes
481 2428 594 2461 solem
627 2435 720 2463 terra
754 2432 863 2465 vicies
899 2445 939 2467 ac
965 2433 1098 2478 septies
1134 2433 1308 2478 maiorem
1346 2445 1424 2469 esse
1462 2436 1658 2480 dixerunt,

205 2471 433 2517 Anaxagoras
460 2476 633 2509 maiorem
657 2478 905 2522 Peloponeso:
946 2481 1012 2515 alii
1036 2491 1115 2513 cum
1142 2479 1246 2525 pedis
1271 2481 1378 2515 unius
1402 2482 1474 2527 ipsi
1497 2483 1660 2529 longitu-

207 2518 329 2551 dinem
358 2520 555 2563 haberent,
578 2529 717 2557 tantum
745 2526 853 2561 etiam
879 2528 993 2561 solem
1020 2537 1096 2560 esse
1123 2527 1326 2561 voluerunt.
1352 2529 1477 2563 eadem
1504 2530 1549 2564 de
1571 2531 1658 2566 luna

207 2575 354 2609 quoque
387 2567 520 2601 tradita
559 2571 797 2615 reperiuntur.
825 2574 973 2608 fuerunt
1009 2575 1102 2607 enIm
1139 2575 1308 2607 nonnulli
1344 2576 1406 2620 qui
1447 2588 1523 2610 eam
1561 2583 1658 2615 terra

206 2611 378 2645 maiorem
402 2615 571 2656 facerent,
598 2628 676 2649 cum
695 2618 758 2650 alii
778 2631 899 2662 parem
925 2622 1110 2666 utriusque
1139 2621 1423 2665 magnitudinem
1443 2630 1655 2667 statuerent,

207 2657 269 2690 alii
295 2664 389 2692 terra
416 2662 610 2703 minorem,
638 2664 699 2696 alii
729 2667 925 2709 palmarem
953 2669 1067 2702 solum
1095 2680 1171 2701 esse
1201 2669 1464 2704 confirmarent.
1489 2672 1655 2718 adeoque

208 2716 281 2742 'uon
310 2707 460 2745 veritum
501 2714 553 2743 est
592 2720 651 2743 eos
687 2713 970 2757 profunditatem
1007 2715 1112 2750 maris
1155 2715 1379 2760 ignorantes,
1416 2729 1510 2764 quae
1531 2722 1655 2758 tamen
