1826 3120
622 81 906 124 ANNALmM
940 80 1080 124 PARS
1122 84 1156 124 1.
1580 81 1609 139 7

163 185 236 229 ἕπε’
269 200 344 240 την
379 180 619 240 ἀσφάλειαν
647 178 775 238 αὐτῆς
802 178 911 226 ὥστε
937 180 996 237 μη
1032 184 1228 238 κλιθῆναι
1258 184 1319 233 εἷς
1344 182 1419 226 τόν
1448 183 1606 238 attam,

161 250 221 308 μὴ
249 251 448 304 θαύμαζε
489 247 573 305 εἴγε
612 250 684 292 καί
710 250 785 292 τοῦ
828 249 1014 303 οὖρανοῦ
1044 247 1239 305 α’κινὴτου
1267 250 1366 292 ποτὲ
1394 251 1614 303 μείναντος

161 322 238 385 τῆς
276 319 434 367 οἰκείας
470 313 497 373 ἦ
541 318 594 372 γῆ
619 314 785 370 βάσεως
813 314 890 356 οὐκ
916 316 1121 366 ἐξέπεσεν.
1177 318 1217 359 εἰ
1240 314 1321 372 γὰρ
1349 314 1423 358 καί
1448 317 1616 374 φυσικῷ

161 385 268 444 λόγῳ
293 384 344 428 τὰ
377 383 511 427 πάντα
538 384 719 438 γίνονται
742 381 950 437 σήμερον,
978 378 1071 423 ἀλλ’
1100 382 1271 425 ἐπειδὰν
1299 382 1320 426 ὅ
1349 385 1424 438 τῆς
1445 382 1617 440 φύσεως

123 455 148 503 5
158 453 391 508 βουληθείη
421 449 640 504 δεσπότης,
667 449 758 491 τότε
788 449 860 491 καί
891 448 998 505 ὑπὲρ
1020 448 1151 506 φύσιν
1180 449 1345 507 δρῶμεν
1386 451 1462 492 οὔκ
1494 449 1616 504 ὀλίγα

158 522 241 562 τῶν
268 516 527 573 πραγμάτων
555 514 770 570 γινόμενα.

265 584 341 627 Ἐν
369 584 514 639 ἀρχῇ
563 583 824 637 ἐποίησεν
862 579 883 624 ὅ
927 581 1060 632 θεὸς
1100 581 1192 625 τόν
1235 578 1474 637 οὖρανὸν
1516 583 1619 624 καὶ·

157 649 257 708 τήν
281 653 394 705 γῆν.
450 647 525 691 καί
550 645 717 704 ἐπειδή,
752 645 896 697 καθώς
924 664 1056 704 φησιν
1088 646 1110 690 ὅ
1140 651 1273 703 μέγας
1299 652 1538 703 Βασίλειος,
1567 651 1612 700 ε”ξ

157 715 446 775 ἆντιφράξεως
473 718 549 758 τοῦ
581 714 780 770 οὐρανίου
812 714 1006 769 σώματος
1032 714 1149 770 βαθύ
1180 714 1325 765 σκότος
1352 715 1374 757 ὅ
1408 716 1490 771 οἷὴρ
1521 717 1699 758 §ve-VR

97 800 145 828 ιο
158 783 316 827 δύσατο
346 785 438 840 (καί
473 781 618 833 σκότος
656 782 757 837 γάρ,
790 784 946 838 φησίν,
978 781 1121 824 ἐπάνω
1154 783 1226 836 τῆς
1256 778 1495 839 ἀβύσσου),
1529 790 1650 826 rra-C

156 848 312 906 ρήγαγε
348 848 395 892 τὸ
439 847 642 904 αἰσθητὸν
679 850 797 890 τοῦτο
844 850 936 905 φῶς
977 845 1086 890 ὥστε
1125 849 1294 904 φαίνειν
1322 847 1394 890 ὲπί
1420 851 1494 904 τῆς
1517 851 1610 903 γῆς.

155 918 256 959 ου’δὲ
284 915 366 972 γὰρ
395 914 624 971 α’πορραῖγιὶ
648 931 744 958 τινα
773 917 849 957 τοῦ
880 917 1032 970 νοητοῦ
1061 913 1203 972 φωτὸς
1232 916 1390 956 ἐκείνου
1418 917 1495 956 τοῦ
1520 922 1612 965 ταῖς

153 981 303 1032 οἷῦ”λοις
327 979 554 1038 προσόντος
593 981 822 1036 δυνάμεσιν
851 983 1200 1038 ἐναποληφθῆναι
1244 979 1398 1036 ἔπρεπε
1428 983 1487 1039 τῷ
1519 981 1613 1023 ὑλι-

153 1049 212 1108 κῷ
237 1049 368 1108 τούτῳ
395 1045 537 1107 κόσμῳ
556 1050 628 1091 καί
648 1048 801 1106 ὁρατῷ,
833 1045 895 1090 ὅτι
918 1049 1028 1102 μηδὲ
1059 1046 1252 1090 κοινωνία
1279 1053 1365 1096 τοῖς
1394 1048 1439 1089 ἐν
1469 1048 1613 1104 α’μφοα

91 1117 140 1160 15
154 1119 288 1172 τέροις
314 1121 487 1171 νοητοῖς.
543 1113 650 1158 κατὰ
683 1114 764 1170 γὰρ
793 1116 912 1156 τοῦτο
941 1113 1015 1156 καί
1042 1115 1302 1169 διεστηκέναι
1331 1115 1408 1167 μὲν
1436 1113 1506 1155 ἀπ’
1536 1114 1613 1155 α’λ-

150 1180 287 1239 λὴλων
322 1182 396 1225 τόν
435 1198 480 1224 τε
508 1180 654 1237 νοητὸν
683 1180 839 1235 κόσμον
873 1182 948 1222 καί
973 1180 1044 1223 τὸν
1075 1180 1291 1236 αἰσθητόν,
1322 1178 1540 1235 ἕστηκε-’ναι
1565 1180 1613 1221 δὲ

148 1252 234 1292 τῶν
263 1251 382 1291 ἰδίων
413 1244 521 1304 ὅρων
551 1247 667 1297 ἐντὸς
709 1245 735 1303 ἧ
765 1245 965 1301 θεολόγός
996 1249 1165 1301 γλῶσσα
1196 1245 1433 1303 τρανότατα
1464 1245 1610 1302 ἔφησε.

147 1316 332 1372 πρόσεχε
359 1309 448 1357 οὖν.
480 1313 623 1370 ἐπειδὴ
651 1313 732 1369 γὰρ
761 1311 1046 1368 προστάγματι
1080 1316 1184 1371 θείῳ
1216 1314 1447 1368 περιετάθη
1475 1310 1652 1368 ‹ww-D

149 1397 196 1431 ον
224 1381 247 1423 ὃ
277 1377 458 1437 οὐρανός
503 1382 626 1434 σῶμα
656 1379 765 1434 ἔχων
794 1382 993 1435 συνεχές,
1039 1377 1182 1428 ἱκανὸς
1209 1380 1290 1421 τῶν
1321 1378 1401 1429 ἔξω
1432 1381 1607 1434 διαστῆ-

84 1464 222 1492 2οσαι
267 1446 321 1490 τοὶ
365 1446 506 1501 ἔνδον,
546 1447 783 1501 α’ναγκαίως
823 1445 897 1488 τὸν
935 1447 1284 1502 ἑναποληφθέντα
1323 1446 1434 1502 αὐτῷ
1478 1443 1606 1486 τόπον

147 1515 313 1573 ιῖφεγγῆ
342 1515 591 1569 κατέστησε,
635 1511 714 1568 την
741 1510 900 1564 ἔξωθεν
944 1508 1077 1568 αὕγὴν
1106 1508 1327 1565 διακόψας.
1385 1510 1430 1553 εἴ
1449 1527 1488 1553 τι
1519 1509 1603 1566 γάρ

245 1632 294 1666 13.
320 1630 652 1677 ἐναποληφθῆναι
679 1630 716 1663 Ρ.
794 1628 845 1673 14.
872 1629 964 1676 τοῖς]
988 1641 1044 1667 τις
1068 1629 1107 1662 F.
1197 1638 1258 1662 20.
1284 1628 1603 1674 ἐναποληφθέντα

241 1690 324 1725 ego:
349 1680 695 1714 ἐναντιπολειθέντα
715 1678 767 1719 F,
793 1677 1128 1723 ἅναπολειφθέντα
1151 1675 1188 1709 Ρ.

145 1797 261 1825 terrae
289 1789 526 1823 fundamenta
565 1792 663 1821 certa
687 1787 861 1832 firmaque
900 1786 1009 1826 iecit,
1044 1791 1086 1820 ut
1108 1790 1325 1831 perpetuum
1353 1796 1392 1818 ea
1417 1785 1496 1818 loco
1525 1796 1601 1820 non

142 1843 374 1878 moveantur,
417 1836 542 1869 desine
571 1835 691 1868 mirari
717 1834 816 1880 quod
840 1833 1038 1879 aliquando
1071 1833 1164 1866 coeli
1191 1838 1289 1865 motu
1315 1833 1526 1877 quiescente
1553 1832 1600 1865 (le

143 1885 382 1919 fundamento
414 1895 479 1917 suo
505 1890 600 1916 terra
633 1894 706 1915 non
734 1881 920 1914 exciderit.
948 1891 1154 1925 quanquam
1189 1880 1285 1912 enim
1312 1880 1432 1912 omnia
1457 1880 1599 1912 ratione

142 1939 290 1966 naturae
324 1937 566 1965 consentanea
606 1930 694 1962 fiant
733 1928 868 1969 hodie,
900 1934 1021 1961 tamen
1046 1928 1075 1960 si
1109 1927 1256 1972 quidem
1282 1927 1334 1959 ita
1357 1932 1507 1960 naturae
1532 1926 1600 1959 do-

142 1981 262 2013 minus
300 1980 365 2013 ille
394 1979 506 2021 velit,
546 1978 656 2011 etiam
685 1988 792 2022 supra
816 1980 967 2009 naturae
992 1975 1089 2020 leges
1117 1974 1280 2007 accidere
1306 1984 1379 2007 non
1406 1985 1521 2019 pauca
1543 1974 1602 2008 vi-

143 2027 279 2061 demus.

236 2074 379 2108 Creavit
412 2074 522 2118 igitur
559 2071 666 2105 initio
696 2071 835 2103 coelum
874 2075 911 2103 et
946 2074 1088 2103 terram.
1120 2074 1157 2102 et
1191 2069 1298 2114 quia,
1324 2068 1418 2101 sicut
1444 2067 1597 2101 eximius

141 2124 207 2156 ille
229 2123 382 2155 Basilius
409 2122 477 2162 ait,
503 2132 548 2153 ex
575 2119 821 2153 obstructione
850 2117 1008 2162 corporis
1042 2117 1209 2150 coelestis
1235 2120 1298 2150 aer
1326 2115 1516 2160 caliginem
1544 2115 1599 2148 al-

142 2176 216 2204 tam
241 2169 410 2203 induerat
450 2168 570 2214 (erant
594 2167 708 2205 euim,
750 2165 872 2210 inquit
896 2166 1034 2206 Moses,
1059 2167 1195 2198 offusae
1223 2164 1353 2207 abysso
1383 2163 1599 2209 tenebrae)5

140 2218 259 2251 lucem
293 2216 386 2250 hane
411 2216 581 2249 sensilem
616 2213 789 2259 produxit
814 2212 926 2253 deus,
963 2218 1003 2245 ut
1026 2213 1064 2245 in
1090 2213 1195 2246 terris
1221 2223 1261 2245 ea
1285 2211 1433 2243 luceret.
1460 2211 1598 2255 quippe

139 2277 215 2299 non
238 2263 478 2298 conveniebat
502 2268 544 2296 ut
570 2262 666 2295 rivus
692 2261 793 2306 quasi
818 2260 963 2305 quidam
992 2265 1028 2293 et
1046 2260 1222 2305 particula
1246 2259 1337 2292 lucis
1362 2258 1462 2290 illius
1487 2257 1598 2290 intel-

140 2313 298 2354 lectius,
324 2322 416 2358 quae
444 2309 653 2356 expertibus
692 2319 828 2341 crassae
854 2307 1016 2340 materiei
1038 2306 1283 2352 potestatibus
1313 2306 1435 2346 adest,
1461 2305 1500 2337 in
1527 2305 1598 2337 hoc

141 2371 257 2394 crasso
286 2365 322 2392 et
349 2358 588 2404 adspectabili
610 2356 744 2390 mundo
788 2355 1074 2400 relinqueretur,
1099 2366 1178 2387 cum
1205 2354 1332 2386 harum
1360 2358 1513 2397 utraque
1539 2352 1597 2383 ni-

140 2407 194 2440 hil
219 2408 315 2440 inter
340 2418 377 2440 se
404 2416 591 2439 commune
617 2404 762 2437 habeat.
789 2415 871 2435 nam
895 2402 984 2435 lucis
1008 2402 1122 2447 ipsius
1142 2402 1282 2435 ratione
1302 2399 1457 2433 mundus
1485 2398 1596 2431 intel-

140 2455 272 2488 lectilis
299 2459 334 2487 et
369 2454 510 2487 sensilis
541 2454 636 2486 inter
660 2463 697 2484 se
723 2451 853 2484 diversi
879 2455 985 2490 sunt,
1013 2456 1050 2484 et
1074 2449 1263 2494 utriusque
1300 2448 1363 2481 lux
1391 2458 1473 2479 suos
1500 2446 1594 2478 intra

139 2502 274 2536 limites
300 2502 476 2541 consistit,
501 2498 804 2546 quemadmodum
834 2497 1025 2542 Gregorius
1059 2497 1266 2541 Theologus
1285 2494 1481 2528 clarissime
1507 2493 1596 2525 scri-

140 2550 223 2593 psit.
253 2550 412 2582 animum
437 2549 548 2592 igitur
572 2549 615 2580 iis
643 2558 736 2592 quae
762 2545 895 2579 dicturi
921 2556 1040 2578 sumus
1066 2543 1223 2577 adverte.
1251 2555 1329 2576 cum
1348 2541 1518 2574 mandato
1536 2539 1594 2573 ‹li-

140 2596 224 2630 vino
252 2597 391 2630 coelum
418 2596 509 2629 circa
535 2606 589 2628 res
612 2594 768 2627 inclusas
795 2591 917 2626 subito
942 2592 1043 2626 velut
1075 2597 1261 2625 extensum
1287 2590 1436 2630 fuisset,
1465 2599 1594 2632 corpo-

143 2654 180 2675 re
218 2644 389 2678 continuo
421 2642 647 2688 praeditum,
685 2640 785 2687 quod
818 2639 924 2672 facile
964 2638 1136 2672 interiora
1166 2648 1333 2683 separare
1359 2636 1403 2669 ab
1429 2634 1592 2669 extrariis

142 2696 289 2736 posset,
326 2690 528 2725 necessario
561 2689 694 2724 factum
721 2694 776 2722 est
799 2693 842 2721 ut
873 2685 1031 2721 inclusus
1055 2687 1150 2721 intra
1174 2685 1314 2720 coelum
1340 2684 1440 2718 locus
1465 2692 1595 2728 expers
