<?xml version="1.0" encoding="UTF-8"?>
<!DOCTYPE html PUBLIC "-//W3C//DTD XHTML 1.0 Transitional//EN"
    "http://www.w3.org/TR/xhtml1/DTD/xhtml1-transitional.dtd">
<html xmlns="http://www.w3.org/1999/xhtml" xml:lang="en" lang="en">
 <head>
  <title>
</title>
<meta http-equiv="Content-Type" content="text/html;charset=utf-8" />
  <meta name='ocr-system' content='tesseract 3.04.00' />
  <meta name='ocr-capabilities' content='ocr_page ocr_carea ocr_par ocr_line ocrx_word'/>
</head>
<body>
  <div class='ocr_page' id='page_1' title='image "./corpusscriptorum37niebuoft_0291.png"; bbox 0 0 1826 3120; ppageno 0'>
   <div class='ocr_carea' id='block_1_1' title="bbox 609 99 1591 189">
    <p class='ocr_par' dir='ltr' id='par_1_1' title="bbox 609 99 1591 189">
     <span class='ocr_line' id='line_1_1' title="bbox 609 99 1591 189; baseline -0.002 -17"><span class='ocrx_word' id='word_1_1' title='bbox 609 132 888 173; x_wconf 70' lang='lat' dir='ltr'>ANNAUUM</span> <span class='ocrx_word' id='word_1_2' title='bbox 930 132 1064 174; x_wconf 74' lang='lat' dir='ltr'>PARS</span> <span class='ocrx_word' id='word_1_3' title='bbox 1102 137 1152 174; x_wconf 85' lang='lat'><strong>11.</strong></span> <span class='ocrx_word' id='word_1_4' title='bbox 1370 99 1378 106; x_wconf 54' lang='lat'><em>⁰</em></span> <span class='ocrx_word' id='word_1_5' title='bbox 1482 117 1591 189; x_wconf 78' lang='lat'><strong>269</strong></span> 
     </span>
    </p>
   </div>
   <div class='ocr_carea' id='block_1_2' title="bbox 83 229 1642 1756">
    <p class='ocr_par' dir='ltr' id='par_1_2' title="bbox 143 229 1596 494">
     <span class='ocr_line' id='line_1_2' title="bbox 260 229 1593 291; baseline -0.006 -12"><span class='ocrx_word' id='word_1_6' title='bbox 260 231 393 285; x_wconf 74' lang='grc' dir='ltr'><em>Οὗτος</em></span> <span class='ocrx_word' id='word_1_7' title='bbox 433 237 510 286; x_wconf 81' lang='grc' dir='ltr'><em>μὲν</em></span> <span class='ocrx_word' id='word_1_8' title='bbox 540 229 614 275; x_wconf 74' lang='grc' dir='ltr'><em>οὖν</em></span> <span class='ocrx_word' id='word_1_9' title='bbox 660 235 925 289; x_wconf 71' lang='grc' dir='ltr'><em>Ἀλέξανδρος</em></span> <span class='ocrx_word' id='word_1_10' title='bbox 963 236 1034 277; x_wconf 79' lang='grc' dir='ltr'><em>καί</em></span> <span class='ocrx_word' id='word_1_11' title='bbox 1072 239 1202 291; x_wconf 74' lang='grc' dir='ltr'><em>μέχρι</em></span> <span class='ocrx_word' id='word_1_12' title='bbox 1242 239 1323 279; x_wconf 70' lang='grc' dir='ltr'><em>τῶν</em></span> <span class='ocrx_word' id='word_1_13' title='bbox 1359 237 1593 280; x_wconf 52' lang='lat' dir='ltr'><strong>&amp;indormiscunt</strong></span> 
     </span>
     <span class='ocr_line' id='line_1_3' title="bbox 143 299 1593 359; baseline 0.001 -13"><span class='ocrx_word' id='word_1_14' title='bbox 143 299 281 349; x_wconf 69' lang='grc' dir='ltr'><em>Ἰνδῶν</em></span> <span class='ocrx_word' id='word_1_15' title='bbox 308 303 381 344; x_wconf 81' lang='grc' dir='ltr'>καί</span> <span class='ocrx_word' id='word_1_16' title='bbox 410 301 541 343; x_wconf 65' lang='grc' dir='ltr'><em>αὐτοῦ</em></span> <span class='ocrx_word' id='word_1_17' title='bbox 569 302 645 344; x_wconf 77' lang='grc' dir='ltr'><em>τοῦ</em></span> <span class='ocrx_word' id='word_1_18' title='bbox 673 301 857 342; x_wconf 65' lang='grc' dir='ltr'><em>ὠκεανοῦ</em></span> <span class='ocrx_word' id='word_1_19' title='bbox 893 301 966 343; x_wconf 78' lang='grc' dir='ltr'><em>καί</em></span> <span class='ocrx_word' id='word_1_20' title='bbox 1003 306 1075 356; x_wconf 77' lang='grc' dir='ltr'><em>τῆς</em></span> <span class='ocrx_word' id='word_1_21' title='bbox 1114 304 1307 358; x_wconf 79' lang='grc' dir='ltr'><em>μεγίστης</em></span> <span class='ocrx_word' id='word_1_22' title='bbox 1343 302 1472 359; x_wconf 77' lang='grc' dir='ltr'><em>νήσου</em></span> <span class='ocrx_word' id='word_1_23' title='bbox 1508 307 1593 347; x_wconf 77' lang='grc' dir='ltr'><strong>τῶν</strong></span> 
     </span>
     <span class='ocr_line' id='line_1_4' title="bbox 147 361 1596 425; baseline 0 -13"><span class='ocrx_word' id='word_1_24' title='bbox 147 370 415 425; x_wconf 75' lang='grc' dir='ltr'><em>Βραχμάνων</em></span> <span class='ocrx_word' id='word_1_25' title='bbox 438 368 624 423; x_wconf 69' lang='grc' dir='ltr'><em>φθάσας,</em></span> <span class='ocrx_word' id='word_1_26' title='bbox 646 361 705 409; x_wconf 73' lang='grc' dir='ltr'><em>ὧν</em></span> <span class='ocrx_word' id='word_1_27' title='bbox 722 367 793 408; x_wconf 81' lang='grc' dir='ltr'>καί</span> <span class='ocrx_word' id='word_1_28' title='bbox 814 366 888 409; x_wconf 85' lang='grc' dir='ltr'><strong>τὸν</strong></span> <span class='ocrx_word' id='word_1_29' title='bbox 905 368 1148 421; x_wconf 70' lang='grc' dir='ltr'><em>θαυμάσιον</em></span> <span class='ocrx_word' id='word_1_30' title='bbox 1166 370 1259 422; x_wconf 82' lang='grc' dir='ltr'><em>βίον</em></span> <span class='ocrx_word' id='word_1_31' title='bbox 1279 371 1507 423; x_wconf 73' lang='grc' dir='ltr'><strong><em>θαυμάσας</em></strong></span> <span class='ocrx_word' id='word_1_32' title='bbox 1522 371 1596 412; x_wconf 82' lang='grc' dir='ltr'><strong><em>καί</em></strong></span> 
     </span>
     <span class='ocr_line' id='line_1_5' title="bbox 145 431 1595 494; baseline -0.001 -15"><span class='ocrx_word' id='word_1_33' title='bbox 145 436 222 491; x_wconf 77' lang='grc' dir='ltr'><em>τὴν</em></span> <span class='ocrx_word' id='word_1_34' title='bbox 250 436 310 484; x_wconf 77' lang='grc' dir='ltr'><strong>εἷς</strong></span> <span class='ocrx_word' id='word_1_35' title='bbox 341 434 442 476; x_wconf 76' lang='grc' dir='ltr'><em>θεὸν</em></span> <span class='ocrx_word' id='word_1_36' title='bbox 483 431 700 487; x_wconf 66' lang='grc' dir='ltr'><em>εὐσέβειάν</em></span> <span class='ocrx_word' id='word_1_37' title='bbox 736 449 779 476; x_wconf 89' lang='grc' dir='ltr'><strong>τε</strong></span> <span class='ocrx_word' id='word_1_38' title='bbox 807 436 879 476; x_wconf 84' lang='grc' dir='ltr'><em>καί</em></span> <span class='ocrx_word' id='word_1_39' title='bbox 905 437 1103 490; x_wconf 76' lang='grc' dir='ltr'><em>λατρείαν</em></span> <span class='ocrx_word' id='word_1_40' title='bbox 1135 433 1361 491; x_wconf 76' lang='grc' dir='ltr'><em>ἐξεπλάγη,</em></span> <span class='ocrx_word' id='word_1_41' title='bbox 1389 439 1435 479; x_wconf 81' lang='grc' dir='ltr'><em>ἐν</em></span> <span class='ocrx_word' id='word_1_42' title='bbox 1462 432 1494 494; x_wconf 78' lang='grc' dir='ltr'><em>ᾦ</em></span> <span class='ocrx_word' id='word_1_43' title='bbox 1525 436 1595 478; x_wconf 85' lang='grc' dir='ltr'><em>τό-</em></span> 
     </span>
    </p>

    <p class='ocr_par' dir='ltr' id='par_1_3' title="bbox 109 498 1636 823">
     <span class='ocr_line' id='line_1_6' title="bbox 109 498 1596 561; baseline -0.001 -17"><span class='ocrx_word' id='word_1_44' title='bbox 109 506 208 561; x_wconf 63' lang='lat' dir='ltr'><strong>Suq)</strong></span> <span class='ocrx_word' id='word_1_45' title='bbox 238 501 311 543; x_wconf 85' lang='grc' dir='ltr'><em>καί</em></span> <span class='ocrx_word' id='word_1_46' title='bbox 350 498 504 555; x_wconf 71' lang='grc' dir='ltr'><em>στήλην</em></span> <span class='ocrx_word' id='word_1_47' title='bbox 541 500 699 555; x_wconf 85' lang='grc' dir='ltr'><em>στήσας</em></span> <span class='ocrx_word' id='word_1_48' title='bbox 743 500 989 554; x_wconf 71' lang='grc' dir='ltr'><em>ὑπέγραψεν</em></span> <span class='ocrx_word' id='word_1_49' title='bbox 1027 499 1136 554; x_wconf 55' lang='lat' dir='ltr'><strong>„syrii</strong></span> <span class='ocrx_word' id='word_1_50' title='bbox 1166 503 1297 556; x_wconf 82' lang='grc' dir='ltr'><em>μέγας</em></span> <span class='ocrx_word' id='word_1_51' title='bbox 1324 503 1596 557; x_wconf 77' lang='grc' dir='ltr'><em>Ἀλέξανδρος</em></span> 
     </span>
     <span class='ocr_line' id='line_1_7' title="bbox 143 566 1636 626; baseline -0.001 -14"><span class='ocrx_word' id='word_1_52' title='bbox 143 567 345 624; x_wconf 75' lang='grc' dir='ltr'><em>βασιλεύς</em></span> <span class='ocrx_word' id='word_1_53' title='bbox 383 566 556 623; x_wconf 77' lang='grc' dir='ltr'><em>ἔφθασα</em></span> <span class='ocrx_word' id='word_1_54' title='bbox 594 566 721 619; x_wconf 78' lang='grc' dir='ltr'><em>μέχρι</em></span> <span class='ocrx_word' id='word_1_55' title='bbox 748 566 933 608; x_wconf 81' lang='grc' dir='ltr'><em>τούτου.”</em></span> <span class='ocrx_word' id='word_1_56' title='bbox 1002 568 1046 608; x_wconf 82' lang='grc' dir='ltr'><em>ἐν</em></span> <span class='ocrx_word' id='word_1_57' title='bbox 1076 569 1208 625; x_wconf 81' lang='grc' dir='ltr'><em>ἐκείνῃ</em></span> <span class='ocrx_word' id='word_1_58' title='bbox 1237 571 1288 626; x_wconf 84' lang='grc' dir='ltr'><em>τῇ</em></span> <span class='ocrx_word' id='word_1_59' title='bbox 1313 566 1422 626; x_wconf 74' lang='grc' dir='ltr'><em>νήσῳ</em></span> <span class='ocrx_word' id='word_1_60' title='bbox 1454 577 1636 611; x_wconf 75' lang='lat' dir='ltr'><strong>uarat-C</strong></span> 
     </span>
     <span class='ocr_line' id='line_1_8' title="bbox 145 630 1598 688; baseline -0.001 -10"><span class='ocrx_word' id='word_1_61' title='bbox 145 638 290 678; x_wconf 80' lang='grc' dir='ltr'><em>κοῦσιν</em></span> <span class='ocrx_word' id='word_1_62' title='bbox 319 633 359 676; x_wconf 78' lang='grc' dir='ltr'><strong>οἱ</strong></span> <span class='ocrx_word' id='word_1_63' title='bbox 383 633 594 688; x_wconf 80' lang='grc' dir='ltr'><em>λεγόμενοι</em></span> <span class='ocrx_word' id='word_1_64' title='bbox 623 630 894 686; x_wconf 67' lang='grc' dir='ltr'><em>Ιηακρόβιοι·</em></span> <span class='ocrx_word' id='word_1_65' title='bbox 952 633 1054 683; x_wconf 77' lang='grc' dir='ltr'><em>ζῶσι</em></span> <span class='ocrx_word' id='word_1_66' title='bbox 1080 632 1160 688; x_wconf 82' lang='grc' dir='ltr'><em>γὰρ</em></span> <span class='ocrx_word' id='word_1_67' title='bbox 1194 636 1332 676; x_wconf 69' lang='grc' dir='ltr'><em>αὐτῶν</em></span> <span class='ocrx_word' id='word_1_68' title='bbox 1363 634 1402 676; x_wconf 84' lang='grc' dir='ltr'><strong>οἱ</strong></span> <span class='ocrx_word' id='word_1_69' title='bbox 1428 639 1598 687; x_wconf 85' lang='grc' dir='ltr'><em>πλείους</em></span> 
     </span>
     <span class='ocr_line' id='line_1_9' title="bbox 146 695 1598 757; baseline 0 -13"><span class='ocrx_word' id='word_1_70' title='bbox 146 703 246 756; x_wconf 78' lang='grc' dir='ltr'><em>περὶ</em></span> <span class='ocrx_word' id='word_1_71' title='bbox 271 699 321 743; x_wconf 86' lang='grc' dir='ltr'><em>τοὶ</em></span> <span class='ocrx_word' id='word_1_72' title='bbox 354 696 497 742; x_wconf 75' lang='grc' dir='ltr'><em>ἑκατὸν</em></span> <span class='ocrx_word' id='word_1_73' title='bbox 525 695 772 754; x_wconf 81' lang='grc' dir='ltr'><em>πεντήκοντα</em></span> <span class='ocrx_word' id='word_1_74' title='bbox 801 696 870 753; x_wconf 81' lang='grc' dir='ltr'><em>ἔτη</em></span> <span class='ocrx_word' id='word_1_75' title='bbox 901 698 970 740; x_wconf 72' lang='grc' dir='ltr'><em>διὰ</em></span> <span class='ocrx_word' id='word_1_76' title='bbox 1003 698 1079 754; x_wconf 78' lang='grc' dir='ltr'><strong>τὴν</strong></span> <span class='ocrx_word' id='word_1_77' title='bbox 1108 701 1186 740; x_wconf 79' lang='grc' dir='ltr'><em>τοῦ</em></span> <span class='ocrx_word' id='word_1_78' title='bbox 1215 701 1338 755; x_wconf 75' lang='grc' dir='ltr'><em>α’έρος</em></span> <span class='ocrx_word' id='word_1_79' title='bbox 1368 703 1598 757; x_wconf 67' lang='grc' dir='ltr'><em>εὐκρασίαν</em></span> 
     </span>
     <span class='ocr_line' id='line_1_10' title="bbox 145 765 1600 823; baseline 0 -13"><span class='ocrx_word' id='word_1_80' title='bbox 145 770 219 810; x_wconf 77' lang='grc' dir='ltr'>καί</span> <span class='ocrx_word' id='word_1_81' title='bbox 256 766 304 810; x_wconf 78' lang='grc' dir='ltr'><em>τὰ</em></span> <span class='ocrx_word' id='word_1_82' title='bbox 342 765 640 820; x_wconf 79' lang='grc' dir='ltr'><em>οἷνεξερεύνητα</em></span> <span class='ocrx_word' id='word_1_83' title='bbox 685 765 763 806; x_wconf 80' lang='grc' dir='ltr'><em>τοῦ</em></span> <span class='ocrx_word' id='word_1_84' title='bbox 793 767 901 806; x_wconf 73' lang='grc' dir='ltr'><em>θεοῦ</em></span> <span class='ocrx_word' id='word_1_85' title='bbox 931 766 1127 820; x_wconf 81' lang='grc' dir='ltr'><em>κρίματα.</em></span> <span class='ocrx_word' id='word_1_86' title='bbox 1186 765 1496 823; x_wconf 77' lang='grc' dir='ltr'><em>ἐκεῖσε.,ὅπώρα</em></span> <span class='ocrx_word' id='word_1_87' title='bbox 1525 767 1600 810; x_wconf 86' lang='grc' dir='ltr'><strong>τὸν</strong></span> 
     </span>
    </p>

    <p class='ocr_par' dir='ltr' id='par_1_4' title="bbox 87 826 1606 1158">
     <span class='ocr_line' id='line_1_11' title="bbox 87 826 1597 889; baseline -0.002 -10"><span class='ocrx_word' id='word_1_88' title='bbox 87 832 324 879; x_wconf 76' lang='grc' dir='ltr'><em>ιοοῗπαντα,</em></span> <span class='ocrx_word' id='word_1_89' title='bbox 346 831 499 888; x_wconf 85' lang='grc' dir='ltr'><em>χρόνον</em></span> <span class='ocrx_word' id='word_1_90' title='bbox 545 831 596 871; x_wconf 76' lang='grc' dir='ltr'><strong>οὔ</strong></span> <span class='ocrx_word' id='word_1_91' title='bbox 635 834 783 873; x_wconf 78' lang='grc' dir='ltr'><em>λείπει.</em></span> <span class='ocrx_word' id='word_1_92' title='bbox 849 833 940 874; x_wconf 80' lang='grc' dir='ltr'><em>ἐκεῖ</em></span> <span class='ocrx_word' id='word_1_93' title='bbox 972 830 1025 873; x_wconf 77' lang='grc' dir='ltr'><em>τιὲ</em></span> <span class='ocrx_word' id='word_1_94' title='bbox 1066 826 1244 885; x_wconf 84' lang='grc' dir='ltr'><em>μέγιστα</em></span> <span class='ocrx_word' id='word_1_95' title='bbox 1272 830 1411 889; x_wconf 73' lang='grc' dir='ltr'><em>κάρυα</em></span> <span class='ocrx_word' id='word_1_96' title='bbox 1445 835 1517 876; x_wconf 79' lang='grc' dir='ltr'><strong>καὶ</strong></span> <span class='ocrx_word' id='word_1_97' title='bbox 1547 835 1597 876; x_wconf 78' lang='grc' dir='ltr'><em>τοὶ</em></span> 
     </span>
     <span class='ocr_line' id='line_1_12' title="bbox 146 896 1600 956; baseline -0.001 -12"><span class='ocrx_word' id='word_1_98' title='bbox 146 898 407 955; x_wconf 74' lang='grc' dir='ltr'><em>δυσπόριστα</em></span> <span class='ocrx_word' id='word_1_99' title='bbox 447 896 654 954; x_wconf 76' lang='grc' dir='ltr'><em>ἅροόματα</em></span> <span class='ocrx_word' id='word_1_100' title='bbox 684 900 755 939; x_wconf 84' lang='grc' dir='ltr'><strong><em>καί</em></strong></span> <span class='ocrx_word' id='word_1_101' title='bbox 793 898 819 954; x_wconf 83' lang='grc' dir='ltr'><em>ἦ</em></span> <span class='ocrx_word' id='word_1_102' title='bbox 848 899 1075 953; x_wconf 66' lang='grc' dir='ltr'><em>Μαγνῆτις</em></span> <span class='ocrx_word' id='word_1_103' title='bbox 1103 901 1241 947; x_wconf 74' lang='grc' dir='ltr'><em>λίθος·</em></span> <span class='ocrx_word' id='word_1_104' title='bbox 1298 903 1401 956; x_wconf 85' lang='grc' dir='ltr'><em>παρ’</em></span> <span class='ocrx_word' id='word_1_105' title='bbox 1431 897 1493 949; x_wconf 81' lang='grc' dir='ltr'><em>οἷς</em></span> <span class='ocrx_word' id='word_1_106' title='bbox 1524 902 1600 942; x_wconf 69' lang='grc' dir='ltr'><strong>οὐκ</strong></span> 
     </span>
     <span class='ocr_line' id='line_1_13' title="bbox 145 960 1606 1022; baseline -0.001 -12"><span class='ocrx_word' id='word_1_107' title='bbox 145 967 232 1010; x_wconf 79' lang='grc' dir='ltr'><em>ἔστι</em></span> <span class='ocrx_word' id='word_1_108' title='bbox 259 963 537 1021; x_wconf 77' lang='grc' dir='ltr'><em>τετράποὸον,</em></span> <span class='ocrx_word' id='word_1_109' title='bbox 569 965 644 1006; x_wconf 70' lang='grc' dir='ltr'><strong>οὐκ</strong></span> <span class='ocrx_word' id='word_1_110' title='bbox 672 960 801 1018; x_wconf 81' lang='grc' dir='ltr'><em>οἶνος,</em></span> <span class='ocrx_word' id='word_1_111' title='bbox 835 965 911 1006; x_wconf 72' lang='grc' dir='ltr'><strong>ουέι</strong></span> <span class='ocrx_word' id='word_1_112' title='bbox 940 961 1087 1020; x_wconf 76' lang='grc' dir='ltr'><em>ἄρτος,</em></span> <span class='ocrx_word' id='word_1_113' title='bbox 1118 966 1200 1019; x_wconf 73' lang='grc' dir='ltr'><strong>οὔχ</strong></span> <span class='ocrx_word' id='word_1_114' title='bbox 1227 963 1405 1019; x_wconf 83' lang='grc' dir='ltr'><em>ἱμάτιον.</em></span> <span class='ocrx_word' id='word_1_115' title='bbox 1446 970 1606 1022; x_wconf 80' lang='grc' dir='ltr'><em>μικρᾶς,</em></span> 
     </span>
     <span class='ocr_line' id='line_1_14' title="bbox 145 1029 1599 1087; baseline -0.001 -12"><span class='ocrx_word' id='word_1_116' title='bbox 145 1037 194 1078; x_wconf 78' lang='grc' dir='ltr'><strong>δὲ</strong></span> <span class='ocrx_word' id='word_1_117' title='bbox 227 1034 396 1087; x_wconf 77' lang='grc' dir='ltr'><em>ὀπώρας</em></span> <span class='ocrx_word' id='word_1_118' title='bbox 425 1031 499 1073; x_wconf 80' lang='grc' dir='ltr'><em>καί</em></span> <span class='ocrx_word' id='word_1_119' title='bbox 536 1029 690 1081; x_wconf 74' lang='grc' dir='ltr'><em>ὕδατος</em></span> <span class='ocrx_word' id='word_1_120' title='bbox 719 1032 984 1074; x_wconf 79' lang='grc' dir='ltr'><em>α’πολαύουσι</em></span> <span class='ocrx_word' id='word_1_121' title='bbox 1022 1031 1095 1074; x_wconf 84' lang='grc' dir='ltr'><strong>τόν</strong></span> <span class='ocrx_word' id='word_1_122' title='bbox 1124 1031 1314 1085; x_wconf 82' lang='grc' dir='ltr'><em>ποταμὸν</em></span> <span class='ocrx_word' id='word_1_123' title='bbox 1347 1035 1599 1087; x_wconf 78' lang='grc' dir='ltr'><em>παροικοῦν-</em></span> 
     </span>
     <span class='ocr_line' id='line_1_15' title="bbox 144 1095 1602 1158; baseline -0.001 -14"><span class='ocrx_word' id='word_1_124' title='bbox 144 1117 213 1153; x_wconf 81' lang='grc' dir='ltr'><strong>τες</strong></span> <span class='ocrx_word' id='word_1_125' title='bbox 242 1100 315 1143; x_wconf 75' lang='grc' dir='ltr'><strong>καὶ</strong></span> <span class='ocrx_word' id='word_1_126' title='bbox 338 1102 394 1158; x_wconf 72' lang='grc' dir='ltr'><em>τῷ</em></span> <span class='ocrx_word' id='word_1_127' title='bbox 421 1100 510 1156; x_wconf 72' lang='grc' dir='ltr'><em>θεῷ</em></span> <span class='ocrx_word' id='word_1_128' title='bbox 533 1101 710 1154; x_wconf 84' lang='grc' dir='ltr'><em>γνησίως</em></span> <span class='ocrx_word' id='word_1_129' title='bbox 738 1097 1021 1154; x_wconf 82' lang='grc' dir='ltr'><em>λατρεύοντες.</em></span> <span class='ocrx_word' id='word_1_130' title='bbox 1092 1097 1166 1141; x_wconf 85' lang='grc' dir='ltr'><em>καί</em></span> <span class='ocrx_word' id='word_1_131' title='bbox 1192 1098 1230 1140; x_wconf 81' lang='grc' dir='ltr'><strong>οἱ</strong></span> <span class='ocrx_word' id='word_1_132' title='bbox 1258 1102 1337 1152; x_wconf 82' lang='grc' dir='ltr'><em>μὲν</em></span> <span class='ocrx_word' id='word_1_133' title='bbox 1363 1095 1514 1154; x_wconf 71' lang='grc' dir='ltr'><em>ἄνδρες</em></span> <span class='ocrx_word' id='word_1_134' title='bbox 1542 1102 1602 1148; x_wconf 84' lang='grc' dir='ltr'><strong>εἰς</strong></span> 
     </span>
    </p>

    <p class='ocr_par' dir='ltr' id='par_1_5' title="bbox 86 1165 1642 1489">
     <span class='ocr_line' id='line_1_16' title="bbox 86 1165 1601 1221; baseline -0.004 -9"><span class='ocrx_word' id='word_1_135' title='bbox 86 1165 336 1221; x_wconf 70' lang='grc' dir='ltr'><em>15ποταμὸν</em></span> <span class='ocrx_word' id='word_1_136' title='bbox 378 1167 677 1220; x_wconf 76' lang='grc' dir='ltr'><em>παροικοῦσιν,</em></span> <span class='ocrx_word' id='word_1_137' title='bbox 717 1165 762 1207; x_wconf 79' lang='grc' dir='ltr'><strong>αἱ</strong></span> <span class='ocrx_word' id='word_1_138' title='bbox 804 1167 850 1207; x_wconf 76' lang='grc' dir='ltr'><strong>δὲ</strong></span> <span class='ocrx_word' id='word_1_139' title='bbox 886 1171 1076 1220; x_wconf 82' lang='grc' dir='ltr'><em>γυναῖκες</em></span> <span class='ocrx_word' id='word_1_140' title='bbox 1119 1167 1260 1208; x_wconf 77' lang='grc' dir='ltr'><em>αυ’τῶν</em></span> <span class='ocrx_word' id='word_1_141' title='bbox 1299 1167 1492 1208; x_wconf 75' lang='grc' dir='ltr'><em>ἐντεῦθέν</em></span> <span class='ocrx_word' id='word_1_142' title='bbox 1517 1169 1601 1208; x_wconf 81' lang='grc' dir='ltr'><em>εἰσι</em></span> 
     </span>
     <span class='ocr_line' id='line_1_17' title="bbox 144 1230 1642 1288; baseline -0.003 -10"><span class='ocrx_word' id='word_1_143' title='bbox 144 1237 221 1278; x_wconf 76' lang='grc' dir='ltr'><em>τοῦ</em></span> <span class='ocrx_word' id='word_1_144' title='bbox 259 1235 450 1287; x_wconf 82' lang='grc' dir='ltr'><em>ποταμοῦ</em></span> <span class='ocrx_word' id='word_1_145' title='bbox 480 1233 646 1286; x_wconf 75' lang='grc' dir='ltr'><em>Γάγγου</em></span> <span class='ocrx_word' id='word_1_146' title='bbox 688 1235 762 1274; x_wconf 85' lang='grc' dir='ltr'><em>τοῦ</em></span> <span class='ocrx_word' id='word_1_147' title='bbox 789 1235 1100 1288; x_wconf 83' lang='grc' dir='ltr'><em>παραρρέοντος</em></span> <span class='ocrx_word' id='word_1_148' title='bbox 1135 1232 1195 1282; x_wconf 85' lang='grc' dir='ltr'><strong>εἰς</strong></span> <span class='ocrx_word' id='word_1_149' title='bbox 1222 1230 1293 1274; x_wconf 82' lang='grc' dir='ltr'><strong>τὸν</strong></span> <span class='ocrx_word' id='word_1_150' title='bbox 1323 1231 1507 1275; x_wconf 76' lang='grc' dir='ltr'><em>ω’κεανὸν</em></span> <span class='ocrx_word' id='word_1_151' title='bbox 1530 1234 1642 1275; x_wconf 79' lang='grc' dir='ltr'><em>ε’πίἱ)</em></span> 
     </span>
     <span class='ocr_line' id='line_1_18' title="bbox 145 1295 1602 1356; baseline -0.003 -12"><span class='ocrx_word' id='word_1_152' title='bbox 145 1301 192 1344; x_wconf 85' lang='grc' dir='ltr'><em>τὸ</em></span> <span class='ocrx_word' id='word_1_153' title='bbox 223 1304 351 1356; x_wconf 85' lang='grc' dir='ltr'><em>μέρος</em></span> <span class='ocrx_word' id='word_1_154' title='bbox 383 1302 456 1354; x_wconf 78' lang='grc' dir='ltr'><strong>τῆς</strong></span> <span class='ocrx_word' id='word_1_155' title='bbox 487 1300 649 1348; x_wconf 74' lang='grc' dir='ltr'><em>Ἰνδίας.</em></span> <span class='ocrx_word' id='word_1_156' title='bbox 725 1301 798 1341; x_wconf 84' lang='grc' dir='ltr'><em>καί</em></span> <span class='ocrx_word' id='word_1_157' title='bbox 825 1298 865 1341; x_wconf 80' lang='grc' dir='ltr'><strong>οἱ</strong></span> <span class='ocrx_word' id='word_1_158' title='bbox 904 1301 983 1352; x_wconf 80' lang='grc' dir='ltr'><em>μὲν</em></span> <span class='ocrx_word' id='word_1_159' title='bbox 1022 1295 1172 1354; x_wconf 65' lang='grc' dir='ltr'><em>ἄνδρες</em></span> <span class='ocrx_word' id='word_1_160' title='bbox 1201 1301 1359 1353; x_wconf 77' lang='grc' dir='ltr'><em>περῶσι</em></span> <span class='ocrx_word' id='word_1_161' title='bbox 1390 1298 1496 1355; x_wconf 84' lang='grc' dir='ltr'><em>πρὸς</em></span> <span class='ocrx_word' id='word_1_162' title='bbox 1524 1298 1602 1348; x_wconf 76' lang='grc' dir='ltr'><strong>τὰς</strong></span> 
     </span>
     <span class='ocr_line' id='line_1_19' title="bbox 143 1361 1600 1424; baseline -0.003 -14"><span class='ocrx_word' id='word_1_163' title='bbox 143 1374 344 1424; x_wconf 83' lang='grc' dir='ltr'><em>γυναῖκας</em></span> <span class='ocrx_word' id='word_1_164' title='bbox 368 1365 536 1410; x_wconf 75' lang='grc' dir='ltr'><em>Ἰούλιον</em></span> <span class='ocrx_word' id='word_1_165' title='bbox 564 1366 637 1408; x_wconf 80' lang='grc' dir='ltr'><em>καί</em></span> <span class='ocrx_word' id='word_1_166' title='bbox 652 1361 920 1420; x_wconf 67' lang='grc' dir='ltr'><em>Αὔγουστον,</em></span> <span class='ocrx_word' id='word_1_167' title='bbox 950 1366 1051 1420; x_wconf 88' lang='grc' dir='ltr'><em>παρ’</em></span> <span class='ocrx_word' id='word_1_168' title='bbox 1070 1362 1133 1415; x_wconf 84' lang='grc' dir='ltr'><em>οἷς</em></span> <span class='ocrx_word' id='word_1_169' title='bbox 1163 1365 1405 1420; x_wconf 78' lang='grc' dir='ltr'><em>ὑπάρχουσι</em></span> <span class='ocrx_word' id='word_1_170' title='bbox 1435 1365 1600 1421; x_wconf 73' lang='grc' dir='ltr'><em>ψυχρό·</em></span> 
     </span>
     <span class='ocr_line' id='line_1_20' title="bbox 152 1428 1601 1489; baseline -0.001 -13"><span class='ocrx_word' id='word_1_171' title='bbox 152 1450 280 1489; x_wconf 80' lang='grc' dir='ltr'><em>τεροι,</em></span> <span class='ocrx_word' id='word_1_172' title='bbox 308 1436 382 1476; x_wconf 82' lang='grc' dir='ltr'><em>τοῦ</em></span> <span class='ocrx_word' id='word_1_173' title='bbox 404 1434 521 1488; x_wconf 68' lang='grc' dir='ltr'><em>ἡλίου</em></span> <span class='ocrx_word' id='word_1_174' title='bbox 543 1431 649 1488; x_wconf 85' lang='grc' dir='ltr'><em>πρὸς</em></span> <span class='ocrx_word' id='word_1_175' title='bbox 669 1432 778 1488; x_wconf 77' lang='grc' dir='ltr'><em>ἡμᾶς</em></span> <span class='ocrx_word' id='word_1_176' title='bbox 807 1431 1064 1485; x_wconf 76' lang='grc' dir='ltr'><em>ὖψωθὲντος.</em></span> <span class='ocrx_word' id='word_1_177' title='bbox 1094 1432 1324 1487; x_wconf 75' lang='grc' dir='ltr'><em>τηνικαῦτα</em></span> <span class='ocrx_word' id='word_1_178' title='bbox 1339 1431 1418 1486; x_wconf 81' lang='grc' dir='ltr'><em>γὰρ</em></span> <span class='ocrx_word' id='word_1_179' title='bbox 1448 1428 1601 1487; x_wconf 64' lang='grc' dir='ltr'><em>εὔκρα-</em></span> 
     </span>
    </p>

    <p class='ocr_par' dir='ltr' id='par_1_6' title="bbox 83 1495 1601 1756">
     <span class='ocr_line' id='line_1_21' title="bbox 83 1495 1601 1556; baseline -0.003 -12"><span class='ocrx_word' id='word_1_180' title='bbox 83 1515 137 1546; x_wconf 80' lang='lat'><strong>20</strong></span> <span class='ocrx_word' id='word_1_181' title='bbox 150 1517 212 1544; x_wconf 82' lang='grc' dir='ltr'><strong>τοι</strong></span> <span class='ocrx_word' id='word_1_182' title='bbox 229 1498 444 1556; x_wconf 83' lang='grc' dir='ltr'><em>γενόμενοι</em></span> <span class='ocrx_word' id='word_1_183' title='bbox 470 1498 575 1554; x_wconf 84' lang='grc' dir='ltr'><em>πρὸς</em></span> <span class='ocrx_word' id='word_1_184' title='bbox 603 1495 770 1551; x_wconf 80' lang='grc' dir='ltr'><em>οἶστρον</em></span> <span class='ocrx_word' id='word_1_185' title='bbox 792 1501 1000 1540; x_wconf 72' lang='grc' dir='ltr'><em>κινεῖσθαι</em></span> <span class='ocrx_word' id='word_1_186' title='bbox 1027 1501 1223 1553; x_wconf 83' lang='grc' dir='ltr'><em>λέγονται.</em></span> <span class='ocrx_word' id='word_1_187' title='bbox 1253 1501 1328 1540; x_wconf 86' lang='grc' dir='ltr'><em>καί</em></span> <span class='ocrx_word' id='word_1_188' title='bbox 1355 1499 1601 1554; x_wconf 82' lang='grc' dir='ltr'><em>ποιήσαντες</em></span> 
     </span>
     <span class='ocr_line' id='line_1_22' title="bbox 148 1562 1600 1622; baseline -0.004 -11"><span class='ocrx_word' id='word_1_189' title='bbox 148 1567 252 1622; x_wconf 76' lang='grc' dir='ltr'><em>μετὰ</em></span> <span class='ocrx_word' id='word_1_190' title='bbox 272 1568 353 1610; x_wconf 77' lang='grc' dir='ltr'><strong>τῶν</strong></span> <span class='ocrx_word' id='word_1_191' title='bbox 372 1568 586 1621; x_wconf 74' lang='grc' dir='ltr'><em>γυναικῶν</em></span> <span class='ocrx_word' id='word_1_192' title='bbox 606 1567 748 1607; x_wconf 71' lang='grc' dir='ltr'><em>αὔταῖν</em></span> <span class='ocrx_word' id='word_1_193' title='bbox 767 1565 927 1620; x_wconf 78' lang='grc' dir='ltr'><em>ἡμέρας</em></span> <span class='ocrx_word' id='word_1_194' title='bbox 951 1562 1266 1619; x_wconf 79' lang='grc' dir='ltr'><em>τεσσαράκοντα</em></span> <span class='ocrx_word' id='word_1_195' title='bbox 1286 1566 1412 1607; x_wconf 78' lang='grc' dir='ltr'><em>πάλιν</em></span> <span class='ocrx_word' id='word_1_196' title='bbox 1432 1566 1600 1607; x_wconf 81' lang='grc' dir='ltr'><em>α’ντιπε-</em></span> 
     </span>
     <span class='ocr_line' id='line_1_23' title="bbox 145 1628 1597 1690; baseline -0.001 -14"><span class='ocrx_word' id='word_1_197' title='bbox 145 1638 265 1690; x_wconf 80' lang='grc' dir='ltr'><em>ρῶσι.</em></span> <span class='ocrx_word' id='word_1_198' title='bbox 321 1631 470 1687; x_wconf 74' lang='grc' dir='ltr'><em>μεθ’-ὃ</em></span> <span class='ocrx_word' id='word_1_199' title='bbox 501 1634 547 1675; x_wconf 78' lang='grc' dir='ltr'><strong>δὲ</strong></span> <span class='ocrx_word' id='word_1_200' title='bbox 578 1634 671 1689; x_wconf 82' lang='grc' dir='ltr'><em>τέκῃ</em></span> <span class='ocrx_word' id='word_1_201' title='bbox 702 1632 726 1686; x_wconf 81' lang='grc' dir='ltr'><em>ἦ</em></span> <span class='ocrx_word' id='word_1_202' title='bbox 757 1631 856 1687; x_wconf 72' lang='grc' dir='ltr'><em>γυνὴ</em></span> <span class='ocrx_word' id='word_1_203' title='bbox 888 1628 963 1673; x_wconf 78' lang='grc' dir='ltr'><strong>δύο</strong></span> <span class='ocrx_word' id='word_1_204' title='bbox 991 1633 1168 1685; x_wconf 80' lang='grc' dir='ltr'><em>παῖδας,</em></span> <span class='ocrx_word' id='word_1_205' title='bbox 1198 1632 1339 1673; x_wconf 71' lang='grc' dir='ltr'><em>ου’κέτι</em></span> <span class='ocrx_word' id='word_1_206' title='bbox 1363 1634 1597 1687; x_wconf 85' lang='grc' dir='ltr'><em>μίγνυνται.</em></span> 
     </span>
     <span class='ocr_line' id='line_1_24' title="bbox 146 1696 1598 1756; baseline -0.003 -12"><span class='ocrx_word' id='word_1_207' title='bbox 146 1702 220 1749; x_wconf 78' lang='grc' dir='ltr'><em>ἐὰν</em></span> <span class='ocrx_word' id='word_1_208' title='bbox 255 1703 301 1743; x_wconf 74' lang='grc' dir='ltr'><strong>δέ</strong></span> <span class='ocrx_word' id='word_1_209' title='bbox 329 1716 392 1749; x_wconf 86' lang='grc' dir='ltr'><strong>τις</strong></span> <span class='ocrx_word' id='word_1_210' title='bbox 431 1698 591 1756; x_wconf 73' lang='grc' dir='ltr'><em>εὑρεθῇ</em></span> <span class='ocrx_word' id='word_1_211' title='bbox 631 1705 777 1754; x_wconf 80' lang='grc' dir='ltr'><em>στεῖρα</em></span> <span class='ocrx_word' id='word_1_212' title='bbox 805 1701 933 1754; x_wconf 82' lang='grc' dir='ltr'><em>μέχρι</em></span> <span class='ocrx_word' id='word_1_213' title='bbox 977 1698 1237 1750; x_wconf 85' lang='grc' dir='ltr'><em>πενταετίας,</em></span> <span class='ocrx_word' id='word_1_214' title='bbox 1277 1696 1414 1741; x_wconf 81' lang='grc' dir='ltr'><em>ἔκτοτε</em></span> <span class='ocrx_word' id='word_1_215' title='bbox 1443 1699 1598 1754; x_wconf 75' lang='grc' dir='ltr'><em>α’μιγής</em></span> 
     </span>
    </p>
   </div>
   <div class='ocr_carea' id='block_1_3' title="bbox 143 1923 1600 2776">
    <p class='ocr_par' dir='ltr' id='par_1_7' title="bbox 143 1923 1600 2776">
     <span class='ocr_line' id='line_1_25' title="bbox 236 1923 1597 1970; baseline -0.004 -9"><span class='ocrx_word' id='word_1_216' title='bbox 236 1927 326 1962; x_wconf 84' lang='lat' dir='ltr'><strong>Cum</strong></span> <span class='ocrx_word' id='word_1_217' title='bbox 349 1926 395 1960; x_wconf 84' lang='lat' dir='ltr'><strong>ad</strong></span> <span class='ocrx_word' id='word_1_218' title='bbox 419 1926 527 1959; x_wconf 86' lang='lat' dir='ltr'><strong>Indos</strong></span> <span class='ocrx_word' id='word_1_219' title='bbox 556 1930 733 1959; x_wconf 78' lang='lat' dir='ltr'><strong>extremos</strong></span> <span class='ocrx_word' id='word_1_220' title='bbox 758 1925 948 1970; x_wconf 88' lang='lat' dir='ltr'><strong>ipsumque</strong></span> <span class='ocrx_word' id='word_1_221' title='bbox 973 1923 1160 1956; x_wconf 83' lang='lat' dir='ltr'><strong>Oceanum</strong></span> <span class='ocrx_word' id='word_1_222' title='bbox 1190 1928 1227 1956; x_wconf 86' lang='lat' dir='ltr'><strong>et</strong></span> <span class='ocrx_word' id='word_1_223' title='bbox 1246 1923 1436 1955; x_wconf 78' lang='lat' dir='ltr'><strong>maximam</strong></span> <span class='ocrx_word' id='word_1_224' title='bbox 1464 1923 1597 1957; x_wconf 83' lang='lat' dir='ltr'><strong>Brach-</strong></span> 
     </span>
     <span class='ocr_line' id='line_1_26' title="bbox 145 1970 1596 2018; baseline -0.004 -8"><span class='ocrx_word' id='word_1_225' title='bbox 145 1987 288 2011; x_wconf 80' lang='lat' dir='ltr'><strong>manum</strong></span> <span class='ocrx_word' id='word_1_226' title='bbox 322 1974 476 2008; x_wconf 82' lang='lat' dir='ltr'><strong>insulam</strong></span> <span class='ocrx_word' id='word_1_227' title='bbox 511 1974 750 2018; x_wconf 89' lang='lat' dir='ltr'><strong>pervenisset,</strong></span> <span class='ocrx_word' id='word_1_228' title='bbox 784 1983 908 2005; x_wconf 89' lang='lat' dir='ltr'><strong>eorum</strong></span> <span class='ocrx_word' id='word_1_229' title='bbox 946 1982 1026 2015; x_wconf 85' lang='lat' dir='ltr'><strong>erga</strong></span> <span class='ocrx_word' id='word_1_230' title='bbox 1055 1970 1161 2003; x_wconf 87' lang='lat' dir='ltr'><strong>deum</strong></span> <span class='ocrx_word' id='word_1_231' title='bbox 1184 1972 1358 2015; x_wconf 87' lang='lat' dir='ltr'><strong>pietatem</strong></span> <span class='ocrx_word' id='word_1_232' title='bbox 1383 1971 1596 2016; x_wconf 88' lang='lat' dir='ltr'><strong>cultumque</strong></span> 
     </span>
     <span class='ocr_line' id='line_1_27' title="bbox 145 2017 1598 2064; baseline -0.006 -5"><span class='ocrx_word' id='word_1_233' title='bbox 145 2025 295 2059; x_wconf 77' lang='lat' dir='ltr'><strong>miratus</strong></span> <span class='ocrx_word' id='word_1_234' title='bbox 320 2023 521 2056; x_wconf 84' lang='lat' dir='ltr'><strong>columnam</strong></span> <span class='ocrx_word' id='word_1_235' title='bbox 540 2021 669 2055; x_wconf 77' lang='lat' dir='ltr'>statuit</span> <span class='ocrx_word' id='word_1_236' title='bbox 693 2032 772 2054; x_wconf 90' lang='lat' dir='ltr'><strong>cum</strong></span> <span class='ocrx_word' id='word_1_237' title='bbox 795 2019 1031 2064; x_wconf 86' lang='lat' dir='ltr'><strong>inscriptione</strong></span> <span class='ocrx_word' id='word_1_238' title='bbox 1049 2017 1256 2051; x_wconf 87' lang='lat' dir='ltr'><strong>huiusmodi</strong></span> <span class='ocrx_word' id='word_1_239' title='bbox 1279 2017 1510 2059; x_wconf 77' lang='lat' dir='ltr'><strong>„Alexander</strong></span> <span class='ocrx_word' id='word_1_240' title='bbox 1534 2030 1598 2051; x_wconf 82' lang='lat' dir='ltr'><strong>rex</strong></span> 
     </span>
     <span class='ocr_line' id='line_1_28' title="bbox 146 2065 1597 2116; baseline -0.006 -10"><span class='ocrx_word' id='word_1_241' title='bbox 146 2071 217 2106; x_wconf 85' lang='lat' dir='ltr'><strong>huc</strong></span> <span class='ocrx_word' id='word_1_242' title='bbox 241 2081 356 2116; x_wconf 85' lang='lat' dir='ltr'><strong>usque</strong></span> <span class='ocrx_word' id='word_1_243' title='bbox 380 2069 599 2115; x_wconf 80' lang='lat' dir='ltr'><strong>penetravi.’&#39;</strong></span> <span class='ocrx_word' id='word_1_244' title='bbox 627 2079 668 2101; x_wconf 80' lang='lat' dir='ltr'><strong>ea</strong></span> <span class='ocrx_word' id='word_1_245' title='bbox 696 2069 734 2101; x_wconf 90' lang='lat' dir='ltr'><strong>in</strong></span> <span class='ocrx_word' id='word_1_246' title='bbox 756 2067 874 2101; x_wconf 85' lang='lat' dir='ltr'><strong>insula</strong></span> <span class='ocrx_word' id='word_1_247' title='bbox 898 2067 960 2112; x_wconf 91' lang='lat' dir='ltr'><strong>qui</strong></span> <span class='ocrx_word' id='word_1_248' title='bbox 985 2065 1160 2099; x_wconf 86' lang='lat' dir='ltr'><strong>Macrobii</strong></span> <span class='ocrx_word' id='word_1_249' title='bbox 1187 2071 1359 2098; x_wconf 81' lang='lat' dir='ltr'><strong>vocantur</strong></span> <span class='ocrx_word' id='word_1_250' title='bbox 1383 2077 1403 2098; x_wconf 87' lang='lat' dir='ltr'>a</span> <span class='ocrx_word' id='word_1_251' title='bbox 1424 2065 1597 2100; x_wconf 83' lang='lat' dir='ltr'><strong>diuturna</strong></span> 
     </span>
     <span class='ocr_line' id='line_1_29' title="bbox 143 2111 1598 2163; baseline -0.005 -9"><span class='ocrx_word' id='word_1_252' title='bbox 143 2120 242 2161; x_wconf 79' lang='lat' dir='ltr'><strong>vita,</strong></span> <span class='ocrx_word' id='word_1_253' title='bbox 279 2118 424 2163; x_wconf 82' lang='lat' dir='ltr'><strong>degunt.</strong></span> <span class='ocrx_word' id='word_1_254' title='bbox 464 2128 547 2150; x_wconf 86' lang='lat' dir='ltr'><strong>nam</strong></span> <span class='ocrx_word' id='word_1_255' title='bbox 579 2116 706 2150; x_wconf 85' lang='lat' dir='ltr'><strong>maiori</strong></span> <span class='ocrx_word' id='word_1_256' title='bbox 748 2126 791 2148; x_wconf 79' lang='lat' dir='ltr'><strong>ex</strong></span> <span class='ocrx_word' id='word_1_257' title='bbox 828 2120 929 2160; x_wconf 86' lang='lat' dir='ltr'><strong>parte</strong></span> <span class='ocrx_word' id='word_1_258' title='bbox 954 2113 1078 2147; x_wconf 86' lang='lat' dir='ltr'><strong>vivunt</strong></span> <span class='ocrx_word' id='word_1_259' title='bbox 1113 2113 1195 2146; x_wconf 84' lang='lat' dir='ltr'><strong>istic</strong></span> <span class='ocrx_word' id='word_1_260' title='bbox 1222 2111 1387 2146; x_wconf 85' lang='lat' dir='ltr'><strong>homines</strong></span> <span class='ocrx_word' id='word_1_261' title='bbox 1417 2113 1463 2146; x_wconf 86' lang='lat' dir='ltr'><strong>ad</strong></span> <span class='ocrx_word' id='word_1_262' title='bbox 1484 2124 1598 2146; x_wconf 87' lang='lat' dir='ltr'><strong>annos</strong></span> 
     </span>
     <span class='ocr_line' id='line_1_30' title="bbox 151 2160 1598 2212; baseline -0.006 -11"><span class='ocrx_word' id='word_1_263' title='bbox 151 2167 214 2203; x_wconf 80' lang='lat'><strong>150</strong></span> <span class='ocrx_word' id='word_1_264' title='bbox 237 2171 386 2212; x_wconf 86' lang='lat' dir='ltr'><strong>propter</strong></span> <span class='ocrx_word' id='word_1_265' title='bbox 409 2165 499 2200; x_wconf 67' lang='lat' dir='ltr'><strong>aeris</strong></span> <span class='ocrx_word' id='word_1_266' title='bbox 525 2163 697 2197; x_wconf 89' lang='lat' dir='ltr'><strong>idoneum</strong></span> <span class='ocrx_word' id='word_1_267' title='bbox 721 2163 874 2196; x_wconf 82' lang='lat' dir='ltr'><strong>maxime</strong></span> <span class='ocrx_word' id='word_1_268' title='bbox 898 2167 1218 2206; x_wconf 81' lang='lat' dir='ltr'><strong>temperamentum</strong></span> <span class='ocrx_word' id='word_1_269' title='bbox 1243 2166 1280 2194; x_wconf 86' lang='lat' dir='ltr'><strong>et</strong></span> <span class='ocrx_word' id='word_1_270' title='bbox 1305 2160 1598 2205; x_wconf 80' lang='lat' dir='ltr'><strong>imperscrutabi-</strong></span> 
     </span>
     <span class='ocr_line' id='line_1_31' title="bbox 146 2207 1598 2255; baseline -0.005 -7"><span class='ocrx_word' id='word_1_271' title='bbox 146 2214 195 2248; x_wconf 81' lang='lat' dir='ltr'><strong>lia</strong></span> <span class='ocrx_word' id='word_1_272' title='bbox 221 2214 282 2248; x_wconf 85' lang='lat' dir='ltr'><strong>&lt;lei</strong></span> <span class='ocrx_word' id='word_1_273' title='bbox 306 2213 450 2247; x_wconf 85' lang='lat' dir='ltr'><strong>iudicia.</strong></span> <span class='ocrx_word' id='word_1_274' title='bbox 479 2212 582 2245; x_wconf 87' lang='lat' dir='ltr'><strong>nullo</strong></span> <span class='ocrx_word' id='word_1_275' title='bbox 617 2211 703 2244; x_wconf 84' lang='lat' dir='ltr'><strong>anni</strong></span> <span class='ocrx_word' id='word_1_276' title='bbox 727 2216 889 2255; x_wconf 88' lang='lat' dir='ltr'><strong>tempore</strong></span> <span class='ocrx_word' id='word_1_277' title='bbox 922 2209 1057 2241; x_wconf 88' lang='lat' dir='ltr'><strong>fructus</strong></span> <span class='ocrx_word' id='word_1_278' title='bbox 1081 2208 1211 2241; x_wconf 84' lang='lat' dir='ltr'><strong>maturi</strong></span> <span class='ocrx_word' id='word_1_279' title='bbox 1239 2211 1381 2242; x_wconf 83' lang='lat' dir='ltr'><strong>desunt.</strong></span> <span class='ocrx_word' id='word_1_280' title='bbox 1407 2207 1598 2242; x_wconf 78' lang='lat' dir='ltr'><strong>abundant</strong></span> 
     </span>
     <span class='ocr_line' id='line_1_32' title="bbox 147 2255 1597 2302; baseline -0.006 -6"><span class='ocrx_word' id='word_1_281' title='bbox 147 2269 186 2296; x_wconf 83' lang='lat' dir='ltr'><strong>et</strong></span> <span class='ocrx_word' id='word_1_282' title='bbox 207 2261 369 2296; x_wconf 77' lang='lat' dir='ltr'><strong>maximis</strong></span> <span class='ocrx_word' id='word_1_283' title='bbox 396 2260 549 2293; x_wconf 89' lang='lat' dir='ltr'><strong>nucibus</strong></span> <span class='ocrx_word' id='word_1_284' title='bbox 575 2265 611 2293; x_wconf 84' lang='lat' dir='ltr'><strong>et</strong></span> <span class='ocrx_word' id='word_1_285' title='bbox 635 2259 801 2291; x_wconf 76' lang='lat' dir='ltr'><strong>aromatis</strong></span> <span class='ocrx_word' id='word_1_286' title='bbox 818 2284 827 2299; x_wconf 94' lang='lat'>‚</span> <span class='ocrx_word' id='word_1_287' title='bbox 863 2267 956 2302; x_wconf 84' lang='lat' dir='ltr'><strong>quae</strong></span> <span class='ocrx_word' id='word_1_288' title='bbox 981 2255 1072 2289; x_wconf 79' lang='lat' dir='ltr'><strong>tanti</strong></span> <span class='ocrx_word' id='word_1_289' title='bbox 1096 2267 1160 2289; x_wconf 91' lang='lat' dir='ltr'><strong>nos</strong></span> <span class='ocrx_word' id='word_1_290' title='bbox 1186 2255 1415 2297; x_wconf 86' lang='lat' dir='ltr'><strong>redimimus,</strong></span> <span class='ocrx_word' id='word_1_291' title='bbox 1439 2261 1476 2289; x_wconf 84' lang='lat' dir='ltr'><strong>et</strong></span> <span class='ocrx_word' id='word_1_292' title='bbox 1502 2256 1597 2300; x_wconf 88' lang='lat' dir='ltr'><strong>lapi-</strong></span> 
     </span>
     <span class='ocr_line' id='line_1_33' title="bbox 149 2302 1598 2354; baseline -0.006 -11"><span class='ocrx_word' id='word_1_293' title='bbox 149 2309 194 2343; x_wconf 84' lang='lat' dir='ltr'><strong>de</strong></span> <span class='ocrx_word' id='word_1_294' title='bbox 216 2315 390 2354; x_wconf 81' lang='lat' dir='ltr'><strong>magnete.</strong></span> <span class='ocrx_word' id='word_1_295' title='bbox 415 2306 668 2353; x_wconf 84' lang='lat' dir='ltr'><strong>quadrupedes</strong></span> <span class='ocrx_word' id='word_1_296' title='bbox 706 2306 840 2339; x_wconf 78' lang='lat' dir='ltr'><strong>bestias</strong></span> <span class='ocrx_word' id='word_1_297' title='bbox 864 2304 981 2337; x_wconf 77' lang='lat' dir='ltr'><strong>nullas</strong></span> <span class='ocrx_word' id='word_1_298' title='bbox 1005 2302 1163 2344; x_wconf 82' lang='lat' dir='ltr'><strong>habent,</strong></span> <span class='ocrx_word' id='word_1_299' title='bbox 1202 2314 1269 2336; x_wconf 89' lang='lat' dir='ltr'><strong>uec</strong></span> <span class='ocrx_word' id='word_1_300' title='bbox 1293 2303 1416 2336; x_wconf 87' lang='lat' dir='ltr'><strong>vinum</strong></span> <span class='ocrx_word' id='word_1_301' title='bbox 1442 2314 1510 2336; x_wconf 88' lang='lat' dir='ltr'><strong>nec</strong></span> <span class='ocrx_word' id='word_1_302' title='bbox 1533 2315 1598 2348; x_wconf 87' lang='lat' dir='ltr'><strong>pa-</strong></span> 
     </span>
     <span class='ocr_line' id='line_1_34' title="bbox 148 2349 1598 2396; baseline -0.006 -5"><span class='ocrx_word' id='word_1_303' title='bbox 148 2362 229 2391; x_wconf 88' lang='lat' dir='ltr'><strong>nem</strong></span> <span class='ocrx_word' id='word_1_304' title='bbox 247 2368 315 2390; x_wconf 89' lang='lat' dir='ltr'><strong>nec</strong></span> <span class='ocrx_word' id='word_1_305' title='bbox 337 2360 465 2389; x_wconf 82' lang='lat' dir='ltr'><strong>vestes.</strong></span> <span class='ocrx_word' id='word_1_306' title='bbox 499 2354 544 2387; x_wconf 87' lang='lat' dir='ltr'><strong>ad</strong></span> <span class='ocrx_word' id='word_1_307' title='bbox 568 2354 703 2387; x_wconf 85' lang='lat' dir='ltr'><strong>flumen</strong></span> <span class='ocrx_word' id='word_1_308' title='bbox 732 2353 935 2386; x_wconf 81' lang='lat' dir='ltr'><strong>habitantes</strong></span> <span class='ocrx_word' id='word_1_309' title='bbox 967 2351 1102 2395; x_wconf 77' lang='lat' dir='ltr'><strong>exiguis</strong></span> <span class='ocrx_word' id='word_1_310' title='bbox 1127 2349 1303 2384; x_wconf 79' lang='lat' dir='ltr'><strong>fructibus</strong></span> <span class='ocrx_word' id='word_1_311' title='bbox 1329 2356 1366 2384; x_wconf 86' lang='lat' dir='ltr'><strong>et</strong></span> <span class='ocrx_word' id='word_1_312' title='bbox 1391 2362 1484 2396; x_wconf 85' lang='lat' dir='ltr'><strong>aqua</strong></span> <span class='ocrx_word' id='word_1_313' title='bbox 1510 2361 1598 2383; x_wconf 91' lang='lat' dir='ltr'><strong>con-</strong></span> 
     </span>
     <span class='ocr_line' id='line_1_35' title="bbox 148 2395 1598 2448; baseline -0.005 -11"><span class='ocrx_word' id='word_1_314' title='bbox 148 2405 240 2437; x_wconf 71' lang='lat' dir='ltr'><strong>tenti</strong></span> <span class='ocrx_word' id='word_1_315' title='bbox 265 2409 359 2445; x_wconf 84' lang='lat' dir='ltr'><strong>sunt,</strong></span> <span class='ocrx_word' id='word_1_316' title='bbox 385 2402 527 2448; x_wconf 88' lang='lat' dir='ltr'><strong>deoque</strong></span> <span class='ocrx_word' id='word_1_317' title='bbox 552 2413 641 2446; x_wconf 81' lang='lat' dir='ltr'><strong>pura</strong></span> <span class='ocrx_word' id='word_1_318' title='bbox 669 2408 705 2434; x_wconf 82' lang='lat' dir='ltr'><strong>et</strong></span> <span class='ocrx_word' id='word_1_319' title='bbox 727 2402 864 2445; x_wconf 78' lang='lat' dir='ltr'><strong>integra</strong></span> <span class='ocrx_word' id='word_1_320' title='bbox 893 2398 1064 2443; x_wconf 81' lang='lat' dir='ltr'><strong>religione</strong></span> <span class='ocrx_word' id='word_1_321' title='bbox 1078 2399 1246 2432; x_wconf 83' lang='lat' dir='ltr'><strong>serviunt.</strong></span> <span class='ocrx_word' id='word_1_322' title='bbox 1272 2398 1340 2431; x_wconf 86' lang='lat' dir='ltr'><strong>viri</strong></span> <span class='ocrx_word' id='word_1_323' title='bbox 1367 2395 1413 2431; x_wconf 80' lang='lat' dir='ltr'><strong>ad</strong></span> <span class='ocrx_word' id='word_1_324' title='bbox 1439 2397 1598 2431; x_wconf 83' lang='lat' dir='ltr'><strong>fluminis</strong></span> 
     </span>
     <span class='ocr_line' id='line_1_36' title="bbox 150 2443 1598 2496; baseline -0.007 -11"><span class='ocrx_word' id='word_1_325' title='bbox 150 2453 243 2496; x_wconf 79' lang='lat' dir='ltr'><strong>ripas</strong></span> <span class='ocrx_word' id='word_1_326' title='bbox 267 2451 457 2490; x_wconf 82' lang='lat' dir='ltr'><strong>accolunt,</strong></span> <span class='ocrx_word' id='word_1_327' title='bbox 498 2449 655 2482; x_wconf 80' lang='lat' dir='ltr'><strong>feminae</strong></span> <span class='ocrx_word' id='word_1_328' title='bbox 681 2460 724 2481; x_wconf 89' lang='lat' dir='ltr'><strong>ex</strong></span> <span class='ocrx_word' id='word_1_329' title='bbox 751 2448 862 2481; x_wconf 82' lang='lat' dir='ltr'><strong>altera</strong></span> <span class='ocrx_word' id='word_1_330' title='bbox 891 2446 1024 2490; x_wconf 84' lang='lat' dir='ltr'><strong>Gangis</strong></span> <span class='ocrx_word' id='word_1_331' title='bbox 1049 2445 1149 2478; x_wconf 87' lang='lat' dir='ltr'><strong>fluvii</strong></span> <span class='ocrx_word' id='word_1_332' title='bbox 1172 2451 1272 2490; x_wconf 84' lang='lat' dir='ltr'><strong>parte</strong></span> <span class='ocrx_word' id='word_1_333' title='bbox 1299 2444 1434 2489; x_wconf 81' lang='lat' dir='ltr'><strong>degunt</strong></span> <span class='ocrx_word' id='word_1_334' title='bbox 1457 2443 1598 2477; x_wconf 77' lang='lat' dir='ltr'><strong>Indiam</strong></span> 
     </span>
     <span class='ocr_line' id='line_1_37' title="bbox 148 2491 1600 2544; baseline -0.005 -12"><span class='ocrx_word' id='word_1_335' title='bbox 148 2510 287 2539; x_wconf 74' lang='lat' dir='ltr'><strong>versus,</strong></span> <span class='ocrx_word' id='word_1_336' title='bbox 323 2499 387 2544; x_wconf 89' lang='lat' dir='ltr'><strong>qui</strong></span> <span class='ocrx_word' id='word_1_337' title='bbox 421 2496 570 2542; x_wconf 86' lang='lat' dir='ltr'><strong>quidem</strong></span> <span class='ocrx_word' id='word_1_338' title='bbox 609 2497 737 2529; x_wconf 88' lang='lat' dir='ltr'><strong>fluvius</strong></span> <span class='ocrx_word' id='word_1_339' title='bbox 773 2496 811 2528; x_wconf 91' lang='lat' dir='ltr'><strong>in</strong></span> <span class='ocrx_word' id='word_1_340' title='bbox 842 2494 1025 2527; x_wconf 86' lang='lat' dir='ltr'><strong>Oceanum</strong></span> <span class='ocrx_word' id='word_1_341' title='bbox 1064 2498 1177 2526; x_wconf 86' lang='lat' dir='ltr'><strong>semet</strong></span> <span class='ocrx_word' id='word_1_342' title='bbox 1210 2498 1392 2526; x_wconf 74' lang='lat' dir='ltr'><strong>exonerat.</strong></span> <span class='ocrx_word' id='word_1_343' title='bbox 1441 2491 1534 2524; x_wconf 89' lang='lat' dir='ltr'><strong>Iulio</strong></span> <span class='ocrx_word' id='word_1_344' title='bbox 1561 2497 1600 2525; x_wconf 81' lang='lat' dir='ltr'><strong>et</strong></span> 
     </span>
     <span class='ocr_line' id='line_1_38' title="bbox 148 2538 1597 2590; baseline -0.006 -10"><span class='ocrx_word' id='word_1_345' title='bbox 148 2540 307 2590; x_wconf 80' lang='lat' dir='ltr'><strong>Augusto</strong></span> <span class='ocrx_word' id='word_1_346' title='bbox 341 2544 524 2579; x_wconf 84' lang='lat' dir='ltr'><strong>mensibus</strong></span> <span class='ocrx_word' id='word_1_347' title='bbox 561 2543 607 2577; x_wconf 85' lang='lat' dir='ltr'><strong>ad</strong></span> <span class='ocrx_word' id='word_1_348' title='bbox 641 2554 770 2576; x_wconf 81' lang='lat' dir='ltr'><strong>uxores</strong></span> <span class='ocrx_word' id='word_1_349' title='bbox 811 2542 879 2575; x_wconf 86' lang='lat' dir='ltr'><strong>viri</strong></span> <span class='ocrx_word' id='word_1_350' title='bbox 918 2541 1163 2581; x_wconf 82' lang='lat' dir='ltr'><strong>transiiciunt‚</strong></span> <span class='ocrx_word' id='word_1_351' title='bbox 1199 2539 1298 2586; x_wconf 87' lang='lat' dir='ltr'><strong>quod</strong></span> <span class='ocrx_word' id='word_1_352' title='bbox 1323 2541 1367 2573; x_wconf 89' lang='lat' dir='ltr'><strong>iis</strong></span> <span class='ocrx_word' id='word_1_353' title='bbox 1395 2538 1597 2583; x_wconf 83' lang='lat' dir='ltr'><strong>frigidiores</strong></span> 
     </span>
     <span class='ocr_line' id='line_1_39' title="bbox 150 2586 1599 2635; baseline -0.006 -9"><span class='ocrx_word' id='word_1_354' title='bbox 150 2594 244 2635; x_wconf 85' lang='lat' dir='ltr'><strong>sint,</strong></span> <span class='ocrx_word' id='word_1_355' title='bbox 269 2592 344 2626; x_wconf 85' lang='lat' dir='ltr'><strong>sole</strong></span> <span class='ocrx_word' id='word_1_356' title='bbox 378 2598 538 2626; x_wconf 86' lang='lat' dir='ltr'><strong>nostrum</strong></span> <span class='ocrx_word' id='word_1_357' title='bbox 574 2590 620 2624; x_wconf 88' lang='lat' dir='ltr'><strong>ad</strong></span> <span class='ocrx_word' id='word_1_358' title='bbox 658 2591 837 2624; x_wconf 86' lang='lat' dir='ltr'><strong>finitorem</strong></span> <span class='ocrx_word' id='word_1_359' title='bbox 870 2588 1058 2621; x_wconf 88' lang='lat' dir='ltr'><strong>sublimius</strong></span> <span class='ocrx_word' id='word_1_360' title='bbox 1092 2587 1319 2632; x_wconf 79' lang='lat' dir='ltr'><strong>adsurgente.</strong></span> <span class='ocrx_word' id='word_1_361' title='bbox 1362 2592 1448 2620; x_wconf 88' lang='lat' dir='ltr'><strong>tunc</strong></span> <span class='ocrx_word' id='word_1_362' title='bbox 1490 2586 1599 2618; x_wconf 88' lang='lat' dir='ltr'><strong>nimi-</strong></span> 
     </span>
     <span class='ocr_line' id='line_1_40' title="bbox 151 2633 1598 2684; baseline -0.006 -10"><span class='ocrx_word' id='word_1_363' title='bbox 151 2653 228 2674; x_wconf 82' lang='lat' dir='ltr'><strong>rum</strong></span> <span class='ocrx_word' id='word_1_364' title='bbox 254 2640 435 2674; x_wconf 89' lang='lat' dir='ltr'><strong>consecuti</strong></span> <span class='ocrx_word' id='word_1_365' title='bbox 458 2644 779 2684; x_wconf 86' lang='lat' dir='ltr'><strong>temperamentum</strong></span> <span class='ocrx_word' id='word_1_366' title='bbox 803 2636 960 2680; x_wconf 85' lang='lat' dir='ltr'><strong>corporis</strong></span> <span class='ocrx_word' id='word_1_367' title='bbox 985 2636 1158 2680; x_wconf 81' lang='lat' dir='ltr'><strong>optimum</strong></span> <span class='ocrx_word' id='word_1_368' title='bbox 1186 2641 1303 2668; x_wconf 85' lang='lat' dir='ltr'><strong>oestro</strong></span> <span class='ocrx_word' id='word_1_369' title='bbox 1330 2633 1485 2679; x_wconf 83' lang='lat' dir='ltr'><strong>quodam</strong></span> <span class='ocrx_word' id='word_1_370' title='bbox 1511 2644 1598 2667; x_wconf 92' lang='lat' dir='ltr'><strong>con—</strong></span> 
     </span>
     <span class='ocr_line' id='line_1_41' title="bbox 149 2681 1600 2728; baseline -0.006 -7"><span class='ocrx_word' id='word_1_371' title='bbox 149 2688 252 2722; x_wconf 79' lang='lat' dir='ltr'><strong>citari</strong></span> <span class='ocrx_word' id='word_1_372' title='bbox 282 2688 454 2720; x_wconf 84' lang='lat' dir='ltr'><strong>feruntur.</strong></span> <span class='ocrx_word' id='word_1_373' title='bbox 499 2686 632 2720; x_wconf 81' lang='lat' dir='ltr'><strong>exactis</strong></span> <span class='ocrx_word' id='word_1_374' title='bbox 681 2691 798 2718; x_wconf 85' lang='lat' dir='ltr'><strong>autem</strong></span> <span class='ocrx_word' id='word_1_375' title='bbox 833 2682 930 2728; x_wconf 83' lang='lat' dir='ltr'><strong>apud</strong></span> <span class='ocrx_word' id='word_1_376' title='bbox 961 2693 1087 2716; x_wconf 79' lang='lat' dir='ltr'><strong>uxores</strong></span> <span class='ocrx_word' id='word_1_377' title='bbox 1122 2681 1167 2725; x_wconf 76' lang='grc' dir='ltr'><strong>4ο</strong></span> <span class='ocrx_word' id='word_1_378' title='bbox 1207 2681 1336 2715; x_wconf 88' lang='lat' dir='ltr'><strong>diebus</strong></span> <span class='ocrx_word' id='word_1_379' title='bbox 1371 2691 1511 2715; x_wconf 83' lang='lat' dir='ltr'><strong>amnem</strong></span> <span class='ocrx_word' id='word_1_380' title='bbox 1545 2681 1600 2713; x_wconf 80' lang='lat' dir='ltr'><strong>vi-</strong></span> 
     </span>
     <span class='ocr_line' id='line_1_42' title="bbox 151 2727 1599 2776; baseline -0.006 -8"><span class='ocrx_word' id='word_1_381' title='bbox 151 2736 270 2770; x_wconf 83' lang='lat' dir='ltr'><strong>cissim</strong></span> <span class='ocrx_word' id='word_1_382' title='bbox 313 2733 550 2768; x_wconf 74' lang='lat' dir='ltr'><strong>transiiciunt.</strong></span> <span class='ocrx_word' id='word_1_383' title='bbox 598 2733 753 2766; x_wconf 85' lang='lat' dir='ltr'><strong>feminae</strong></span> <span class='ocrx_word' id='word_1_384' title='bbox 802 2736 1036 2776; x_wconf 77' lang='lat' dir='ltr'><strong>posteaquam</strong></span> <span class='ocrx_word' id='word_1_385' title='bbox 1078 2728 1214 2763; x_wconf 89' lang='lat' dir='ltr'><strong>liberos</strong></span> <span class='ocrx_word' id='word_1_386' title='bbox 1270 2727 1360 2762; x_wconf 81' lang='lat' dir='ltr'><strong>duos</strong></span> <span class='ocrx_word' id='word_1_387' title='bbox 1401 2729 1438 2764; x_wconf 84' lang='lat' dir='ltr'><strong>in</strong></span> <span class='ocrx_word' id='word_1_388' title='bbox 1480 2729 1599 2761; x_wconf 86' lang='lat' dir='ltr'><strong>lucem</strong></span> 
     </span>
    </p>
   </div>
  </div>
 </body>
</html>
