1826 3120
609 183 892 227 ANNALHJM
934 185 1074 228 PARS
1119 172 1171 225 1'1.
1487 186 1593 245 277

149 281 295 338 καιρὸν
320 282 535 338 ἐλογίσατο
560 283 630 326 διά
649 283 727 339 τήν
743 270 791 326 ’ἐκ
807 287 884 327 τοῦ
902 285 1070 334 πάθους
1096 288 1314 340 νέκρωσιν.
1337 285 1492 330 ου’κοῦν
1514 285 1598 329 ἔοι-

149 345 256 391 κενὸ
282 364 489 405 μακάριος
512 348 617 403 Ἰώβ
643 352 704 400 εἰς
731 348 904 401 ἔνδειξιν
932 353 1016 392 τῶν
1047 350 1202 394 θεόθεν
1245 351 1361 411 αὐτῷ
1391 354 1599 395 δοθέντων

148 414 322 470 α’γαθῶν
348 411 523 470 ὕστερον
550 422 642 466 ταῖς
669 418 907 472 θυγατράσι
935 419 1169 459 τεθεικέναι
1196 415 1272 468 τάς
1300 418 1647 474 προσηγορίαςῆ).
1672 428 1730 471 ,47

147 486 235 532 τοῖς
261 478 479 539 πράγμασι
510 481 592 537 γάρ
622 481 864 532 α’κολούθως
900 481 1118 538 ἐπήνεγκεν
1147 486 1296 534 αὕταῖς
1328 486 1403 527 καί
1427 483 1479 527 τά
1510 483 1599 527 ὄνόέ
1611 497 1652 532 V.
1672 497 1732 542 114

114 546 139 588 5
148 564 284 602 ματα,
324 550 399 591 καί
435 547 513 603 τὴν
537 551 615 602 μὲν
653 546 823 604 πρώτην
845 546 1033 604 ζΗμέραν
1071 549 1267 594 ἐκάλεσεν
1293 551 1351 602 ὥς
1378 553 1462 595 α’πό
1491 552 1602 602 τινος

148 616 327 668 βαθείας
355 613 506 664 νυκτὸς
523 617 606 658 τῶν
625 613 1027 670 περιστοιχισάντων
1055 616 1188 659 αὑτὸν
1213 620 1412 672 χαλεπῶν
1441 620 1603 676 ἡμέρας

148 680 264 739 minii
291 683 494 739 φωτεινῆς
520 682 844 736 ἐπιλαμψάσης,
883 681 958 735 τὴν
998 685 1043 724 δὲ
1073 685 1272 739 δευτέραν
1301 686 1474 727 Κασιάν
1499 683 1604 727 afui-

145 763 282 801 μασεν
310 747 367 797 ὥς
395 743 476 803 ἤδη
505 745 650 789 λοιπὸν
676 749 721 789 ἐν
748 747 905 805 εὖωδία
930 750 1012 790 τινί
1025 751 1097 790 καί
1122 748 1353 793 α’πολαύσει
1384 754 1468 793 τῶν
1497 752 1603 806 α’γα·

146 815 238 857 θῶν
263 813 482 869 γενόμενος
499 846 512 868 ,
541 813 617 869 την
649 816 696 856 δὲ
715 813 857 870 τρίτην
876 811 1138 868 Ἀμαλθείας
1165 817 1289 872 κέρας
1318 809 1604 873 προσηγόρευ-

89 894 220 924 ιοσεν
249 879 307 930 ὥς
333 877 465 923 ἅπασι
495 879 639 922 λοιπὸν
666 886 753 930 τοῖς
781 881 958 935 οἷγαθοΐς
984 881 1320 938 περιρρεόμενος.
1376 884 1601 937 Ἀμαλθεί-

148 961 199 996 ας
224 944 307 1002 γὰρ
335 948 459 1002 κέρας
486 944 526 988 οἱ
558 945 735 988 παλαιοὶ
758 945 834 1002 την
871 946 1086 1003 α’φθονιῖιν
1111 949 1301 991 ἐκάλουν·
1330 952 1493 1004 λέγεται
1521 949 1599 1005 γάρ
1617 962 1641 993 Β

147 1009 213 1055 ὅτι
239 1008 292 1069 ἦν
320 1013 479 1071 αἰπόλῳ
518 1012 602 1056 τινὶ
632 1014 701 1065 αἲξ
736 1012 977 1068 Ἀμάλθεια
1006 1017 1263 1072 καλουμένη,
1292 1012 1384 1072 ἥτις
1413 1016 1604 1072 ὀρύξασα

145 1081 210 1138 τῷ
234 1081 377 1136 κέρατι
404 1078 626 1137 θησαυρὸν
654 1082 836 1133 ἀνέδειξε
863 1083 922 1139 τῷ
959 1080 1150 1141 δεσπότῃ.
1206 1085 1281 1126 καί
1313 1084 1395 1138 οὔχ
1424 1081 1604 1140 εὑρέθη-

147 1142 228 1189 σαν
265 1146 374 1201 γάρ,
404 1163 534 1204 φησι,
570 1148 674 1190 κατὰ
717 1147 792 1197 τὰς
833 1150 1071 1204 θυγατέρας
1100 1149 1202 1205 Ἰιὸβ
1241 1150 1430 1204 βελτίους
1462 1150 1604 1193 αὐτῶν

87 1211 191 1255 15s'v
217 1214 270 1270 τῇ
296 1212 367 1254 ὑπ’
400 1211 598 1270 οὕρανὸν.
673 1213 743 1256 διά
774 1216 820 1256 τί
842 1217 889 1257 δὲ
924 1216 1070 1268 τοῦτο,·
1101 1216 1171 1258 ἵνα
1198 1218 1253 1274 τῇ
1279 1219 1359 1273 θέᾳ
1390 1217 1547 1259 τούτων
1574 1214 1602 1272 ἦ

145 1280 226 1320 τοῦ
272 1278 438 1328 πάθους
477 1280 723 1338 άπαλειφθῇ
765 1280 913 1337 μνήμη
960 1280 1218 1325 παντάπασι.
1295 1284 1370 1325 καί
1397 1285 1497 1325 δέκα
1523 1286 1603 1337 μὲν

144 1343 270 1400 ἔλαβε
294 1348 450 1395 παῖδας
477 1345 583 1399 μετὰ
612 1345 686 1403 την
713 1347 876 1403 πληγήν
907 1347 929 1389 ὁ
951 1347 1056 1403 Ἰιόβ
1071 1384 1083 1402 ,
1113 1346 1177 1392 ὅτι
1204 1348 1279 1392 καί
1305 1351 1406 1392 δέκα
1433 1349 1602 1399 τούτους

117 1404 269 1462 ’ὄντας
304 1411 527 1455 ἀπώλεσεν.
602 1415 642 1455 εἰ
677 1415 725 1456 δὲ
754 1415 884 1456 διπλᾶ
924 1417 1034 1468 λέγει
1075 1415 1126 1458 τά
1165 1415 1303 1458 πάντα
1347 1419 1491 1469 λαβεῖν
1523 1414 1599 1457 τὸν

143 1476 246 1533 Ἱώβ
276 1475 302 1533 ἧ
330 1479 499 1536 γραφή,
540 1479 598 1534 μη
646 1480 859 1534 θαύμαζε.
918 1480 970 1522 τὰ
1000 1480 1078 1537 γάρ
1111 1481 1236 1524 λοιποὶ
1266 1482 1422 1536 πάντα,
1458 1483 1594 1538 καμή-

81 1562 132 1589 20
145 1548 261 1600 λους,
308 1544 533 1601 ἡμιόνους,
565 1546 788 1604 προβάτων
819 1548 991 1602 α’γέλας,
1033 1551 1107 1591 καί
1136 1544 1215 1590 ὅσα
1243 1550 1436 1603 τοιαῦτα,
1467 1550 1633 1592 διπλᾶῦ

146 1763 213 1798 pus
247 1751 341 1785 lllud
383 1763 653 1792 aerumnosum,
687 1765 759 1799 quo
788 1759 927 1788 tantum
965 1766 1039 1789 non
1064 1766 1148 1800 prae
1184 1755 1432 1800 magnitudino
1460 1755 1596 1788 doloris

147 1805 330 1833 emortuus
366 1805 463 1842 erat,
499 1812 728 1846 nequaqnam
767 1814 831 1846 pro
864 1803 936 1835 vita
959 1802 1116 1835 duceret.
1152 1802 1296 1836 videtur
1320 1809 1439 1835 autem
1470 1803 1596 1836 beatus

146 1847 210 1880 ille
245 1848 354 1880 Iobus
388 1848 433 1881 ad
464 1848 815 1881 cominonstrandum
849 1860 889 1881 ea
927 1850 1024 1883 bona
1056 1861 1147 1894 (piae
1174 1849 1344 1893 deinceps
1370 1851 1403 1881 ei
1430 1861 1597 1884 concessa

147 1894 320 1928 divinitus
357 1895 523 1937 suerunt,
560 1896 706 1928 nomina
735 1893 878 1929 filiabus
917 1898 989 1929 suis
1016 1897 1169 1929 dedisse.
1197 1908 1279 1929 nam
1309 1897 1482 1929 eiusmodi
1509 1908 1596 1930 sane

146 1942 411 1987 appellationes
456 1943 507 1976 eis
545 1942 700 1984 indidit,
726 1955 818 1988 quae
847 1943 952 1976 rebus
981 1944 1067 1989 ipsis
1097 1949 1260 1976 accurate
1286 1945 1530 1978 convenirent.
1556 1956 1597 1978 ac

143 1990 280 2035 primae
297 1990 443 2036 quidem
462 1996 736 2035 cognomentum
754 1991 826 2023 diei
846 1989 958 2031 dedit,
979 1991 1080 2036 qnasi
1097 1991 1164 2024 iam
1182 2002 1225 2023 ex
1243 1991 1422 2036 profunda
1442 1992 1596 2037 quadani

142 2041 251 2071 nocte
274 2048 388 2070 rernm
405 2037 641 2079 adversarum,
664 2038 794 2083 quibus
815 2037 975 2083 undique
995 2038 1122 2072 suisset
1147 2037 1397 2080 circumdatus,
1425 2039 1501 2072 dies
1526 2041 1596 2084 ipsi

143 2084 339 2118 clarissima
362 2085 554 2122 illuxisset.
582 2086 730 2119 alteram
758 2086 913 2120 Cassiam
938 2086 1097 2126 vocavit,
1130 2086 1233 2131 quasi
1259 2087 1331 2118 iani
1357 2085 1528 2130 deinceps
1557 2089 1595 2121 iu

145 2132 338 2176 fragrantia
384 2132 538 2177 qumlam
575 2139 612 2166 et
639 2134 811 2166 fruitione
845 2133 1022 2166 bonorum
1050 2132 1206 2178 degeret.
1227 2133 1369 2166 tertiam
1396 2135 1596 2179 appellavit

145 2190 254 2212 cornu
281 2180 509 2221 Amaltheam
532 2181 634 2227 quasi
662 2181 810 2225 posthac
845 2181 1004 2213 futurum
1027 2187 1122 2214 esset
1146 2186 1186 2215 ut
1209 2180 1314 2214 bonis
1336 2183 1502 2215 omnibus
1528 2182 1606 2214 ,πά--

144 2227 284 2260 flueret.
320 2239 402 2260 nam
439 2227 602 2261 homines
638 2228 695 2260 illi
726 2228 835 2272 prisci
871 2228 1227 2261 cornu'Amaltheae
1261 2229 1439 2262 vocabant
1475 2242 1594 2263 rerum

143 2274 303 2307 omnium
329 2275 511 2320 copiosam
543 2275 812 2309 abundantiam.
847 2275 1041 2319 perhibent
1065 2276 1158 2308 enim
1187 2277 1383 2321 caprarium
1413 2277 1593 2322 quendam

142 2327 324 2367 pastorem
351 2321 521 2356 habuisse
560 2335 699 2368 capram
725 2324 782 2356 cui
811 2322 1020 2355 Amaltheae
1044 2334 1175 2356 nomen
1202 2329 1306 2356 esset.
1343 2335 1383 2356 ea
1410 2337 1488 2357 cum
1519 2330 1593 2357 ter—

144 2379 219 2402 ram
243 2380 353 2403 cornu
378 2369 552 2403 fodiendo
578 2371 795 2415 aperuisset,
819 2369 905 2403 hero
932 2381 996 2402 suo
1020 2369 1226 2403 thesaurum
1253 2371 1421 2405 ostendit.
1442 2372 1593 2416 legimus

144 2420 265 2450 autem
301 2415 367 2450 hac
403 2418 441 2450 in
482 2417 632 2451 historia
659 2418 767 2451 verba
801 2416 978 2462 quaedam
1004 2417 1208 2452 huiusmodi
1229 2418 1319 2462 (Iob.
1347 2422 1391 2463 42
1425 2419 1478 2464 15)
1503 2430 1594 2460 „uec

141 2463 224 2496 lobi
248 2462 391 2497 filiabus
414 2465 684 2510 pulchritudine
709 2475 813 2510 pares
842 2465 937 2497 ullae
965 2464 1030 2498 sub
1057 2466 1157 2499 coelo
1183 2465 1387 2501 extabant.'’
1414 2465 1593 2511 quamob-

144 2521 219 2544 rem
240 2510 332 2545 deus
355 2511 454 2545 istud
477 2513 527 2546 ita
548 2513 685 2546 voluit?
711 2519 752 2548 ut
779 2512 905 2545 haruin
927 2512 1096 2547 videlicet
1119 2514 1255 2547 intuitu
1280 2514 1423 2559 paterni
1455 2513 1592 2547 doloris

143 2558 317 2592 memoria
350 2570 493 2604 prorsus
529 2559 746 2593 aboleretur.
786 2559 881 2592 idem
908 2570 928 2591 a
968 2558 1167 2594 calamitate
1198 2561 1335 2594 liberos·
1358 2561 1482 2595 decem
1506 2572 1594 2605 pro-

143 2604 279 2639 creavit
318 2610 481 2647 tantum,
515 2619 595 2640 cum
633 2613 740 2640 antea
782 2618 927 2652 quoque
967 2607 1090 2641 liberis
1128 2608 1252 2641 decem
1276 2609 1423 2643 orbatus
1449 2608 1589 2643 fuisset.

144 2652 226 2686 heic
248 2651 368 2686 mirari
395 2653 518 2691 desine
543 2654 774 2700 quamobrem
812 2654 958 2687 litterae
982 2666 1101 2688 sacrae
1127 2655 1248 2689 dicant
1274 2655 1395 2692 omnia
1417 2654 1595 2690 divinitus

144 2699 234 2733 Ioho
259 2700 510 2746 conduplicata
535 2703 656 2735 fuisse.
680 2714 760 2734 nam
786 2707 926 2734 caetera
951 2702 1095 2747 quidem
1121 2704 1262 2744 omnia,
1288 2703 1442 2736 camelos
1471 2703 1589 2737 mulos

145 2747 266 2781 ovium
293 2758 413 2792 greges
441 2749 584 2795 aliaque
607 2749 696 2783 talia
716 2748 993 2793 conduplicata,
1028 2761 1092 2783 ceu
1119 2750 1263 2784 litterae
1292 2761 1412 2783 sacrae
1435 2751 1593 2796 loquun-

145 2802 225 2838 tur,
250 2797 394 2842 recepit.
423 2797 556 2844 quippe
579 2797 688 2831 morti
714 2803 839 2830 cuncta
865 2796 928 2831 illa
957 2803 1039 2831 sunt
1066 2797 1221 2832 obnoxia
1237 2824 1245 2838 ,
1271 2808 1339 2831 nec
1366 2798 1405 2832 in
1433 2798 1591 2832 extremo
