1826 3120
585 115 869 155 ANNALlUm
910 115 1046 155 PARS
1088 116 1120 154 1.
1503 96 1578 169 89

126 233 284 262 στασιν.
353 216 481 257 αὐτοὶ
527 218 600 257 καί
643 216 723 270 γάρ
763 213 802 256 οἱ
837 210 1031 269 Ἓλληνες
1057 212 1154 269 περὶ
1168 212 1312 254 “αὖτοῧ
1337 214 1578 268 διηγοῦνται

114 283 196 327 ”Su
223 280 426 339 προγνοὺς
458 280 505 324 τὸ
533 284 650 332 τέλος
681 280 812 324 αὕτοῦ
838 278 1011 335 ἔρχεται
1039 281 1138 333 περὶ
1161 277 1235 334 τὴν
1262 277 1479 334 Αἴγυπτον
1507 284 1581 322 καί

126 347 297 406 ἄντικρὺ
340 351 417 391 τοῦ
456 349 577 403 ἡλίου
620 349 814 401 ἵσταται,
858 343 949 388 εἶτα
990 347 1248 403 τεφροῦται,
1282 348 1356 387 καί
1383 345 1466 388 ἀπὸ
1498 349 1578 388 τοῦ

124 415 228 472 χοὸς
268 415 400 458 αὐτοῦ
439 412 602 470 σκώληξ
645 416 868 469 γεννᾶται,
909 411 982 454 καί
1023 411 1150 461 αὐτὸς
1179 407 1306 462 αὖθις
1333 413 1394 462 εἰς
1421 412 1578 469 πτηνὸν

90 480 444 536 5μεταβοίλλεται.
498 479 571 523 τὸν
595 481 764 537 φοίνικα
797 481 843 522 δὲ
870 481 1043 531 τοῦτον,
1071 476 1128 528 οἷς
1154 477 1337 533 εἴπομεν,
1366 478 1472 532 μετά
1506 478 1622 536 ἔτηῙ)

126 546 372 592 πεντακόσια
400 545 526 590 εἴωθε
551 549 756 601 γίνεσθαι,
821 543 843 586 ὅ
875 547 920 587 δὲ
948 547 1156 601 στρουθὸς
1190 546 1212 587 ὁ
1242 546 1435 601 Λιβυκός
1466 543 1580 604 ὅρνις

125 618 202 670 μὲν
231 615 346 668 ε’στι,
377 612 588 669 πτερωτὸς
615 614 689 666 δέ,
719 611 770 654 οὗ
798 612 977 655 πέταται
1006 614 1052 655 δὲ
1080 612 1148 654 διὰ
1180 611 1224 654 τὸ
1257 612 1308 655 τὰ
1338 615 1470 668 πτερὰ
1499 616 1579 657 azi-

125 684 204 724 voc
229 680 288 737 μή
315 678 594 737 χρησιμεύειν
621 680 682 728 εἰς
710 681 882 734 πτῆσιν·
937 681 1152 734 τριχοειδῆ
1180 676 1278 734 γάρ.
1335 684 1406 723 καί
1432 683 1580 731 δίπους

124 750 203 802 μέν
249 733 374 790 «ἐστινι
408 746 467 795 οἷς
511 740 656 802 ὅρνις,
698 746 870 800 διχηλεῑ·
907 747 954 787 δὲ
983 743 1039 795 ὡς
1066 744 1309 800 τετράπους.
1367 746 1474 789 ἀλλὰ
1505 751 1580 791 καί

67 813 346 868 ισμονότοκον
388 813 513 855 οὐδὲν
542 815 625 855 τῶν
652 812 848 867 ’ὀρνίθων
892 813 1029 866 ἐστίν,
1076 813 1116 854 εἰ
1139 811 1197 866 ,ιιὴ
1230 812 1355 865 μόνος
1383 813 1404 856 ὁ
1431 812 1578 867 κόκκυξ

125 880 196 924 διὰ
227 879 276 923 τὸ
323 877 495 934 ψυχρὸν
533 879 608 934 τῆς
637 878 772 920 αὐτοῦ
818 880 1002 935 φύσεως.
1061 876 1128 920 ὅτι
1161 880 1208 920 δὲ
1233 878 1421 935 ψυχρός,
1452 882 1577 935 δῆλον

124 949 171 990 ἐκ
212 949 287 1002 τῆς
325 947 483 994 δειλίας
521 945 679 987 αὐτοῦ·
749 946 823 987 καί
848 943 928 1000 γὰρ
974 947 1014 988 εἰ
1037 943 1097 1001 μή
1127 941 1178 1001 ἦν
1209 943 1369 999 δειλός,
1415 946 1492 988 οὐκ
1525 943 1577 989 ἂν

122 1011 206 1055 nim}
253 1010 420 1054 πάντων
455 1011 651 1054 ἐδιώκετο
686 1014 772 1054 τῶν
812 1013 984 1065 ὀρνέων,
1027 1014 1257 1055 κάντεῦθεν
1295 1014 1340 1055 ἐν
1379 1009 1575 1068 ἀλλοτρί-

123 1095 195 1130 αις
223 1078 353 1121 ἔτικτε
384 1085 596 1128 νεοττιαῖς.
625 1080 846 1132 πανταχοῦ
869 1080 915 1120 δὲ
946 1078 972 1133 ἦ
998 1076 1217 1135 ψυχρότης
1260 1079 1374 1121 αῖτιά
1402 1080 1576 1130 δειλίας.

67 1151 112 1197 ῂ5
231 1145 342 1188 Ἀλλ’
373 1144 474 1187 οὐδὲ
501 1145 620 1187 τοῦτό
650 1161 698 1187 σε
741 1145 1060 1199 παραδραμεῖν,
1096 1141 1309 1200 ἆγαπητέ,
1339 1145 1678 1205 βούλομαι,Ρ,47

121 1209 461 1266 παραδοξότερον
499 1212 572 1253 καί
609 1211 792 1264 μάλιστα
832 1213 916 1253 τῶν
947 1207 1084 1253 ἄλλων
1112 1206 1182 1265 ὅν,
1228 1210 1253 1253 ὃ
1282 1214 1380 1266 περὶ
1405 1208 1576 1268 ὄρνιθος

122 1279 200 1320 τοῦ
227 1278 486 1331 καλουμένου
515 1278 696 1332 μέροπος
724 1276 745 1320 ὃ
775 1275 982 1327 Αἰλιανὸς
1011 1276 1192 1333 ἱστορεῖ,
1221 1281 1415 1335 ,,με’ροψ”
1447 1282 1577 1335 λέγων

123 1342 198 1397 ,,τὸ
229 1338 371 1399 ὄρνεον
404 1346 464 1393 εἰς
490 1339 676 1385 τούπίσω
701 1344 915 1387 πέταται.”
971 1346 1046 1385 καί
1073 1342 1215 1386 ἔπεισί
1234 1361 1307 1399 μοι
1336 1343 1577 1400 θαυμάζειν

123 1409 199 1466 τὴν
226 1411 429 1465 ἐπίσημον
455 1405 675 1466 ἀναφορὰν
703 1407 755 1464 ἢν
784 1411 913 1452 ἐκεῖνο
946 1405 1040 1464 ι’ἱγει
1067 1409 1111 1452 τὸ
1145 1412 1266 1463 ζῶον.

59 1502 113 1528 20
238 1475 295 1520 Τὸ
337 1478 384 1518 δὲ
421 1474 493 1518 τὸν
520 1476 780 1530 ἀλεκτρυόνα
821 1475 970 1526 νυκτὸς
998 1472 1117 1534 ᾄδειν
1143 1479 1188 1520 ἐν
1216 1478 1463 1534 ὡρισμένοις
1487 1496 1578 1522 και-

125 1548 214 1602 ροῖς
245 1543 297 1585 οὖ
322 1541 403 1600 πρὸ
434 1543 589 1585 πολλοῦ
631 1544 704 1598 τῆς
735 1544 813 1585 τοῦ
841 1542 964 1598 ἡλίου
995 1544 1200 1600 α’νατολῆς
1228 1547 1340 1595 τινὲς
1366 1547 1446 1600 μὲν
1475 1546 1580 1604 ἐφυ-

125 1725 224 1759 tisse.
250 1723 336 1757 huic
368 1724 406 1757 in
435 1724 593 1769 singulos
634 1736 744 1758 annos
783 1725 815 1758 D
841 1726 1015 1759 eiusmodi
1051 1726 1224 1772 quiddam
1249 1727 1440 1761 usuvenire
1465 1728 1580 1763 tradi-

126 1778 202 1812 tur,
227 1771 328 1818 quod
352 1771 483 1804 laetam
499 1772 598 1804 illam
625 1772 921 1806 resurrectionem
947 1775 1088 1819 egregie
1112 1774 1218 1807 nobis
1244 1774 1289 1808 ob
1315 1777 1437 1809 oculos
1461 1777 1579 1821 ponit.

126 1831 208 1853 nam
234 1819 363 1852 Graeci
399 1825 676 1852 commemorant
701 1830 780 1851 eum
814 1819 921 1853 finem
947 1833 1049 1854 suum
1086 1822 1362 1866 prospicientem
1403 1823 1441 1855 in
1466 1825 1582 1868 Aegy-

124 1873 227 1912 ptum
243 1876 320 1899 sese
334 1866 495 1899 conferre
520 1878 561 1899 ac
585 1866 652 1899 soli
672 1865 870 1900 obvertere.
900 1867 1031 1900 deinde
1056 1868 1094 1900 in
1116 1869 1301 1913 pulverem
1324 1870 1503 1911 exuritur,
1534 1870 1580 1903 de

125 1925 199 1959 quo
238 1914 386 1959 pulvere
417 1914 546 1947 vermis
591 1914 770 1954 nascitur,
812 1915 874 1958 qui
912 1927 1029 1948 rursus
1067 1915 1105 1947 in
1141 1915 1322 1948 volucrem
1346 1923 1582 1951 commutatur

127 1972 235 2006 quem
260 1960 475 2006 phoenicem
513 1961 676 1994 dicimus.
719 1966 827 2005 atque
855 1961 946 2002 hoc,
973 1968 1013 1995 ut
1035 1962 1292 2004 indicavimus,
1318 1970 1401 2008 post
1422 1965 1580 2009 singulos

127 2009 345 2053 quingentos
383 2020 494 2042 annos
520 2009 599 2042 fieri
636 2008 830 2041 consuevit.
852 2020 975 2053 passer
1007 2015 1125 2042 autem
1151 2009 1304 2054 Lybicus
1331 2011 1403 2044 avis
1434 2011 1580 2057 quidem

127 2062 182 2089 est
205 2055 295 2102 (alas
332 2056 429 2089 enim
454 2055 598 2099 habet),
633 2066 757 2088 verum
796 2067 871 2088 non
895 2057 992 2089 volat
1016 2062 1207 2102 propterea
1232 2057 1330 2103 quod
1353 2070 1489 2103 pennas
1515 2059 1582 2093 ha-

126 2102 214 2136 beat
249 2101 295 2135 ad
330 2103 490 2136 volatum
522 2115 596 2136 non
632 2104 716 2136 satis
752 2102 918 2144 idoneas,
957 2104 1011 2137 uti
1037 2115 1130 2149 quae
1159 2105 1244 2149 pilis
1270 2107 1474 2140 consimiles
1498 2107 1579 2140 sint.

126 2149 223 2183 idem
246 2149 348 2196 bipes
377 2157 432 2184 est
458 2151 575 2184 avium
598 2162 716 2191 more,
742 2149 806 2182 sed
830 2151 977 2194 ungulas
1003 2151 1132 2185 divisas
1159 2151 1270 2186 habet
1293 2158 1335 2186 ut
1362 2154 1581 2199 quadrupes.

127 2198 275 2230 unicum
308 2197 416 2231 modo
442 2197 555 2231 fetum
581 2199 654 2231 avis
685 2198 785 2230 nulla
812 2198 925 2242 gignit
950 2204 1091 2244 praeter
1117 2199 1277 2242 Ceycem.
1306 2201 1405 2245 quod
1433 2201 1580 2247 quidem

129 2245 170 2278 fit
194 2244 241 2278 ob
280 2245 357 2279 eius
389 2251 538 2279 naturae
563 2245 814 2290 frigiditatem,
858 2256 950 2290 quae
979 2246 1023 2279 de
1048 2246 1240 2280 formidine
1266 2248 1472 2294 colligitur:
1497 2260 1580 2283 nam

127 2292 198 2325 nisi
235 2292 383 2326 timidus
426 2299 536 2334 esset,
573 2304 654 2326 aves
692 2293 809 2337 ipsum
847 2293 1031 2327 universae
1067 2305 1139 2327 non
1165 2302 1478 2340 persequerentur.
1508 2309 1580 2342 quo

127 2339 207 2384 ipso
233 2339 274 2373 fit
298 2346 339 2374 ut
363 2339 458 2374 nidis
481 2341 608 2374 alienis
634 2346 765 2374 utatur.
793 2345 847 2374 est
871 2345 990 2374 autem
1014 2341 1188 2386 frigiditas
1216 2342 1354 2389 ubique
1379 2344 1580 2378 formidinis

131 2397 249 2421 causa.

220 2433 274 2467 Ne
311 2434 380 2468 hoc
418 2435 566 2480 quidem
605 2436 750 2469 silentio
779 2435 971 2480 praeterire
1002 2447 1172 2482 possum,
1205 2438 1326 2472 multis
1361 2438 1442 2473 aliis
1473 2438 1581 2473 rebus

131 2480 389 2523 admirabilius,
413 2483 511 2528 quod
535 2483 580 2516 de
609 2495 672 2517 ave
697 2495 803 2529 quam
826 2482 1009 2528 Meropem
1033 2491 1164 2518 vocant
1190 2486 1362 2519 Aelianus
1388 2487 1581 2520 memoriae

131 2528 304 2572 prodidit.
329 2541 490 2575 merops,
514 2531 655 2576 inquit,
682 2531 754 2564 avis
780 2536 972 2564 retrorsum
998 2532 1118 2573 volat,
1142 2543 1249 2577 quem
1277 2532 1421 2577 quidem
1445 2539 1582 2567 motum

131 2576 362 2621 velatumque
402 2577 509 2610 huius
534 2579 696 2612 animalis
718 2577 916 2612 notabilem
939 2590 979 2612 ac
1002 2579 1216 2614 inusitatum
1239 2579 1337 2612 haud
1361 2579 1423 2614 abs
1452 2592 1489 2614 re
1513 2582 1582 2614 mi-

135 2622 206 2655 rari
234 2622 341 2658 subit.

225 2671 299 2704 Iam
327 2671 425 2717 quod
446 2673 559 2716 gallus
575 2673 794 2717 gallinaceus
811 2677 920 2707 noctu
941 2674 1045 2708 certis
1064 2674 1161 2708 horis
1189 2680 1318 2716 cantet,
1344 2686 1417 2709 non
1430 2677 1582 2711 multum

135 2722 219 2752 ante
245 2718 329 2752 solis
355 2725 494 2762 ortum,
533 2720 609 2754 eius
635 2721 688 2754 rei
712 2732 849 2755 causam
874 2721 913 2754 in
937 2719 1033 2756 hunc
1062 2722 1208 2756 modum
1233 2723 1399 2757 nonnulli
1426 2723 1583 2770 explica·
