1826 3120
569 132 850 173 ANNAIAUM
893 134 1028 174 PARS
1069 134 1138 174 iv.
1446 115 1560 171 623

102 231 304 289 χρήματα
336 231 502 285 λαβών,
531 232 604 275 καὶ
631 236 682 289 τῇ
715 235 943 292 Ἀιτιοχειςι
970 231 1241 289 προσβαλών,
1270 237 1318 293 τῇ
1346 236 1563 295 πολιορκίᾳ

103 314 149 342 τε
190 298 345 355 ταύτην
390 296 497 340 ἑλών
539 302 623 340 τῶν
658 302 880 356 συνθηκῶν
915 300 1275 354 ἐπιλανθάνεται,
1322 303 1397 344 καί
1433 307 1562 356 χεῖρα

101 369 262 421 μᾶλλον
291 365 402 422 αἴρει
429 364 538 407 κατὰ
564 363 798 419 Ῥωμαίων.
869 370 1034 420 μέλλων
1073 368 1120 409 δὲ
1150 366 1252 423 πρὸς
1279 364 1461 424 ἑσπέραν
1489 367 1559 424 ἔρ-

102 436 261 487 χεσθαι
293 436 365 475 καί
389 433 519 489 μήπω
547 434 791 491 κατασχεθῇ
830 434 1052 489 πτοηθείς,
1080 431 1264 478 θάνατον
1293 431 1454 478 ἑαυτοῦ
1484 452 1561 478 κα-

67 499 393 552 5ταψεύδεται,
441 495 518 540 κᾶν
563 495 740 555 ὕστερον
779 501 1000 542 σπένδεται
1037 502 1096 558 τῷ
1123 504 1330 554 βασιλεῖ’»
1367 501 1472 555 μετὰ
1514 504 1561 544 δὲ

102 567 237 608 ταῦτα
265 572 382 608 νοσεῖ
403 562 425 604 ὁ
455 567 619 621 κρατῶν
638 567 838 608 τοσοῦτον
859 565 916 616 ὦς
940 568 1224 610 ἐκλελοιπέναι
1246 570 1396 611 δοκεῖν.
1428 585 1558 624 προσ·
1571 580 1606 614 Ρ.
1621 579 1688 615 335

102 633 318 684 κομίζεται
359 633 474 689 αὸτῷ
513 630 560 672 τὸ
604 634 681 673 τοῦ
709 636 896 687 σωτῆρος
933 631 1053 687 ἡμῶν
1093 632 1319 688 ε’κτύπωμα
1348 637 1427 676 τοῦ
1453 635 1557 678 κατὰ

101 697 176 752 τήν
205 700 381 753 Χαλκῆν
409 694 781 754 οἷνεστηλωμένου,
810 697 910 754 ὅπερ
954 694 1004 754 ἦν
1036 700 1081 741 έν
1108 701 1251 760 πέπλῳ
1276 703 1358 743 τινί
1378 702 1459 756 πρὸ
1488 702 1559 757 τῆς

103 763 262 814 εἰκόνος
295 765 613 822 α’πῃωρημένον.
669 762 948 824 τῗφαπλοῦται
994 769 1045 823 τῇ
1072 768 1201 824 κλίνῃ,
1230 767 1356 809 και“’ὄ
1387 769 1556 821 κάμνων

41 830 347 886 ιοοῖνέρρωται.
378 833 451 872 έπί
476 830 607 888 τούτῳ
638 829 770 887 φόβος
799 831 987 874 ὑποσειέι
1019 828 1068 872 οὗ
1096 832 1226 885 μόνον
1253 832 1299 874 τὸ
1332 832 1556 888 δημοτικὸν

101 894 212 939 daza*
241 899 314 939 καί
341 895 502 946 αυ’τοὺς
533 895 631 947 τούς
660 899 704 938 ἐν
732 899 868 938 τέλει·
926 899 1048 954 φήμη
1077 897 1158 953 γάρ
1179 898 1335 948 αὐτοὺς
1355 897 1557 956 κατεκρά-

100 979 161 1005 τει
189 963 247 1014 ὥς
275 961 297 1006 ὃ
329 965 497 1019 κρατῶν
530 965 623 1004 κατ’
661 964 794 1004 ἐκεῖνο
838 962 886 1004 τὸ
915 967 1024 1017 μέγα
1061 962 1302 1019 τεθνήξεται
1330 965 1556 1020 σάββατον.

100 1031 192 1072 ἀλλ’
211 1030 250 1085 ἦ
281 1024 457 1083 τοιαύτη
484 1028 605 1085 φήμη
631 1030 706 1070 καί
731 1026 869 1083 αὐτὴν·
888 1028 961 1084 τήν
1004 1033 1082 1071 τοῦ
1106 1032 1316 1083 βασιλέως
1345 1035 1559 1076 κατέσεισε

100 1093 262 1152 ψυχήν.
320 1093 483 1151 ψευδὴς
509 1097 556 1138 δὲ
586 1092 700 1148 ὅμως
722 1095 937 1149 ἠλέγχετο.
997 1093 1019 1136 ὗ·
1049 1098 1130 1148 μὲν
1156 1092 1232 1138 οὖν
1258 1097 1463 1150 βασιλεὺς
1489 1097 1557 1140 ἔκ-

41 1163 89 1205 15
103 1178 196 1206 τοτε
226 1164 326 1217 περὶ
352 1163 695 1204 Φιλιππούπολιν
738 1163 945 1216 διέτριβεν
974 1160 1050 1215 ἔαρ
1081 1159 1175 1204 ὅλον
1202 1164 1277 1204 καί
1303 1166 1443 1219 θέρος.
1509 1164 1554 1206 τό

102 1229 150 1270 δὲ
179 1227 312 1271 αἴτιον
341 1225 366 1284 ἦ
396 1227 502 1282 μετὰ
533 1230 616 1270 τῶν
633 1230 894 1281 ΖΠανιχαίων
922 1227 1118 1281 διάλεξις,
1138 1226 1211 1278 οὓς
1239 1228 1593 1279 ΠαυλικιάνουςΒ

100 1295 128 1350 ἦ
158 1295 356 1351 δημώδης
394 1291 592 1347 ὀνομάζει
632 1291 766 1350 φωνή.
845 1291 952 1335 πολι)
987 1295 1032 1335 δὲ
1060 1292 1105 1335 τὸ
1137 1297 1253 1348 γένος
1280 1297 1403 1337 τοῦτο
1431 1298 1475 1338 ἐν
1504 1298 1557 1353 τῇ

98 1361 222 1420 χώρᾳ
252 1360 388 1419 ταύτῃ
432 1362 709 1419 κατιιόκισται,
749 1361 824 1401 τοῦ
849 1360 1056 1413 βασιλέως
1076 1359 1273 1403 Ἰωάννου
1302 1363 1378 1404 τοῦ
1410 1363 1557 1415 Τζιμι-

101 1429 184 1484 σχῆ
209 1430 255 1471 ἐκ
282 1427 357 1483 τῆς
384 1424 492 1476 {niag-
521 1425 825 1483 καταγαγόντος
854 1425 954 1467 αὐτὸ
984 1422 1062 1467 miv
1089 1425 1225 1485 ταύτῃ
1247 1428 1556 1481 ἐγκατοικισαν-

37 1509 89 1536 20
102 1507 198 1545 τος·
257 1491 322 1544 οἷς
361 1491 412 1548 δή
449 1495 522 1534 καί
553 1491 844 1547 διαλεγόμενος
883 1490 1062 1542 πολλοὺς
1088 1490 1192 1547 πρὸς
1221 1491 1296 1550 τὴν
1327 1492 1555 1549 ὄρθόδοξον

101 1563 242 1604 πίστιν
277 1558 513 1615 μετήνεγκε.
579 1561 668 1600 κατ’
711 1560 840 1600 έκεῖνο
868 1557 940 1600 καί
977 1561 1123 1601 πολλοί
1148 1560 1366 1613 γεγόνασιν
1394 1561 1555 1615 ἐμπρη-

198 1711 230 1754 4.
262 1708 469 1752 κατεσχέθη
493 1706 529 1739 P.
649 1719 682 1752 9.
707 1705 979 1751 ἐφαπλοῦταιῖ

102 1855 174 1892 que
208 1844 371 1890 pecuniis
408 1844 561 1887 acceptis
600 1841 825 1875 Antiochiam
862 1842 1007 1874 nornine
1042 1842 1268 1885 imperatoris
1307 1841 1453 1876 adortus
1481 1849 1554 1887 est3

101 1903 208 1938 quam
242 1892 305 1925 ubi
341 1902 406 1936 per
430 1891 502 1923 vim
528 1894 766 1934 expugnatam
792 1889 967 1933 cepisset,
1010 1887 1180 1921 initorum
1209 1888 1392 1922 foederum
1419 1889 1556 1924 oblitus

100 1942 276 1974 Romanos
300 1939 396 1983 ipsos
420 1937 590 1970 invadere
615 1948 689 1969 non
717 1935 909 1969 dubitavit.
946 1935 1080 1968 deinde
1107 1945 1228 1968 versus
1254 1936 1475 1970 occidentem
1500 1938 1555 1971 fa-

102 1993 223 2021 ‘turus
256 1988 343 2027 iter,
377 1984 476 2031 quod
512 1990 696 2018 vereretur
727 1994 773 2016 ne
815 1982 950 2016 alieubi
995 1994 1014 2014 a
1053 1983 1219 2015 Romanis
1256 1983 1554 2029 interciperetur,

102 2035 194 2069 falso
220 2034 266 2068 de
297 2039 412 2066 morte
450 2043 512 2066 sua
554 2042 695 2063 rumore
737 2030 879 2071 didito,
921 2029 1018 2075 quod
1055 2029 1205 2062 volebat
1238 2029 1457 2076 adsequitur.
1490 2033 1554 2066 sed

100 2089 224 2116 tamen
248 2080 383 2114 deinde
407 2091 526 2113 rursus
549 2079 586 2111 in
612 2078 758 2123 gratiam
784 2089 863 2111 cum
887 2078 1103 2122 imperatore
1127 2076 1245 2109 rediit.
1269 2078 1297 2110 is
1312 2089 1395 2111 vero
1422 2090 1552 2113 secun-

103 2130 188 2163 dum
212 2129 301 2162 haec
324 2133 397 2161 tam
420 2127 515 2171 gravi
544 2131 730 2171 correptus
755 2130 810 2158 est
827 2124 970 2164 morbo,
995 2130 1035 2157 ut
1059 2124 1178 2156 animo
1207 2123 1349 2158 desecto
1373 2127 1551 2161 extinctus

103 2188 180 2211 esse
204 2176 398 2210 videretur.
424 2178 641 2220 quapropter
677 2172 723 2205 ad
749 2173 865 2217 ipsum
901 2172 1010 2205 allata
1035 2177 1088 2204 est
1114 2171 1245 2215 effigies
1271 2173 1458 2206 servatoris
1485 2186 1551 2208 no-

103 2226 167 2259 stri
197 2223 243 2257 ad
268 2222 437 2256 Chalcem
461 2222 588 2261 erecti,
615 2231 707 2265 quae
733 2220 770 2252 in
795 2219 906 2265 peplo
932 2218 1086 2264 quodam
1111 2225 1194 2251 ante
1221 2219 1414 2264 imaginem
1440 2221 1552 2266 ipsam

102 2282 277 2318 suspensa
301 2269 534 2314 conspicitur.
563 2268 651 2300 haec
675 2278 786 2312 quum
814 2267 851 2300 in
878 2266 1094 2311 aegrotantis
1124 2266 1256 2299 lectum
1284 2278 1438 2311 expansa
1466 2270 1554 2301 fuis-

103 2325 175 2360 set,
197 2320 291 2352 vires
316 2317 474 2351 ,omnino
511 2315 744 2360 recuperavit.
779 2325 820 2347 ea
862 2325 917 2347 res
942 2325 1016 2346 non
1054 2312 1161 2346 modo
1196 2313 1342 2358 plebem
1367 2314 1430 2347 sed
1458 2316 1554 2360 ipsos

105 2367 212 2400 etiam
240 2375 405 2411 proceres
435 2368 546 2408 atque
568 2363 798 2407 magistratus
824 2366 922 2394 metu
958 2359 1113 2406 quodam
1145 2361 1309 2405 perculit.
1336 2373 1418 2394 nam
1447 2363 1554 2407 vulgo

104 2424 224 2447 rumor
251 2411 442 2445 obtinebat
466 2410 627 2444 futurum
653 2415 693 2442 ut
717 2409 911 2454 imperator
934 2407 998 2441 illo
1019 2408 1098 2452 ipso
1124 2419 1252 2452 magno
1281 2407 1430 2441 sabbato
1448 2416 1556 2443 natu-

104 2472 164 2494 rae
201 2459 363 2493 debitum
397 2458 635 2503 persolveret3
672 2456 733 2502 qui
770 2455 915 2501 quidem
949 2454 994 2487 ad
1027 2455 1276 2499 imperatorem
1310 2455 1451 2489 delatus
1480 2456 1554 2490 non

102 2519 230 2554 parum
254 2508 331 2540 eius
357 2507 513 2539 animum
537 2505 771 2543 cruciaverat,
798 2512 1002 2548 quanquam
1024 2508 1172 2535 eventus
1188 2502 1263 2547 ipse
1289 2502 1415 2535 falsum
1442 2504 1554 2537 fuisse

105 2555 238 2588 docuit.
264 2555 309 2587 ab
339 2554 409 2587 hoc
435 2551 563 2585 morbo
592 2552 693 2584 iuxta
711 2550 993 2595 Philippopolim
1018 2561 1163 2582 vernum
1189 2549 1434 2594 aestivumque
1461 2556 1556 2584 tem-

103 2613 170 2647 pus
200 2602 320 2644 exegit
345 2601 562 2646 imperator,
591 2598 638 2631 ob
662 2609 770 2630 unam
798 2597 892 2630 hanc
920 2608 1080 2637 causam,
1107 2596 1204 2642 quod
1229 2607 1307 2629 cum
1334 2596 1554 2632 Manichaeis

106 2649 151 2682 de
178 2649 352 2692 religione
391 2648 604 2686 dissereret,
639 2657 730 2690 quos
764 2645 890 2690 vulgus
925 2643 1107 2678 hominum
1133 2643 1356 2676 Paulicianos
1379 2646 1552 2690 appellat.

105 2708 146 2728 ea
171 2696 272 2728 natio
311 2706 395 2728 sane
435 2693 620 2739 perampla
660 2693 699 2725 in
736 2692 834 2726 hisce
859 2692 992 2726 finibus
1021 2690 1232 2731 habitabat,
1251 2701 1293 2723 ex
1318 2690 1470 2724 Oriente*
1490 2705 1552 2737 per

103 2742 301 2778 Iohannem
326 2741 532 2777 Zimischem
559 2740 629 2774 huc
652 2740 824 2774 translata
850 2746 886 2774 et
917 2740 954 2774 in
979 2738 1140 2773 colonias
1165 2739 1266 2785 quasi
1290 2737 1463 2784 quasdam
1488 2740 1552 2773 de-
