<?xml version="1.0" encoding="UTF-8"?>
<!DOCTYPE html PUBLIC "-//W3C//DTD XHTML 1.0 Transitional//EN"
    "http://www.w3.org/TR/xhtml1/DTD/xhtml1-transitional.dtd">
<html xmlns="http://www.w3.org/1999/xhtml" xml:lang="en" lang="en">
 <head>
  <title>
</title>
<meta http-equiv="Content-Type" content="text/html;charset=utf-8" />
  <meta name='ocr-system' content='tesseract 3.04.00' />
  <meta name='ocr-capabilities' content='ocr_page ocr_carea ocr_par ocr_line ocrx_word'/>
</head>
<body>
  <div class='ocr_page' id='page_1' title='image "./corpusscriptorum37niebuoft_0327.png"; bbox 0 0 1826 3120; ppageno 0'>
   <div class='ocr_carea' id='block_1_1' title="bbox 606 148 1595 209">
    <p class='ocr_par' dir='ltr' id='par_1_1' title="bbox 606 148 1595 209">
     <span class='ocr_line' id='line_1_1' title="bbox 606 148 1595 209; baseline -0.003 -4"><span class='ocrx_word' id='word_1_1' title='bbox 606 165 889 208; x_wconf 69' lang='lat' dir='ltr'><strong>ANNAIAUM</strong></span> <span class='ocrx_word' id='word_1_2' title='bbox 929 167 1064 209; x_wconf 72' lang='lat' dir='ltr'>PARS</span> <span class='ocrx_word' id='word_1_3' title='bbox 1104 159 1158 208; x_wconf 77' lang='grc' dir='ltr'>η.</span> <span class='ocrx_word' id='word_1_4' title='bbox 1484 148 1595 204; x_wconf 82' lang='lat'>305</span> 
     </span>
    </p>
   </div>
   <div class='ocr_carea' id='block_1_2' title="bbox 72 255 1738 1648">
    <p class='ocr_par' dir='ltr' id='par_1_2' title="bbox 82 255 1738 984">
     <span class='ocr_line' id='line_1_2' title="bbox 146 255 1600 322; baseline 0.005 -20"><span class='ocrx_word' id='word_1_5' title='bbox 146 258 343 314; x_wconf 57' lang='grc' dir='ltr'><strong><em>εὐμήκεις</em></strong></span> <span class='ocrx_word' id='word_1_6' title='bbox 378 255 510 316; x_wconf 70' lang='grc' dir='ltr'>Ιἦσαν·</span> <span class='ocrx_word' id='word_1_7' title='bbox 586 266 627 306; x_wconf 83' lang='grc' dir='ltr'><strong><em>εἰ</em></strong></span> <span class='ocrx_word' id='word_1_8' title='bbox 665 263 721 320; x_wconf 69' lang='grc' dir='ltr'>μ’)</span> <span class='ocrx_word' id='word_1_9' title='bbox 768 264 848 320; x_wconf 71' lang='grc' dir='ltr'><strong><em>γὰρ</em></strong></span> <span class='ocrx_word' id='word_1_10' title='bbox 890 267 1013 308; x_wconf 78' lang='grc' dir='ltr'><strong><em>τοῦτο</em></strong></span> <span class='ocrx_word' id='word_1_11' title='bbox 1059 261 1143 322; x_wconf 73' lang='grc' dir='ltr'><strong><em>ἦν,</em></strong></span> <span class='ocrx_word' id='word_1_12' title='bbox 1183 268 1259 310; x_wconf 75' lang='grc' dir='ltr'>οὐκ</span> <span class='ocrx_word' id='word_1_13' title='bbox 1295 265 1348 311; x_wconf 70' lang='grc' dir='ltr'>ἄν</span> <span class='ocrx_word' id='word_1_14' title='bbox 1376 265 1495 316; x_wconf 62' lang='grc' dir='ltr'><strong><em>υἱούς</em></strong></span> <span class='ocrx_word' id='word_1_15' title='bbox 1524 269 1600 309; x_wconf 76' lang='grc' dir='ltr'><strong><em>τοῦ</em></strong></span> 
     </span>
     <span class='ocr_line' id='line_1_3' title="bbox 143 327 772 384; baseline 0.005 -14"><span class='ocrx_word' id='word_1_16' title='bbox 143 327 290 370; x_wconf 79' lang='grc' dir='ltr'><strong><em>Ἐναὰκ</em></strong></span> <span class='ocrx_word' id='word_1_17' title='bbox 317 329 501 379; x_wconf 77' lang='grc' dir='ltr'><strong><em>ἐκείνους</em></strong></span> <span class='ocrx_word' id='word_1_18' title='bbox 534 328 772 384; x_wconf 70' lang='grc' dir='ltr'><strong><em>ὠνόμασαν.</em></strong></span> 
     </span>
     <span class='ocr_line' id='line_1_4' title="bbox 228 391 1599 460; baseline 0.006 -24"><span class='ocrx_word' id='word_1_19' title='bbox 228 393 418 436; x_wconf 58' lang='grc' dir='ltr'><strong><em>“Ἰστέυν</em></strong></span> <span class='ocrx_word' id='word_1_20' title='bbox 449 391 515 437; x_wconf 80' lang='grc' dir='ltr'><strong><em>ὅτι</em></strong></span> <span class='ocrx_word' id='word_1_21' title='bbox 551 398 714 451; x_wconf 80' lang='grc' dir='ltr'><strong><em>πρῶτος</em></strong></span> <span class='ocrx_word' id='word_1_22' title='bbox 753 396 879 450; x_wconf 84' lang='grc' dir='ltr'><strong><em>νόμος</em></strong></span> <span class='ocrx_word' id='word_1_23' title='bbox 920 401 1021 452; x_wconf 85' lang='grc' dir='ltr'><strong><em>παρ’</em></strong></span> <span class='ocrx_word' id='word_1_24' title='bbox 1047 398 1259 455; x_wconf 77' lang='grc' dir='ltr'><em>Ἑβραίοις</em></span> <span class='ocrx_word' id='word_1_25' title='bbox 1302 403 1346 443; x_wconf 83' lang='grc' dir='ltr'>ἐν</span> <span class='ocrx_word' id='word_1_26' title='bbox 1375 400 1503 460; x_wconf 78' lang='grc' dir='ltr'><strong><em>ἐξόδῳ</em></strong></span> <span class='ocrx_word' id='word_1_27' title='bbox 1530 403 1599 457; x_wconf 75' lang='grc' dir='ltr'>γέ-</span> 
     </span>
     <span class='ocr_line' id='line_1_5' title="bbox 143 455 1598 522; baseline 0.006 -22"><span class='ocrx_word' id='word_1_28' title='bbox 143 473 332 514; x_wconf 76' lang='grc' dir='ltr'><strong><em>γραπται</em></strong></span> <span class='ocrx_word' id='word_1_29' title='bbox 358 455 492 510; x_wconf 71' lang='grc' dir='ltr'><strong><em>οὗτος.</em></strong></span> <span class='ocrx_word' id='word_1_30' title='bbox 552 463 626 504; x_wconf 70' lang='grc' dir='ltr'>οὐκ</span> <span class='ocrx_word' id='word_1_31' title='bbox 655 461 825 504; x_wconf 80' lang='grc' dir='ltr'><strong><em>ἔσονταί</em></strong></span> <span class='ocrx_word' id='word_1_32' title='bbox 849 479 916 505; x_wconf 87' lang='grc' dir='ltr'><strong><em>σοι</em></strong></span> <span class='ocrx_word' id='word_1_33' title='bbox 941 463 1038 505; x_wconf 72' lang='grc' dir='ltr'><strong><em>θεοί</em></strong></span> <span class='ocrx_word' id='word_1_34' title='bbox 1071 467 1206 520; x_wconf 74' lang='grc' dir='ltr'><strong><em>ἕτεροι</em></strong></span> <span class='ocrx_word' id='word_1_35' title='bbox 1235 466 1341 522; x_wconf 72' lang='grc' dir='ltr'><strong><em>πλὴν</em></strong></span> <span class='ocrx_word' id='word_1_36' title='bbox 1369 469 1489 520; x_wconf 80' lang='grc' dir='ltr'><strong><em>ἐμοῦ.</em></strong></span> <span class='ocrx_word' id='word_1_37' title='bbox 1548 463 1598 509; x_wconf 79' lang='grc' dir='ltr'>οὗ</span> 
     </span>
     <span class='ocr_line' id='line_1_6' title="bbox 109 525 1738 590; baseline 0.006 -23"><span class='ocrx_word' id='word_1_38' title='bbox 109 525 336 580; x_wconf 58' lang='grc' dir='ltr'><strong><em>δ’ποιήσεις</em></strong></span> <span class='ocrx_word' id='word_1_39' title='bbox 377 529 544 586; x_wconf 71' lang='grc' dir='ltr'><strong><em>σεαυτῷ</em></strong></span> <span class='ocrx_word' id='word_1_40' title='bbox 590 527 761 570; x_wconf 81' lang='grc' dir='ltr'><strong><em>εἴδωλον</em></strong></span> <span class='ocrx_word' id='word_1_41' title='bbox 805 530 905 571; x_wconf 77' lang='grc' dir='ltr'><strong><em>ου’δὲ</em></strong></span> <span class='ocrx_word' id='word_1_42' title='bbox 943 530 1093 580; x_wconf 87' lang='grc' dir='ltr'><strong><em>παντὸς</em></strong></span> <span class='ocrx_word' id='word_1_43' title='bbox 1129 531 1324 586; x_wconf 78' lang='grc' dir='ltr'><strong><em>ὁμοίωμα</em></strong></span> <span class='ocrx_word' id='word_1_44' title='bbox 1363 531 1443 576; x_wconf 74' lang='grc' dir='ltr'>ὅσα</span> <span class='ocrx_word' id='word_1_45' title='bbox 1471 537 1515 577; x_wconf 81' lang='grc' dir='ltr'>ἐν</span> <span class='ocrx_word' id='word_1_46' title='bbox 1542 535 1602 590; x_wconf 73' lang='grc' dir='ltr'><strong><em>τῷ</em></strong></span> <span class='ocrx_word' id='word_1_47' title='bbox 1616 546 1738 580; x_wconf 70' lang='lat' dir='ltr'>V-126</span> 
     </span>
     <span class='ocr_line' id='line_1_7' title="bbox 147 587 1648 652; baseline 0.008 -21"><span class='ocrx_word' id='word_1_48' title='bbox 147 591 314 649; x_wconf 73' lang='grc' dir='ltr'><strong><em>ου’ρανῷ</em></strong></span> <span class='ocrx_word' id='word_1_49' title='bbox 342 587 430 634; x_wconf 69' lang='grc' dir='ltr'>ἅνω</span> <span class='ocrx_word' id='word_1_50' title='bbox 459 596 531 635; x_wconf 84' lang='grc' dir='ltr'>καί</span> <span class='ocrx_word' id='word_1_51' title='bbox 561 591 641 636; x_wconf 73' lang='grc' dir='ltr'>ὅσα</span> <span class='ocrx_word' id='word_1_52' title='bbox 668 595 712 636; x_wconf 79' lang='grc' dir='ltr'>ἐν</span> <span class='ocrx_word' id='word_1_53' title='bbox 731 597 784 651; x_wconf 80' lang='grc' dir='ltr'><strong><em>τῇ</em></strong></span> <span class='ocrx_word' id='word_1_54' title='bbox 809 596 863 652; x_wconf 73' lang='lat' dir='ltr'><em>ij</em></span> <span class='ocrx_word' id='word_1_55' title='bbox 884 594 1007 638; x_wconf 82' lang='grc' dir='ltr'><strong><em>κάτω.</em></strong></span> <span class='ocrx_word' id='word_1_56' title='bbox 1037 598 1114 638; x_wconf 74' lang='grc' dir='ltr'>οπῖκ</span> <span class='ocrx_word' id='word_1_57' title='bbox 1143 597 1253 640; x_wconf 80' lang='grc' dir='ltr'><strong><em>ἔστιν</em></strong></span> <span class='ocrx_word' id='word_1_58' title='bbox 1284 600 1472 642; x_wconf 72' lang='grc' dir='ltr'><strong><em>ἐνταῦθα</em></strong></span> <span class='ocrx_word' id='word_1_59' title='bbox 1500 618 1603 642; x_wconf 83' lang='grc' dir='ltr'><strong><em>ταυ-</em></strong></span> <span class='ocrx_word' id='word_1_60' title='bbox 1644 630 1648 635; x_wconf 88' lang='grc'>-</span> 
     </span>
     <span class='ocr_line' id='line_1_8' title="bbox 144 658 1601 720; baseline 0.008 -23"><span class='ocrx_word' id='word_1_61' title='bbox 144 660 312 712; x_wconf 79' lang='grc' dir='ltr'><strong><em>τολογία</em></strong></span> <span class='ocrx_word' id='word_1_62' title='bbox 351 659 399 700; x_wconf 84' lang='grc' dir='ltr'><strong><em>τό</em></strong></span> <span class='ocrx_word' id='word_1_63' title='bbox 427 675 471 701; x_wconf 82' lang='grc' dir='ltr'>τε</span> <span class='ocrx_word' id='word_1_64' title='bbox 511 658 684 702; x_wconf 84' lang='grc' dir='ltr'><strong><em>εἴδωλον</em></strong></span> <span class='ocrx_word' id='word_1_65' title='bbox 725 660 798 702; x_wconf 78' lang='grc' dir='ltr'>καί</span> <span class='ocrx_word' id='word_1_66' title='bbox 836 660 880 702; x_wconf 84' lang='grc' dir='ltr'><strong><em>τὸ</em></strong></span> <span class='ocrx_word' id='word_1_67' title='bbox 913 661 1139 716; x_wconf 81' lang='grc' dir='ltr'><strong><em>ὁμοίωμα·</em></strong></span> <span class='ocrx_word' id='word_1_68' title='bbox 1212 663 1256 706; x_wconf 73' lang='grc' dir='ltr'><strong><em>τὸ</em></strong></span> <span class='ocrx_word' id='word_1_69' title='bbox 1291 664 1372 720; x_wconf 76' lang='grc' dir='ltr'><strong><em>γὰρ</em></strong></span> <span class='ocrx_word' id='word_1_70' title='bbox 1406 663 1601 720; x_wconf 76' lang='grc' dir='ltr'><strong><em>ὁμοίωμα</em></strong></span> 
     </span>
     <span class='ocr_line' id='line_1_9' title="bbox 143 722 1646 781; baseline 0.006 -16"><span class='ocrx_word' id='word_1_71' title='bbox 143 722 256 773; x_wconf 85' lang='grc' dir='ltr'><strong><em>τινός</em></strong></span> <span class='ocrx_word' id='word_1_72' title='bbox 284 726 396 766; x_wconf 81' lang='grc' dir='ltr'><strong><em>ἐστιν</em></strong></span> <span class='ocrx_word' id='word_1_73' title='bbox 425 725 618 778; x_wconf 79' lang='grc' dir='ltr'><strong><em>ὁμοίωμα</em></strong></span> <span class='ocrx_word' id='word_1_74' title='bbox 651 725 732 768; x_wconf 79' lang='grc' dir='ltr'><strong><em>εἴτε</em></strong></span> <span class='ocrx_word' id='word_1_75' title='bbox 760 729 964 781; x_wconf 72' lang='grc' dir='ltr'><strong><em>χερσαίου</em></strong></span> <span class='ocrx_word' id='word_1_76' title='bbox 996 727 1106 780; x_wconf 82' lang='grc' dir='ltr'><strong><em>ζώου</em></strong></span> <span class='ocrx_word' id='word_1_77' title='bbox 1141 727 1224 771; x_wconf 82' lang='grc' dir='ltr'><strong><em>εἴτε</em></strong></span> <span class='ocrx_word' id='word_1_78' title='bbox 1256 733 1490 773; x_wconf 76' lang='grc' dir='ltr'><strong><em>θαλαττίου</em></strong></span> <span class='ocrx_word' id='word_1_79' title='bbox 1522 731 1646 775; x_wconf 78' lang='grc' dir='ltr'><strong><em>εἴτεῐ)</em></strong></span> 
     </span>
     <span class='ocr_line' id='line_1_10' title="bbox 141 789 1601 852; baseline 0.007 -22"><span class='ocrx_word' id='word_1_80' title='bbox 141 791 308 844; x_wconf 71' lang='grc' dir='ltr'><strong><em>πτηνοῦ,</em></strong></span> <span class='ocrx_word' id='word_1_81' title='bbox 337 789 381 832; x_wconf 82' lang='grc' dir='ltr'><strong><em>τὸ</em></strong></span> <span class='ocrx_word' id='word_1_82' title='bbox 419 793 464 833; x_wconf 80' lang='grc' dir='ltr'>δὲ</span> <span class='ocrx_word' id='word_1_83' title='bbox 494 790 668 834; x_wconf 82' lang='grc' dir='ltr'><strong><em>εἴδωλον</em></strong></span> <span class='ocrx_word' id='word_1_84' title='bbox 693 791 795 834; x_wconf 70' lang='grc' dir='ltr'><strong><em>κατὰ</em></strong></span> <span class='ocrx_word' id='word_1_85' title='bbox 818 792 895 847; x_wconf 75' lang='grc' dir='ltr'>τήν</span> <span class='ocrx_word' id='word_1_86' title='bbox 932 793 1166 849; x_wconf 77' lang='grc' dir='ltr'><strong><em>Ώριγένους</em></strong></span> <span class='ocrx_word' id='word_1_87' title='bbox 1194 792 1386 852; x_wconf 67' lang='grc' dir='ltr'><strong><em>ἐξήγησιν</em></strong></span> <span class='ocrx_word' id='word_1_88' title='bbox 1413 796 1601 840; x_wconf 74' lang='grc' dir='ltr'><strong><em>α’νάπλα-</em></strong></span> 
     </span>
     <span class='ocr_line' id='line_1_11' title="bbox 82 856 1599 918; baseline 0.005 -20"><span class='ocrx_word' id='word_1_89' title='bbox 82 872 232 908; x_wconf 76' lang='grc' dir='ltr'><strong><em>ιοσμα</em></strong></span> <span class='ocrx_word' id='word_1_90' title='bbox 261 858 446 906; x_wconf 73' lang='grc' dir='ltr'><strong><em>διανοίας</em></strong></span> <span class='ocrx_word' id='word_1_91' title='bbox 489 856 772 902; x_wconf 77' lang='grc' dir='ltr'><strong><em>ἀνυπόστατόν</em></strong></span> <span class='ocrx_word' id='word_1_92' title='bbox 809 861 948 913; x_wconf 83' lang='grc' dir='ltr'><strong><em>ἐστιν,</em></strong></span> <span class='ocrx_word' id='word_1_93' title='bbox 988 861 1044 910; x_wconf 83' lang='grc' dir='ltr'><strong><em>ὠς</em></strong></span> <span class='ocrx_word' id='word_1_94' title='bbox 1073 862 1094 902; x_wconf 81' lang='grc' dir='ltr'>ὁ</span> <span class='ocrx_word' id='word_1_95' title='bbox 1125 864 1225 917; x_wconf 83' lang='grc' dir='ltr'><strong><em>παρ’</em></strong></span> <span class='ocrx_word' id='word_1_96' title='bbox 1256 865 1509 918; x_wconf 80' lang='grc' dir='ltr'><strong><em>Αἰγυπτίοις</em></strong></span> <span class='ocrx_word' id='word_1_97' title='bbox 1537 883 1599 906; x_wconf 55' lang='grc' dir='ltr'>τιᾳ</span> 
     </span>
     <span class='ocr_line' id='line_1_12' title="bbox 141 922 1492 984; baseline 0.005 -20"><span class='ocrx_word' id='word_1_98' title='bbox 141 923 332 977; x_wconf 83' lang='grc' dir='ltr'><strong><em>μοόμενος</em></strong></span> <span class='ocrx_word' id='word_1_99' title='bbox 360 926 642 980; x_wconf 78' lang='grc' dir='ltr'><strong><em>κυνοκέφαλος</em></strong></span> <span class='ocrx_word' id='word_1_100' title='bbox 667 926 741 967; x_wconf 79' lang='grc' dir='ltr'><em>καί</em></span> <span class='ocrx_word' id='word_1_101' title='bbox 765 922 786 967; x_wconf 83' lang='grc' dir='ltr'><em>ὃ</em></span> <span class='ocrx_word' id='word_1_102' title='bbox 815 930 916 982; x_wconf 85' lang='grc' dir='ltr'><strong><em>παρ’</em></strong></span> <span class='ocrx_word' id='word_1_103' title='bbox 934 923 1124 984; x_wconf 84' lang='grc' dir='ltr'><strong><em>Ἕλλησιν</em></strong></span> <span class='ocrx_word' id='word_1_104' title='bbox 1152 928 1492 984; x_wconf 80' lang='grc' dir='ltr'><strong><em>ἱπποκένταυρος.</em></strong></span> 
     </span>
    </p>

    <p class='ocr_par' dir='ltr' id='par_1_3' title="bbox 141 988 1603 1182">
     <span class='ocr_line' id='line_1_13' title="bbox 251 988 1602 1052; baseline 0.004 -21"><span class='ocrx_word' id='word_1_105' title='bbox 251 988 381 1031; x_wconf 74' lang='grc' dir='ltr'><strong><em>Μετὰ</em></strong></span> <span class='ocrx_word' id='word_1_106' title='bbox 420 992 561 1041; x_wconf 80' lang='grc' dir='ltr'><strong><em>μέντοι</em></strong></span> <span class='ocrx_word' id='word_1_107' title='bbox 590 990 663 1034; x_wconf 83' lang='grc' dir='ltr'>τὸν</span> <span class='ocrx_word' id='word_1_108' title='bbox 704 993 780 1034; x_wconf 79' lang='grc' dir='ltr'><strong><em>τοῦ</em></strong></span> <span class='ocrx_word' id='word_1_109' title='bbox 806 994 934 1050; x_wconf 79' lang='grc' dir='ltr'><strong><em>Ναυῆ</em></strong></span> <span class='ocrx_word' id='word_1_110' title='bbox 960 995 1127 1050; x_wconf 81' lang='grc' dir='ltr'><strong><em>Ἰησοῦν</em></strong></span> <span class='ocrx_word' id='word_1_111' title='bbox 1155 994 1238 1036; x_wconf 73' lang='grc' dir='ltr'>ὑπὸ</span> <span class='ocrx_word' id='word_1_112' title='bbox 1269 997 1422 1052; x_wconf 72' lang='grc' dir='ltr'><strong><em>κριτῶν</em></strong></span> <span class='ocrx_word' id='word_1_113' title='bbox 1450 994 1471 1036; x_wconf 80' lang='grc' dir='ltr'><em>ὃ</em></span> <span class='ocrx_word' id='word_1_114' title='bbox 1502 996 1602 1045; x_wconf 81' lang='grc' dir='ltr'><strong><em>λαός</em></strong></span> 
     </span>
     <span class='ocr_line' id='line_1_14' title="bbox 142 1049 1603 1118; baseline 0.004 -21"><span class='ocrx_word' id='word_1_115' title='bbox 142 1053 343 1109; x_wconf 76' lang='grc' dir='ltr'><strong><em>ἐκρίνετο.</em></strong></span> <span class='ocrx_word' id='word_1_116' title='bbox 402 1049 461 1097; x_wconf 78' lang='grc' dir='ltr'>ὧν</span> <span class='ocrx_word' id='word_1_117' title='bbox 490 1061 653 1111; x_wconf 73' lang='grc' dir='ltr'><strong><em>πρῶτος</em></strong></span> <span class='ocrx_word' id='word_1_118' title='bbox 678 1058 848 1108; x_wconf 79' lang='grc' dir='ltr'><strong><em>Ἰούδας</em></strong></span> <span class='ocrx_word' id='word_1_119' title='bbox 888 1059 911 1101; x_wconf 77' lang='grc' dir='ltr'><em>ὅ</em></span> <span class='ocrx_word' id='word_1_120' title='bbox 939 1059 1010 1103; x_wconf 86' lang='grc' dir='ltr'>τὸν</span> <span class='ocrx_word' id='word_1_121' title='bbox 1040 1062 1312 1114; x_wconf 81' lang='grc' dir='ltr'><strong><em>Ἀδωνιβεζὲκ</em></strong></span> <span class='ocrx_word' id='word_1_122' title='bbox 1337 1063 1603 1118; x_wconf 73' lang='grc' dir='ltr'><strong><em>χειρωσάμε-</em></strong></span> 
     </span>
     <span class='ocr_line' id='line_1_15' title="bbox 141 1119 1602 1182; baseline 0.006 -21"><span class='ocrx_word' id='word_1_123' title='bbox 141 1135 208 1174; x_wconf 83' lang='grc' dir='ltr'>νος</span> <span class='ocrx_word' id='word_1_124' title='bbox 238 1119 313 1163; x_wconf 78' lang='grc' dir='ltr'><strong><em>καί</em></strong></span> <span class='ocrx_word' id='word_1_125' title='bbox 354 1121 674 1178; x_wconf 66' lang='grc' dir='ltr'><strong><em>ἀκρωτηριάσας</em></strong></span> <span class='ocrx_word' id='word_1_126' title='bbox 703 1121 839 1167; x_wconf 74' lang='grc' dir='ltr'><strong><em>αὗτοῢ</em></strong></span> <span class='ocrx_word' id='word_1_127' title='bbox 881 1125 1028 1181; x_wconf 79' lang='grc' dir='ltr'><strong><em>χεῖράς</em></strong></span> <span class='ocrx_word' id='word_1_128' title='bbox 1055 1143 1101 1169; x_wconf 90' lang='grc' dir='ltr'>τε</span> <span class='ocrx_word' id='word_1_129' title='bbox 1132 1127 1204 1169; x_wconf 82' lang='grc' dir='ltr'>καί</span> <span class='ocrx_word' id='word_1_130' title='bbox 1234 1126 1389 1182; x_wconf 85' lang='grc' dir='ltr'><strong><em>πόδας,</em></strong></span> <span class='ocrx_word' id='word_1_131' title='bbox 1424 1131 1602 1181; x_wconf 80' lang='grc' dir='ltr'><strong><em>βασιλέα</em></strong></span> 
     </span>
    </p>

    <p class='ocr_par' dir='ltr' id='par_1_4' title="bbox 81 1184 1724 1515">
     <span class='ocr_line' id='line_1_16' title="bbox 81 1184 1603 1247; baseline 0.005 -20"><span class='ocrx_word' id='word_1_132' title='bbox 81 1186 222 1229; x_wconf 72' lang='grc' dir='ltr'><strong><em>ιὸτῶν</em></strong></span> <span class='ocrx_word' id='word_1_133' title='bbox 248 1187 500 1244; x_wconf 71' lang='grc' dir='ltr'><strong><em>ἀλλοφύλων</em></strong></span> <span class='ocrx_word' id='word_1_134' title='bbox 548 1184 665 1232; x_wconf 68' lang='grc' dir='ltr'><strong><em>ὄντα.</em></strong></span> <span class='ocrx_word' id='word_1_135' title='bbox 734 1190 773 1233; x_wconf 80' lang='grc' dir='ltr'>οἱ</span> <span class='ocrx_word' id='word_1_136' title='bbox 804 1192 886 1247; x_wconf 72' lang='grc' dir='ltr'><strong><em>γὰρ</em></strong></span> <span class='ocrx_word' id='word_1_137' title='bbox 918 1195 1155 1235; x_wconf 71' lang='grc' dir='ltr'><strong><em>λἀναναῖοι</em></strong></span> <span class='ocrx_word' id='word_1_138' title='bbox 1182 1193 1285 1247; x_wconf 64' lang='grc' dir='ltr'><strong><em>μετὰ</em></strong></span> <span class='ocrx_word' id='word_1_139' title='bbox 1315 1196 1500 1237; x_wconf 74' lang='grc' dir='ltr'><strong><em>θάνατον</em></strong></span> <span class='ocrx_word' id='word_1_140' title='bbox 1528 1193 1603 1236; x_wconf 77' lang='grc' dir='ltr'><strong><em>τοῦ</em></strong></span> 
     </span>
     <span class='ocr_line' id='line_1_17' title="bbox 135 1252 1663 1318; baseline 0.005 -22"><span class='ocrx_word' id='word_1_141' title='bbox 135 1252 283 1308; x_wconf 81' lang='grc' dir='ltr'><strong><em>Ἰησοῦ</em></strong></span> <span class='ocrx_word' id='word_1_142' title='bbox 314 1257 520 1310; x_wconf 79' lang='grc' dir='ltr'><strong><em>κρατῆσαι</em></strong></span> <span class='ocrx_word' id='word_1_143' title='bbox 548 1257 633 1298; x_wconf 78' lang='grc' dir='ltr'>τῶν</span> <span class='ocrx_word' id='word_1_144' title='bbox 667 1256 892 1300; x_wconf 82' lang='grc' dir='ltr'><strong><em>Ἰουδαίων</em></strong></span> <span class='ocrx_word' id='word_1_145' title='bbox 929 1258 1218 1316; x_wconf 72' lang='grc' dir='ltr'><strong><em>θαρρήσαντες</em></strong></span> <span class='ocrx_word' id='word_1_146' title='bbox 1243 1262 1303 1318; x_wconf 70' lang='grc' dir='ltr'><strong><em>τῷ</em></strong></span> <span class='ocrx_word' id='word_1_147' title='bbox 1330 1262 1603 1315; x_wconf 78' lang='grc' dir='ltr'><strong><em>Ἁδωνιβεζὲκ</em></strong></span> <span class='ocrx_word' id='word_1_148' title='bbox 1660 1275 1663 1278; x_wconf 73' lang='grc'><em>’</em></span> 
     </span>
     <span class='ocr_line' id='line_1_18' title="bbox 135 1317 1603 1382; baseline 0.005 -22"><span class='ocrx_word' id='word_1_149' title='bbox 135 1317 208 1375; x_wconf 72' lang='grc' dir='ltr'>τὴν</span> <span class='ocrx_word' id='word_1_150' title='bbox 234 1318 454 1374; x_wconf 78' lang='grc' dir='ltr'><strong><em>ἡγεμονίαν</em></strong></span> <span class='ocrx_word' id='word_1_151' title='bbox 483 1322 778 1378; x_wconf 79' lang='grc' dir='ltr'><strong><em>ἐπιτρέπουσι,</em></strong></span> <span class='ocrx_word' id='word_1_152' title='bbox 807 1324 882 1366; x_wconf 86' lang='grc' dir='ltr'><em>καί</em></span> <span class='ocrx_word' id='word_1_153' title='bbox 906 1328 992 1368; x_wconf 84' lang='grc' dir='ltr'><strong><em>κατ’</em></strong></span> <span class='ocrx_word' id='word_1_154' title='bbox 1023 1326 1191 1368; x_wconf 81' lang='grc' dir='ltr'><strong><em>ἐκείνων</em></strong></span> <span class='ocrx_word' id='word_1_155' title='bbox 1218 1330 1448 1382; x_wconf 71' lang='grc' dir='ltr'><strong><em>χωροῦσιν.</em></strong></span> <span class='ocrx_word' id='word_1_156' title='bbox 1498 1326 1603 1369; x_wconf 85' lang='grc' dir='ltr'><strong><em>ἀλλ’</em></strong></span> 
     </span>
     <span class='ocr_line' id='line_1_19' title="bbox 135 1385 1724 1449; baseline 0.008 -22"><span class='ocrx_word' id='word_1_157' title='bbox 135 1385 388 1442; x_wconf 78' lang='grc' dir='ltr'><strong><em>ἐσφάλησαν</em></strong></span> <span class='ocrx_word' id='word_1_158' title='bbox 414 1390 489 1430; x_wconf 80' lang='grc' dir='ltr'><strong><em>τοῦ</em></strong></span> <span class='ocrx_word' id='word_1_159' title='bbox 514 1392 690 1431; x_wconf 79' lang='grc' dir='ltr'><strong><em>σκοποῦ·</em></strong></span> <span class='ocrx_word' id='word_1_160' title='bbox 737 1393 962 1434; x_wconf 84' lang='grc' dir='ltr'><strong><em>κτείνονται</em></strong></span> <span class='ocrx_word' id='word_1_161' title='bbox 990 1392 1070 1448; x_wconf 75' lang='grc' dir='ltr'><strong><em>γὰρ</em></strong></span> <span class='ocrx_word' id='word_1_162' title='bbox 1102 1394 1145 1444; x_wconf 83' lang='grc' dir='ltr'>ἑξ</span> <span class='ocrx_word' id='word_1_163' title='bbox 1173 1390 1318 1436; x_wconf 76' lang='grc' dir='ltr'><strong><em>αὔτῶν</em></strong></span> <span class='ocrx_word' id='word_1_164' title='bbox 1347 1394 1423 1435; x_wconf 69' lang='grc' dir='ltr'>οῦκ</span> <span class='ocrx_word' id='word_1_165' title='bbox 1453 1395 1724 1449; x_wconf 45' lang='lat' dir='ltr'>&amp;hymmum</span> 
     </span>
     <span class='ocr_line' id='line_1_20' title="bbox 137 1454 1598 1515; baseline 0.005 -22"><span class='ocrx_word' id='word_1_166' title='bbox 137 1458 349 1507; x_wconf 83' lang='grc' dir='ltr'><strong><em>κρατεῖται</em></strong></span> <span class='ocrx_word' id='word_1_167' title='bbox 379 1454 426 1496; x_wconf 81' lang='grc' dir='ltr'>δὲ</span> <span class='ocrx_word' id='word_1_168' title='bbox 451 1457 526 1497; x_wconf 83' lang='grc' dir='ltr'><em>καί</em></span> <span class='ocrx_word' id='word_1_169' title='bbox 548 1454 570 1496; x_wconf 80' lang='grc' dir='ltr'><em>ὅ</em></span> <span class='ocrx_word' id='word_1_170' title='bbox 605 1457 902 1511; x_wconf 80' lang='grc' dir='ltr'><strong><em>Ἀδωνιβεζέκ,</em></strong></span> <span class='ocrx_word' id='word_1_171' title='bbox 932 1460 1005 1500; x_wconf 77' lang='grc' dir='ltr'>καί</span> <span class='ocrx_word' id='word_1_172' title='bbox 1027 1465 1177 1515; x_wconf 84' lang='grc' dir='ltr'><strong><em>χεῖρας</em></strong></span> <span class='ocrx_word' id='word_1_173' title='bbox 1205 1459 1278 1502; x_wconf 79' lang='grc' dir='ltr'><em>καί</em></span> <span class='ocrx_word' id='word_1_174' title='bbox 1304 1459 1437 1509; x_wconf 87' lang='grc' dir='ltr'><strong><em>πόδας</em></strong></span> <span class='ocrx_word' id='word_1_175' title='bbox 1464 1456 1598 1513; x_wconf 73' lang='grc' dir='ltr'><strong><em>ἄκρω-</em></strong></span> 
     </span>
    </p>

    <p class='ocr_par' dir='ltr' id='par_1_5' title="bbox 72 1517 1600 1648">
     <span class='ocr_line' id='line_1_21' title="bbox 72 1517 1600 1581; baseline 0.004 -19"><span class='ocrx_word' id='word_1_176' title='bbox 72 1517 379 1574; x_wconf 72' lang='grc' dir='ltr'><strong><em>2οτηριασθείς</em></strong></span> <span class='ocrx_word' id='word_1_177' title='bbox 406 1519 543 1575; x_wconf 80' lang='grc' dir='ltr'><strong><em>ἔλεγεν</em></strong></span> <span class='ocrx_word' id='word_1_178' title='bbox 567 1520 637 1575; x_wconf 84' lang='grc' dir='ltr'><strong><em>,,οἱ</em></strong></span> <span class='ocrx_word' id='word_1_179' title='bbox 662 1526 850 1577; x_wconf 77' lang='grc' dir='ltr'><strong><em>βασιλεῖς</em></strong></span> <span class='ocrx_word' id='word_1_180' title='bbox 888 1522 941 1566; x_wconf 79' lang='grc' dir='ltr'><strong><em>τοὶ</em></strong></span> <span class='ocrx_word' id='word_1_181' title='bbox 973 1521 1083 1581; x_wconf 71' lang='grc' dir='ltr'><strong><em>ἄκρα</em></strong></span> <span class='ocrx_word' id='word_1_182' title='bbox 1113 1528 1197 1568; x_wconf 74' lang='grc' dir='ltr'>τῶν</span> <span class='ocrx_word' id='word_1_183' title='bbox 1225 1528 1383 1580; x_wconf 77' lang='grc' dir='ltr'><strong><em>χειρῶν</em></strong></span> <span class='ocrx_word' id='word_1_184' title='bbox 1409 1527 1482 1567; x_wconf 86' lang='grc' dir='ltr'><em>καί</em></span> <span class='ocrx_word' id='word_1_185' title='bbox 1515 1529 1600 1568; x_wconf 76' lang='grc' dir='ltr'>τῶν</span> 
     </span>
     <span class='ocr_line' id='line_1_22' title="bbox 136 1585 1597 1648; baseline 0.008 -22"><span class='ocrx_word' id='word_1_186' title='bbox 136 1585 278 1628; x_wconf 74' lang='grc' dir='ltr'><strong><em>ποδῶν</em></strong></span> <span class='ocrx_word' id='word_1_187' title='bbox 319 1585 464 1630; x_wconf 75' lang='grc' dir='ltr'><strong><em>αὕτῶν</em></strong></span> <span class='ocrx_word' id='word_1_188' title='bbox 506 1588 836 1643; x_wconf 83' lang='grc' dir='ltr'><strong><em>α’ποκεκομμένοι</em></strong></span> <span class='ocrx_word' id='word_1_189' title='bbox 877 1585 987 1646; x_wconf 80' lang='grc' dir='ltr'><strong><em>ἦσαν</em></strong></span> <span class='ocrx_word' id='word_1_190' title='bbox 1025 1594 1290 1648; x_wconf 79' lang='grc' dir='ltr'><strong><em>συλλέγοντες</em></strong></span> <span class='ocrx_word' id='word_1_191' title='bbox 1317 1590 1370 1635; x_wconf 73' lang='grc' dir='ltr'><strong><em>τά</em></strong></span> <span class='ocrx_word' id='word_1_192' title='bbox 1402 1592 1597 1636; x_wconf 76' lang='grc' dir='ltr'><strong><em>ὑποκάτω</em></strong></span> 
     </span>
    </p>
   </div>
   <div class='ocr_carea' id='block_1_3' title="bbox 133 1784 1595 2829">
    <p class='ocr_par' dir='ltr' id='par_1_6' title="bbox 138 1784 1595 1914">
     <span class='ocr_line' id='line_1_23' title="bbox 139 1784 1594 1834; baseline 0.004 -16"><span class='ocrx_word' id='word_1_193' title='bbox 139 1785 266 1819; x_wconf 79' lang='lat' dir='ltr'>Susem</span> <span class='ocrx_word' id='word_1_194' title='bbox 290 1784 509 1819; x_wconf 85' lang='lat' dir='ltr'>Tholmeum</span> <span class='ocrx_word' id='word_1_195' title='bbox 547 1791 583 1820; x_wconf 80' lang='lat' dir='ltr'>et</span> <span class='ocrx_word' id='word_1_196' title='bbox 619 1785 821 1831; x_wconf 83' lang='lat' dir='ltr'>Schimam;</span> <span class='ocrx_word' id='word_1_197' title='bbox 861 1788 922 1833; x_wconf 90' lang='lat' dir='ltr'>qui</span> <span class='ocrx_word' id='word_1_198' title='bbox 966 1788 1126 1833; x_wconf 80' lang='lat' dir='ltr'>gigantes</span> <span class='ocrx_word' id='word_1_199' title='bbox 1168 1795 1269 1823; x_wconf 79' lang='lat' dir='ltr'>erant</span> <span class='ocrx_word' id='word_1_200' title='bbox 1306 1801 1412 1834; x_wconf 86' lang='lat' dir='ltr'>supra</span> <span class='ocrx_word' id='word_1_201' title='bbox 1449 1791 1594 1825; x_wconf 88' lang='lat' dir='ltr'>modum</span> 
     </span>
     <span class='ocr_line' id='line_1_24' title="bbox 166 1832 1595 1884; baseline 0.004 -19"><span class='ocrx_word' id='word_1_202' title='bbox 166 1832 295 1866; x_wconf 79' lang='lat' dir='ltr'>roceris</span> <span class='ocrx_word' id='word_1_203' title='bbox 320 1834 546 1879; x_wconf 80' lang='lat' dir='ltr'>corporibus,</span> <span class='ocrx_word' id='word_1_204' title='bbox 573 1845 645 1879; x_wconf 83' lang='lat' dir='ltr'>qua</span> <span class='ocrx_word' id='word_1_205' title='bbox 671 1834 716 1868; x_wconf 88' lang='lat' dir='ltr'>de</span> <span class='ocrx_word' id='word_1_206' title='bbox 743 1846 847 1868; x_wconf 80' lang='lat' dir='ltr'>causa</span> <span class='ocrx_word' id='word_1_207' title='bbox 863 1835 994 1868; x_wconf 80' lang='lat' dir='ltr'>Enaaci</span> <span class='ocrx_word' id='word_1_208' title='bbox 1022 1837 1089 1868; x_wconf 86' lang='lat' dir='ltr'>filii</span> <span class='ocrx_word' id='word_1_209' title='bbox 1113 1837 1219 1869; x_wconf 79' lang='lat' dir='ltr'>sacris</span> <span class='ocrx_word' id='word_1_210' title='bbox 1246 1838 1284 1869; x_wconf 90' lang='lat' dir='ltr'>in</span> <span class='ocrx_word' id='word_1_211' title='bbox 1308 1837 1439 1871; x_wconf 84' lang='lat' dir='ltr'>litteris</span> <span class='ocrx_word' id='word_1_212' title='bbox 1468 1840 1595 1884; x_wconf 81' lang='lat' dir='ltr'>appel-</span> 
     </span>
     <span class='ocr_line' id='line_1_25' title="bbox 138 1843 325 1914; baseline 0 -2"><span class='ocrx_word' id='word_1_213' title='bbox 138 1843 204 1914; x_wconf 56' lang='lat' dir='ltr'>fati</span> <span class='ocrx_word' id='word_1_214' title='bbox 230 1885 325 1914; x_wconf 83' lang='lat' dir='ltr'>sunt.</span> 
     </span>
    </p>

    <p class='ocr_par' dir='ltr' id='par_1_7' title="bbox 133 1926 1593 2446">
     <span class='ocr_line' id='line_1_26' title="bbox 228 1926 1593 1977; baseline 0.004 -17"><span class='ocrx_word' id='word_1_215' title='bbox 228 1927 349 1972; x_wconf 85' lang='lat' dir='ltr'><strong>Atque</strong></span> <span class='ocrx_word' id='word_1_216' title='bbox 383 1927 453 1961; x_wconf 88' lang='lat' dir='ltr'>hoc</span> <span class='ocrx_word' id='word_1_217' title='bbox 492 1928 573 1961; x_wconf 92' lang='lat' dir='ltr'>loco</span> <span class='ocrx_word' id='word_1_218' title='bbox 615 1926 709 1960; x_wconf 87' lang='lat' dir='ltr'>illud</span> <span class='ocrx_word' id='word_1_219' title='bbox 755 1927 863 1961; x_wconf 87' lang='lat' dir='ltr'>etiam</span> <span class='ocrx_word' id='word_1_220' title='bbox 887 1928 977 1961; x_wconf 88' lang='lat' dir='ltr'>scire</span> <span class='ocrx_word' id='word_1_221' title='bbox 1003 1927 1139 1970; x_wconf 84' lang='lat' dir='ltr'>debes,</span> <span class='ocrx_word' id='word_1_222' title='bbox 1178 1929 1293 1974; x_wconf 88' lang='lat' dir='ltr'>legem</span> <span class='ocrx_word' id='word_1_223' title='bbox 1318 1931 1466 1975; x_wconf 86' lang='lat' dir='ltr'>primam</span> <span class='ocrx_word' id='word_1_224' title='bbox 1494 1932 1593 1977; x_wconf 83' lang='lat' dir='ltr'>apud</span> 
     </span>
     <span class='ocr_line' id='line_1_27' title="bbox 135 1973 1593 2021; baseline 0.005 -15"><span class='ocrx_word' id='word_1_225' title='bbox 135 1973 320 2008; x_wconf 81' lang='lat' dir='ltr'>Hebraeos</span> <span class='ocrx_word' id='word_1_226' title='bbox 345 1975 383 2008; x_wconf 89' lang='lat' dir='ltr'>iu</span> <span class='ocrx_word' id='word_1_227' title='bbox 410 1987 452 2008; x_wconf 93' lang='lat' dir='ltr'>eo</span> <span class='ocrx_word' id='word_1_228' title='bbox 479 1975 572 2008; x_wconf 82' lang='lat' dir='ltr'>libro</span> <span class='ocrx_word' id='word_1_229' title='bbox 599 1975 833 2020; x_wconf 78' lang='lat' dir='ltr'>perscriptum</span> <span class='ocrx_word' id='word_1_230' title='bbox 858 1986 933 2008; x_wconf 88' lang='lat' dir='ltr'>esse</span> <span class='ocrx_word' id='word_1_231' title='bbox 960 1976 1023 2021; x_wconf 89' lang='lat' dir='ltr'>qui</span> <span class='ocrx_word' id='word_1_232' title='bbox 1050 1982 1103 2009; x_wconf 91' lang='lat' dir='ltr'>est</span> <span class='ocrx_word' id='word_1_233' title='bbox 1131 1976 1175 2009; x_wconf 90' lang='lat' dir='ltr'>de</span> <span class='ocrx_word' id='word_1_234' title='bbox 1200 1977 1447 2011; x_wconf 76' lang='lat' dir='ltr'>Israelicorum</span> <span class='ocrx_word' id='word_1_235' title='bbox 1465 1991 1509 2012; x_wconf 76' lang='lat' dir='ltr'>ex</span> <span class='ocrx_word' id='word_1_236' title='bbox 1521 1981 1593 2013; x_wconf 87' lang='lat' dir='ltr'>Ae·-</span> 
     </span>
     <span class='ocr_line' id='line_1_28' title="bbox 133 2022 1592 2072; baseline 0.004 -18"><span class='ocrx_word' id='word_1_237' title='bbox 133 2027 243 2066; x_wconf 78' lang='lat' dir='ltr'>gypto</span> <span class='ocrx_word' id='word_1_238' title='bbox 268 2023 505 2067; x_wconf 72' lang='lat' dir='ltr'>proiectione.</span> <span class='ocrx_word' id='word_1_239' title='bbox 535 2028 691 2067; x_wconf 82' lang='lat' dir='ltr'><strong>suntque</strong></span> <span class='ocrx_word' id='word_1_240' title='bbox 717 2022 803 2066; x_wconf 78' lang='lat' dir='ltr'>legis</span> <span class='ocrx_word' id='word_1_241' title='bbox 828 2022 918 2055; x_wconf 85' lang='lat' dir='ltr'>haee</span> <span class='ocrx_word' id='word_1_242' title='bbox 944 2024 1060 2067; x_wconf 78' lang='lat' dir='ltr'>prima</span> <span class='ocrx_word' id='word_1_243' title='bbox 1085 2023 1194 2056; x_wconf 86' lang='lat' dir='ltr'>verba</span> <span class='ocrx_word' id='word_1_244' title='bbox 1220 2023 1331 2066; x_wconf 85' lang='lat' dir='ltr'>„deos</span> <span class='ocrx_word' id='word_1_245' title='bbox 1356 2026 1459 2067; x_wconf 78' lang='lat' dir='ltr'>alios,</span> <span class='ocrx_word' id='word_1_246' title='bbox 1487 2039 1592 2072; x_wconf 86' lang='lat' dir='ltr'>prae-</span> 
     </span>
     <span class='ocr_line' id='line_1_29' title="bbox 136 2069 1591 2117; baseline 0.005 -17"><span class='ocrx_word' id='word_1_247' title='bbox 136 2073 192 2101; x_wconf 88' lang='lat' dir='ltr'>ter</span> <span class='ocrx_word' id='word_1_248' title='bbox 217 2080 293 2110; x_wconf 86' lang='lat' dir='ltr'>me,</span> <span class='ocrx_word' id='word_1_249' title='bbox 319 2070 439 2103; x_wconf 81' lang='lat' dir='ltr'>nullos</span> <span class='ocrx_word' id='word_1_250' title='bbox 464 2070 610 2103; x_wconf 86' lang='lat' dir='ltr'>habeto.</span> <span class='ocrx_word' id='word_1_251' title='bbox 639 2070 868 2102; x_wconf 78' lang='lat' dir='ltr'>simulacrum</span> <span class='ocrx_word' id='word_1_252' title='bbox 894 2069 963 2102; x_wconf 83' lang='lat' dir='ltr'>tibi</span> <span class='ocrx_word' id='word_1_253' title='bbox 989 2081 1035 2103; x_wconf 89' lang='lat' dir='ltr'>ne</span> <span class='ocrx_word' id='word_1_254' title='bbox 1060 2070 1191 2112; x_wconf 81' lang='lat' dir='ltr'>facito,</span> <span class='ocrx_word' id='word_1_255' title='bbox 1215 2083 1283 2104; x_wconf 89' lang='lat' dir='ltr'>nec</span> <span class='ocrx_word' id='word_1_256' title='bbox 1308 2073 1500 2117; x_wconf 82' lang='lat' dir='ltr'><strong>imaginem</strong></span> <span class='ocrx_word' id='word_1_257' title='bbox 1528 2086 1591 2107; x_wconf 93' lang='lat' dir='ltr'>cu-</span> 
     </span>
     <span class='ocr_line' id='line_1_30' title="bbox 135 2115 1591 2162; baseline 0.005 -14"><span class='ocrx_word' id='word_1_258' title='bbox 135 2115 302 2161; x_wconf 83' lang='lat' dir='ltr'>iusquam</span> <span class='ocrx_word' id='word_1_259' title='bbox 329 2117 379 2150; x_wconf 89' lang='lat' dir='ltr'>rei</span> <span class='ocrx_word' id='word_1_260' title='bbox 404 2128 497 2162; x_wconf 81' lang='lat' dir='ltr'>quae</span> <span class='ocrx_word' id='word_1_261' title='bbox 534 2122 652 2151; x_wconf 82' lang='lat' dir='ltr'>exstet</span> <span class='ocrx_word' id='word_1_262' title='bbox 677 2123 739 2150; x_wconf 80' lang='lat' dir='ltr'>aut</span> <span class='ocrx_word' id='word_1_263' title='bbox 773 2128 880 2161; x_wconf 78' lang='lat' dir='ltr'>supra</span> <span class='ocrx_word' id='word_1_264' title='bbox 903 2118 942 2149; x_wconf 87' lang='lat' dir='ltr'>in</span> <span class='ocrx_word' id='word_1_265' title='bbox 962 2118 1064 2151; x_wconf 88' lang='lat' dir='ltr'>coelo</span> <span class='ocrx_word' id='word_1_266' title='bbox 1091 2123 1154 2151; x_wconf 83' lang='lat' dir='ltr'>aut</span> <span class='ocrx_word' id='word_1_267' title='bbox 1178 2119 1270 2152; x_wconf 74' lang='lat' dir='ltr'>infra</span> <span class='ocrx_word' id='word_1_268' title='bbox 1297 2120 1335 2153; x_wconf 89' lang='lat' dir='ltr'>in</span> <span class='ocrx_word' id='word_1_269' title='bbox 1360 2122 1488 2154; x_wconf 81' lang='lat' dir='ltr'>terra.&#39;’</span> <span class='ocrx_word' id='word_1_270' title='bbox 1516 2133 1591 2155; x_wconf 87' lang='lat' dir='ltr'>non</span> 
     </span>
     <span class='ocr_line' id='line_1_31' title="bbox 137 2163 1591 2210; baseline 0.005 -15"><span class='ocrx_word' id='word_1_271' title='bbox 137 2168 193 2196; x_wconf 81' lang='lat' dir='ltr'>est</span> <span class='ocrx_word' id='word_1_272' title='bbox 219 2163 279 2197; x_wconf 85' lang='lat' dir='ltr'>hic</span> <span class='ocrx_word' id='word_1_273' title='bbox 305 2164 469 2198; x_wconf 87' lang='lat' dir='ltr'>eiusdem</span> <span class='ocrx_word' id='word_1_274' title='bbox 509 2166 562 2198; x_wconf 88' lang='lat' dir='ltr'>rei</span> <span class='ocrx_word' id='word_1_275' title='bbox 602 2164 728 2209; x_wconf 83' lang='lat' dir='ltr'>inepta</span> <span class='ocrx_word' id='word_1_276' title='bbox 751 2164 918 2197; x_wconf 75' lang='lat' dir='ltr'>iteratio:</span> <span class='ocrx_word' id='word_1_277' title='bbox 942 2175 1062 2210; x_wconf 88' lang='lat' dir='ltr'>neque</span> <span class='ocrx_word' id='word_1_278' title='bbox 1087 2166 1182 2198; x_wconf 88' lang='lat' dir='ltr'>enim</span> <span class='ocrx_word' id='word_1_279' title='bbox 1204 2166 1300 2199; x_wconf 88' lang='lat' dir='ltr'>idem</span> <span class='ocrx_word' id='word_1_280' title='bbox 1327 2174 1456 2202; x_wconf 81' lang='lat' dir='ltr'>sonant</span> <span class='ocrx_word' id='word_1_281' title='bbox 1478 2168 1591 2202; x_wconf 84' lang='lat' dir='ltr'>simu-</span> 
     </span>
     <span class='ocr_line' id='line_1_32' title="bbox 135 2209 1590 2257; baseline 0.005 -15"><span class='ocrx_word' id='word_1_282' title='bbox 135 2209 271 2244; x_wconf 76' lang='lat' dir='ltr'>lacrum</span> <span class='ocrx_word' id='word_1_283' title='bbox 297 2217 333 2244; x_wconf 86' lang='lat' dir='ltr'>et</span> <span class='ocrx_word' id='word_1_284' title='bbox 359 2212 476 2257; x_wconf 86' lang='lat' dir='ltr'>imago</span> <span class='ocrx_word' id='word_1_285' title='bbox 492 2238 501 2254; x_wconf 92' lang='lat'>,</span> <span class='ocrx_word' id='word_1_286' title='bbox 527 2224 607 2245; x_wconf 89' lang='lat' dir='ltr'>cum</span> <span class='ocrx_word' id='word_1_287' title='bbox 636 2212 754 2256; x_wconf 85' lang='lat' dir='ltr'>imago</span> <span class='ocrx_word' id='word_1_288' title='bbox 781 2212 827 2244; x_wconf 85' lang='lat' dir='ltr'>sit</span> <span class='ocrx_word' id='word_1_289' title='bbox 863 2211 937 2244; x_wconf 90' lang='lat' dir='ltr'>sive</span> <span class='ocrx_word' id='word_1_290' title='bbox 965 2213 1145 2246; x_wconf 82' lang='lat' dir='ltr'>terrestris</span> <span class='ocrx_word' id='word_1_291' title='bbox 1173 2214 1336 2248; x_wconf 86' lang='lat' dir='ltr'>animalis</span> <span class='ocrx_word' id='word_1_292' title='bbox 1362 2216 1437 2248; x_wconf 88' lang='lat' dir='ltr'>sive</span> <span class='ocrx_word' id='word_1_293' title='bbox 1462 2217 1590 2249; x_wconf 81' lang='lat' dir='ltr'>marini</span> 
     </span>
     <span class='ocr_line' id='line_1_33' title="bbox 135 2257 1589 2303; baseline 0.004 -13"><span class='ocrx_word' id='word_1_294' title='bbox 135 2257 208 2290; x_wconf 74' lang='lat' dir='ltr'>sive</span> <span class='ocrx_word' id='word_1_295' title='bbox 234 2258 416 2300; x_wconf 84' lang='lat' dir='ltr'>volatilis,</span> <span class='ocrx_word' id='word_1_296' title='bbox 442 2260 669 2292; x_wconf 81' lang='lat' dir='ltr'>simulacrum</span> <span class='ocrx_word' id='word_1_297' title='bbox 695 2265 814 2292; x_wconf 87' lang='lat' dir='ltr'>autem</span> <span class='ocrx_word' id='word_1_298' title='bbox 844 2258 888 2291; x_wconf 86' lang='lat' dir='ltr'>de</span> <span class='ocrx_word' id='word_1_299' title='bbox 906 2258 1068 2303; x_wconf 81' lang='lat' dir='ltr'>Origenis</span> <span class='ocrx_word' id='word_1_300' title='bbox 1094 2262 1273 2294; x_wconf 79' lang='lat' dir='ltr'>sententia</span> <span class='ocrx_word' id='word_1_301' title='bbox 1298 2267 1335 2296; x_wconf 84' lang='lat' dir='ltr'>et</span> <span class='ocrx_word' id='word_1_302' title='bbox 1360 2265 1589 2296; x_wconf 76' lang='lat' dir='ltr'>enarratione</span> 
     </span>
     <span class='ocr_line' id='line_1_34' title="bbox 134 2305 1589 2356; baseline 0.005 -20"><span class='ocrx_word' id='word_1_303' title='bbox 134 2311 348 2350; x_wconf 85' lang='lat' dir='ltr'>conceptum</span> <span class='ocrx_word' id='word_1_304' title='bbox 370 2313 490 2340; x_wconf 85' lang='lat' dir='ltr'>mente</span> <span class='ocrx_word' id='word_1_305' title='bbox 519 2308 749 2352; x_wconf 79' lang='lat' dir='ltr'>figmentum,</span> <span class='ocrx_word' id='word_1_306' title='bbox 780 2305 877 2351; x_wconf 86' lang='lat' dir='ltr'>quod</span> <span class='ocrx_word' id='word_1_307' title='bbox 903 2311 1023 2339; x_wconf 82' lang='lat' dir='ltr'>tamen</span> <span class='ocrx_word' id='word_1_308' title='bbox 1046 2318 1171 2352; x_wconf 81' lang='lat' dir='ltr'>reapse</span> <span class='ocrx_word' id='word_1_309' title='bbox 1195 2320 1269 2342; x_wconf 89' lang='lat' dir='ltr'>non</span> <span class='ocrx_word' id='word_1_310' title='bbox 1299 2310 1452 2350; x_wconf 80' lang='lat' dir='ltr'>existat,</span> <span class='ocrx_word' id='word_1_311' title='bbox 1479 2311 1589 2356; x_wconf 84' lang='lat' dir='ltr'>quale</span> 
     </span>
     <span class='ocr_line' id='line_1_35' title="bbox 134 2350 1587 2403; baseline 0.006 -20"><span class='ocrx_word' id='word_1_312' title='bbox 134 2350 304 2395; x_wconf 80' lang='lat' dir='ltr'>quiddam</span> <span class='ocrx_word' id='word_1_313' title='bbox 330 2360 407 2386; x_wconf 88' lang='lat' dir='ltr'>erat</span> <span class='ocrx_word' id='word_1_314' title='bbox 432 2353 704 2399; x_wconf 82' lang='lat' dir='ltr'>Cynocephalus</span> <span class='ocrx_word' id='word_1_315' title='bbox 743 2354 806 2386; x_wconf 92' lang='lat' dir='ltr'>ille</span> <span class='ocrx_word' id='word_1_316' title='bbox 832 2353 999 2398; x_wconf 79' lang='lat' dir='ltr'>religiose</span> <span class='ocrx_word' id='word_1_317' title='bbox 1024 2354 1142 2388; x_wconf 75' lang='lat' dir='ltr'>cultus</span> <span class='ocrx_word' id='word_1_318' title='bbox 1167 2356 1265 2401; x_wconf 87' lang='lat' dir='ltr'>apud</span> <span class='ocrx_word' id='word_1_319' title='bbox 1288 2357 1504 2403; x_wconf 80' lang='lat' dir='ltr'>Aegyptios,</span> <span class='ocrx_word' id='word_1_320' title='bbox 1528 2359 1587 2393; x_wconf 86' lang='lat' dir='ltr'>vel</span> 
     </span>
     <span class='ocr_line' id='line_1_36' title="bbox 135 2397 701 2446; baseline 0.005 -15"><span class='ocrx_word' id='word_1_321' title='bbox 135 2397 352 2433; x_wconf 87' lang='lat' dir='ltr'>Graecorum</span> <span class='ocrx_word' id='word_1_322' title='bbox 377 2401 701 2446; x_wconf 79' lang='lat' dir='ltr'>Hippocentaurus.</span> 
     </span>
    </p>

    <p class='ocr_par' dir='ltr' id='par_1_8' title="bbox 135 2446 1586 2829">
     <span class='ocr_line' id='line_1_37' title="bbox 227 2446 1585 2498; baseline 0.004 -19"><span class='ocrx_word' id='word_1_323' title='bbox 227 2446 312 2481; x_wconf 83' lang='lat' dir='ltr'>Post</span> <span class='ocrx_word' id='word_1_324' title='bbox 334 2449 453 2481; x_wconf 88' lang='lat' dir='ltr'>Iesum</span> <span class='ocrx_word' id='word_1_325' title='bbox 476 2449 596 2482; x_wconf 85' lang='lat' dir='ltr'>Navae</span> <span class='ocrx_word' id='word_1_326' title='bbox 622 2449 660 2481; x_wconf 81' lang='lat' dir='ltr'>F.</span> <span class='ocrx_word' id='word_1_327' title='bbox 686 2448 843 2493; x_wconf 78' lang='lat' dir='ltr'>populus</span> <span class='ocrx_word' id='word_1_328' title='bbox 863 2458 884 2480; x_wconf 87' lang='lat' dir='ltr'>a</span> <span class='ocrx_word' id='word_1_329' title='bbox 912 2446 1092 2482; x_wconf 78' lang='lat' dir='ltr'>iudicibus</span> <span class='ocrx_word' id='word_1_330' title='bbox 1119 2449 1387 2494; x_wconf 81' lang='lat' dir='ltr'>gubernabatur</span> <span class='ocrx_word' id='word_1_331' title='bbox 1402 2478 1411 2493; x_wconf 90' lang='lat'><em>,</em></span> <span class='ocrx_word' id='word_1_332' title='bbox 1431 2463 1585 2498; x_wconf 87' lang='lat' dir='ltr'>quorum</span> 
     </span>
     <span class='ocr_line' id='line_1_38' title="bbox 135 2492 1586 2544; baseline 0.006 -20"><span class='ocrx_word' id='word_1_333' title='bbox 135 2492 270 2536; x_wconf 83' lang='lat' dir='ltr'>primus</span> <span class='ocrx_word' id='word_1_334' title='bbox 297 2494 367 2528; x_wconf 84' lang='lat' dir='ltr'>fuit</span> <span class='ocrx_word' id='word_1_335' title='bbox 388 2495 518 2538; x_wconf 77' lang='lat' dir='ltr'>Iudas,</span> <span class='ocrx_word' id='word_1_336' title='bbox 553 2497 618 2542; x_wconf 90' lang='lat' dir='ltr'>qui</span> <span class='ocrx_word' id='word_1_337' title='bbox 650 2495 942 2529; x_wconf 83' lang='lat' dir='ltr'>Adonibezecum</span> <span class='ocrx_word' id='word_1_338' title='bbox 975 2495 1012 2528; x_wconf 87' lang='lat' dir='ltr'>in</span> <span class='ocrx_word' id='word_1_339' title='bbox 1039 2502 1254 2541; x_wconf 82' lang='lat' dir='ltr'>potestatem</span> <span class='ocrx_word' id='word_1_340' title='bbox 1281 2498 1442 2543; x_wconf 84' lang='lat' dir='ltr'>redegit,</span> <span class='ocrx_word' id='word_1_341' title='bbox 1466 2511 1586 2544; x_wconf 82' lang='lat' dir='ltr'>regem</span> 
     </span>
     <span class='ocr_line' id='line_1_39' title="bbox 136 2544 1586 2591; baseline 0.006 -20"><span class='ocrx_word' id='word_1_342' title='bbox 136 2545 384 2575; x_wconf 79' lang='lat' dir='ltr'>extranearum</span> <span class='ocrx_word' id='word_1_343' title='bbox 424 2544 636 2585; x_wconf 85' lang='lat' dir='ltr'>nationum,</span> <span class='ocrx_word' id='word_1_344' title='bbox 682 2544 789 2587; x_wconf 89' lang='lat' dir='ltr'>eique</span> <span class='ocrx_word' id='word_1_345' title='bbox 823 2554 994 2575; x_wconf 84' lang='lat' dir='ltr'>manuum</span> <span class='ocrx_word' id='word_1_346' title='bbox 1030 2555 1070 2576; x_wconf 88' lang='lat' dir='ltr'>ac</span> <span class='ocrx_word' id='word_1_347' title='bbox 1092 2544 1226 2589; x_wconf 88' lang='lat' dir='ltr'>pedum</span> <span class='ocrx_word' id='word_1_348' title='bbox 1262 2552 1437 2579; x_wconf 81' lang='lat' dir='ltr'>extremas</span> <span class='ocrx_word' id='word_1_349' title='bbox 1464 2553 1586 2591; x_wconf 83' lang='lat' dir='ltr'>partes</span> 
     </span>
     <span class='ocr_line' id='line_1_40' title="bbox 136 2589 1586 2639; baseline 0.006 -21"><span class='ocrx_word' id='word_1_350' title='bbox 136 2589 343 2632; x_wconf 83' lang='lat' dir='ltr'>amputavit.</span> <span class='ocrx_word' id='word_1_351' title='bbox 371 2591 506 2636; x_wconf 86' lang='lat' dir='ltr'>quippe</span> <span class='ocrx_word' id='word_1_352' title='bbox 535 2591 739 2624; x_wconf 82' lang='lat' dir='ltr'>Chananaei</span> <span class='ocrx_word' id='word_1_353' title='bbox 764 2596 845 2634; x_wconf 83' lang='lat' dir='ltr'>post</span> <span class='ocrx_word' id='word_1_354' title='bbox 881 2591 961 2622; x_wconf 90' lang='lat' dir='ltr'>lesu</span> <span class='ocrx_word' id='word_1_355' title='bbox 993 2596 1141 2624; x_wconf 87' lang='lat' dir='ltr'>mortem</span> <span class='ocrx_word' id='word_1_356' title='bbox 1167 2593 1211 2626; x_wconf 87' lang='lat' dir='ltr'>de</span> <span class='ocrx_word' id='word_1_357' title='bbox 1237 2593 1381 2626; x_wconf 78' lang='lat' dir='ltr'>Iudaeis</span> <span class='ocrx_word' id='word_1_358' title='bbox 1414 2594 1586 2639; x_wconf 79' lang='lat' dir='ltr'>subigen-</span> 
     </span>
     <span class='ocr_line' id='line_1_41' title="bbox 136 2633 1586 2686; baseline 0.007 -21"><span class='ocrx_word' id='word_1_359' title='bbox 136 2633 190 2666; x_wconf 82' lang='lat' dir='ltr'>dis</span> <span class='ocrx_word' id='word_1_360' title='bbox 215 2634 348 2669; x_wconf 80' lang='lat' dir='ltr'>fiducia</span> <span class='ocrx_word' id='word_1_361' title='bbox 373 2644 546 2683; x_wconf 86' lang='lat' dir='ltr'>concepta</span> <span class='ocrx_word' id='word_1_362' title='bbox 573 2639 814 2683; x_wconf 83' lang='lat' dir='ltr'>principatum</span> <span class='ocrx_word' id='word_1_363' title='bbox 837 2636 1087 2671; x_wconf 86' lang='lat' dir='ltr'>Adonibezeco</span> <span class='ocrx_word' id='word_1_364' title='bbox 1115 2638 1349 2682; x_wconf 83' lang='lat' dir='ltr'>detulerunt,</span> <span class='ocrx_word' id='word_1_365' title='bbox 1375 2651 1490 2686; x_wconf 87' lang='lat' dir='ltr'>eoque</span> <span class='ocrx_word' id='word_1_366' title='bbox 1517 2641 1586 2675; x_wconf 85' lang='lat' dir='ltr'>du-</span> 
     </span>
     <span class='ocr_line' id='line_1_42' title="bbox 137 2683 1585 2726; baseline 0.007 -14"><span class='ocrx_word' id='word_1_367' title='bbox 137 2691 177 2713; x_wconf 72' lang='lat' dir='ltr'>ce</span> <span class='ocrx_word' id='word_1_368' title='bbox 207 2683 321 2726; x_wconf 82' lang='lat' dir='ltr'>copiis</span> <span class='ocrx_word' id='word_1_369' title='bbox 357 2683 396 2716; x_wconf 86' lang='lat' dir='ltr'>in</span> <span class='ocrx_word' id='word_1_370' title='bbox 420 2685 503 2719; x_wconf 86' lang='lat' dir='ltr'>illos</span> <span class='ocrx_word' id='word_1_371' title='bbox 538 2684 654 2718; x_wconf 82' lang='lat' dir='ltr'>ductis</span> <span class='ocrx_word' id='word_1_372' title='bbox 682 2686 752 2717; x_wconf 84' lang='lat' dir='ltr'>fine</span> <span class='ocrx_word' id='word_1_373' title='bbox 788 2696 828 2717; x_wconf 86' lang='lat' dir='ltr'>ac</span> <span class='ocrx_word' id='word_1_374' title='bbox 854 2684 1020 2718; x_wconf 82' lang='lat' dir='ltr'>instituto</span> <span class='ocrx_word' id='word_1_375' title='bbox 1046 2697 1110 2719; x_wconf 91' lang='lat' dir='ltr'>suo</span> <span class='ocrx_word' id='word_1_376' title='bbox 1136 2687 1358 2721; x_wconf 83' lang='lat' dir='ltr'>exciderunt.</span> <span class='ocrx_word' id='word_1_377' title='bbox 1381 2699 1463 2721; x_wconf 81' lang='lat' dir='ltr'>uam</span> <span class='ocrx_word' id='word_1_378' title='bbox 1487 2687 1585 2722; x_wconf 79' lang='lat' dir='ltr'>haud</span> 
     </span>
     <span class='ocr_line' id='line_1_43' title="bbox 136 2729 1584 2781; baseline 0.008 -22"><span class='ocrx_word' id='word_1_379' title='bbox 136 2729 260 2772; x_wconf 80' lang='lat' dir='ltr'>paucis</span> <span class='ocrx_word' id='word_1_380' title='bbox 286 2730 485 2765; x_wconf 82' lang='lat' dir='ltr'>interfectis</span> <span class='ocrx_word' id='word_1_381' title='bbox 513 2732 785 2766; x_wconf 82' lang='lat' dir='ltr'>Adonibezecus</span> <span class='ocrx_word' id='word_1_382' title='bbox 810 2732 911 2765; x_wconf 85' lang='lat' dir='ltr'>vivus</span> <span class='ocrx_word' id='word_1_383' title='bbox 933 2738 1055 2777; x_wconf 80' lang='lat' dir='ltr'>captus</span> <span class='ocrx_word' id='word_1_384' title='bbox 1081 2739 1154 2775; x_wconf 87' lang='lat' dir='ltr'>est,</span> <span class='ocrx_word' id='word_1_385' title='bbox 1184 2735 1426 2781; x_wconf 82' lang='lat' dir='ltr'>extremisque</span> <span class='ocrx_word' id='word_1_386' title='bbox 1450 2735 1584 2781; x_wconf 84' lang='lat' dir='ltr'>pedum</span> 
     </span>
     <span class='ocr_line' id='line_1_44' title="bbox 136 2779 1584 2829; baseline 0.006 -20"><span class='ocrx_word' id='word_1_387' title='bbox 136 2786 176 2808; x_wconf 79' lang='lat' dir='ltr'>ac</span> <span class='ocrx_word' id='word_1_388' title='bbox 200 2788 371 2811; x_wconf 80' lang='lat' dir='ltr'>manuum</span> <span class='ocrx_word' id='word_1_389' title='bbox 393 2779 555 2825; x_wconf 83' lang='lat' dir='ltr'>partibus</span> <span class='ocrx_word' id='word_1_390' title='bbox 582 2779 767 2813; x_wconf 84' lang='lat' dir='ltr'>mutilatus</span> <span class='ocrx_word' id='word_1_391' title='bbox 795 2780 1068 2824; x_wconf 75' lang='lat' dir='ltr'>„septuaginta”</span> <span class='ocrx_word' id='word_1_392' title='bbox 1092 2782 1213 2826; x_wconf 81' lang='lat' dir='ltr'>iuquit</span> <span class='ocrx_word' id='word_1_393' title='bbox 1238 2782 1331 2828; x_wconf 79' lang='lat' dir='ltr'>(Iud.</span> <span class='ocrx_word' id='word_1_394' title='bbox 1361 2793 1371 2817; x_wconf 77' lang='grc' dir='ltr'><strong><em>ι</em></strong></span> <span class='ocrx_word' id='word_1_395' title='bbox 1395 2783 1430 2827; x_wconf 84' lang='lat'>7)</span> <span class='ocrx_word' id='word_1_396' title='bbox 1459 2794 1584 2829; x_wconf 75' lang='lat' dir='ltr'>„reges</span> 
     </span>
    </p>
   </div>
   <div class='ocr_carea' id='block_1_4' title="bbox 233 2841 1333 2886">
    <p class='ocr_par' dir='ltr' id='par_1_9' title="bbox 233 2841 1333 2886">
     <span class='ocr_line' id='line_1_45' title="bbox 233 2841 1333 2886; baseline 0.003 -11"><span class='ocrx_word' id='word_1_397' title='bbox 233 2841 377 2886; x_wconf 77' lang='lat' dir='ltr'>Glycus.</span> <span class='ocrx_word' id='word_1_398' title='bbox 1290 2857 1333 2878; x_wconf 75' lang='lat'>20</span> 
     </span>
    </p>
   </div>
  </div>
 </body>
</html>
