1826 3120
271 127 343 182 62
713 142 998 185 micuAEus
1037 124 1252 185 GLYCAE

229 243 385 301 Εῆλιος
412 243 581 301 ἔγγιστα
610 247 931 299 περιστρέφεται
953 242 1024 285 dud
1050 242 1094 286 τὸ
1124 242 1390 298 βραχύτατον
1419 246 1552 287 αὐτοῦ
1582 246 1715 302 μέρος

267 310 349 354 ὑπὸ
394 315 471 366 γῆν
507 308 805 353 καταδύεσθαι.
881 309 954 351 καί
981 311 1092 363 οἵγε
1121 310 1203 352 τῶν
1231 312 1467 363 Βρετανιὸνν
1485 311 1708 367 ὀξυδερκέ·

266 393 410 420 στατοι
436 379 581 433 σαφῶς
610 375 743 431 ὁρῶσι
772 374 876 418 κατὰ
906 375 983 430 τὴν
1001 376 1132 418 νύκτα
1160 374 1233 417 καί
1254 377 1407 432 μικροῦ
1434 377 1599 427 πάντως
1622 383 1707 428 τοῖς

266 446 504 500 ὀφθαλμοῖς
532 440 905 495 περιλαμβάνουσι.
974 441 1163 496 μάνθανε
1193 435 1267 484 οὖν
1288 444 1482 485 ἐντεῦθεν
1509 443 1565 492 ὥς
1595 442 1640 486 εἴ
1658 447 1706 498 γε

263 511 336 550 καί
364 510 408 550 ἐν
436 510 491 563 τῷ
520 509 616 549 καθ’
646 508 756 563 ἡμᾶς
784 507 952 562 κλίματι
982 510 1035 549 ου’
1032 525 1062 562 χ
1090 507 1172 549 ὑπὸ
1199 510 1277 563 γῆν
1305 507 1327 549 ὅ
1357 505 1475 562 ἥλιος
1503 510 1741 558 διοδεύωνό

261 569 314 630 ἦν
343 575 433 615 ἀλλ’
463 571 627 628 ἔγγιστά
657 590 738 616 που
770 574 986 616 κάνταῦθα
1011 577 1350 630 περιεστρέφετο,
1382 573 1408 629 ἢ
1435 571 1510 624 νύξ
1539 574 1706 630 ἀληθῶς

264 641 365 693 ούχὶ
392 638 489 693 νύξ,
522 639 621 682 οὐδὲ
646 640 756 682 πάνυ
799 639 914 695 βαθύ
945 639 990 684 τὸ
1020 641 1167 690 σκότος
1195 641 1327 694 αὐτῆς
1345 671 1357 693 ,
1386 638 1490 683 ἀλλὰ
1516 642 1705 685 »τοιοῦτον

260 705 405 747 ὁποῖον
430 705 452 746 ὅ
481 704 600 760 λόγος
643 702 722 762 ἤδη
769 706 941 762 φθάσας
978 707 1221 761 ἐγνώρισεν,
1253 704 1323 747 ἅτε
1353 707 1560 760 ου’μενοῦν
1588 708 1706 750 α’ντι-

260 768 528 827 φραττούσης
553 778 657 822 ιταῖς
694 773 886 827 ἡλιακαῖς
928 774 1067 816 α’κτΐσι
1105 769 1382 815 παντάπασιν.
1459 770 1487 828 ἡ
1518 772 1598 828 γὰρ
1627 772 1703 826 νύξ

261 838 381 880 οὐδὲν
408 833 508 879 ἄλλο
538 839 652 880 ἐστίν
681 835 708 894 ἢ
733 838 917 892 σκίασμα
943 841 1037 894 γῆς,
1075 839 1132 888 ὥς
1161 837 1183 880 ὅ
1214 841 1343 893 μέγας
1374 841 1479 895 φησί
1504 841 1700 882 Bama-
1719 857 1766 885 ιο

260 920 317 953 ος.
373 906 451 945 τοῦ
498 906 598 958 γοῦν
636 903 757 966 ἡλίου
783 903 842 959 μὴ
872 904 947 960 τὴν
984 907 1060 959 γῆν
1086 904 1387 960 ὑποτρέχοντος
1418 905 1506 948 ἀλλ’
1530 903 1700 960 ἔγγιστα

169 999 173 1002 -
215 971 667 1026 Βπεριστρεφομὲνου,
702 967 757 1019 ὥς
785 965 946 1012 ἄνωθεν
978 969 1162 1026 εἴρηται,
1199 974 1379 1024 βαθεῖαν
1413 970 1602 1025 γίνεσθαι
1628 970 1700 1014 νύ-

259 1054 336 1079 κτα
378 1035 539 1085 πάντως
567 1035 796 1090 ἀμήχανον.
851 1037 923 1078 καί
946 1037 993 1078 τί
1011 1038 1139 1092 χρεία
1167 1035 1296 1079 πολλοὶ
1329 1039 1463 1092 λέγειν
1491 1037 1564 1080 καί
1589 1033 1699 1080 ‹ina-

259 1106 426 1158 ριθμεῖν
444 1101 494 1144 τά
517 1105 613 1143 καθ’
630 1104 826 1155 ἕκαστον,·
854 1103 1079 1159 σφαιρικῆς
1104 1097 1232 1158 οὔσης
1259 1105 1332 1158 τῆς
1360 1105 1436 1158 γῆς
1458 1105 1533 1146 κατ’
1556 1104 1602 1145 ἐν
1623 1106 1700 1157 μέ·

256 1185 316 1227 σῳ
347 1171 422 1210 τοῦ
456 1168 608 1218 παντὸς
644 1169 967 1226 οἷπῃωρημένης,
1014 1171 1113 1225 παρ’
1148 1165 1289 1218 ἄλλοις
1317 1163 1451 1218 ἄλλως
1478 1164 1693 1213 ἀνατέλλει
1714 1173 1762 1215 15

255 1251 302 1276 τε
331 1233 404 1276 καί
430 1235 543 1276 δύνει
583 1233 605 1276 ὃ
636 1231 771 1290 ἥλιος,
815 1231 1044 1276 κάντεῦθεν
1071 1240 1154 1283 τοῖς
1180 1236 1258 1287 μὲν
1285 1234 1357 1276 ἴσα
1394 1238 1507 1277 τελεῖ
1534 1236 1588 1278 τοὶ
1625 1252 1697 1278 νυ-

252 1299 453 1355 χθήμερα
482 1306 568 1349 τοῖς
597 1301 643 1342 δὲ
671 1300 795 1342 πάλιν
824 1294 961 1342 ἄνισα.
1017 1298 1076 1354 μὴ
1105 1301 1302 1352 θαύμαζε
1329 1299 1410 1354 εἴγε
1438 1299 1552 1356 παρὰ
1582 1305 1696 1357 Bos..

252 1372 392 1414 τανοῐς
435 1362 615 1420 ἑξάωρός
662 1368 774 1408 ἐστιν
818 1365 844 1421 ἦ
873 1363 971 1418 νύξ,
1003 1362 1108 1406 ὅπου
1135 1381 1180 1419 γε
1209 1368 1306 1420 παρ’
1337 1362 1518 1421 ἑτέροις,
1543 1363 1611 1417 οἷς
1629 1383 1696 1410 το-

254 1432 404 1473 σοῦτον
432 1429 453 1472 ὃ
483 1429 608 1480 πόλος
636 1433 799 1487 ἐξῆρται
845 1430 866 1474 ὅ
893 1429 1057 1487 βόρειος
1084 1425 1111 1486 ἢ
1141 1430 1163 1472 ὅ
1195 1431 1329 1481 νότιος
1360 1429 1468 1475 (ὅστε
1493 1431 1599 1476 κατὰ
1627 1449 1696 1476 κο-

255 1495 395 1553 ρυφὴν
423 1495 535 1550 ἔχειν
576 1495 646 1539 τὸν
676 1495 818 1551 ἕτερόν
843 1513 889 1550 γε
936 1497 1099 1546 πάντως
1129 1497 1267 1538 αύτῶν
1285 1529 1296 1550 ,
1326 1498 1490 1548 τούτοις
1517 1498 1589 1541 διὰ
1619 1500 1691 1556 τὴν
1704 1515 1758 1544 20

252 1565 372 1618 πέριξ
402 1565 480 1605 τοῦ
515 1561 634 1618 ῆλιόυ
661 1555 921 1619 περιδρομὴν
966 1561 1012 1607 τὸ
1045 1561 1285 1616 οἰκούμενον
1311 1561 1423 1606 ἅπαν
1446 1565 1691 1620 ἐσκίαοται,

249 1727 412 1773 proxime
453 1727 721 1771 circumagitur,
758 1731 948 1772 propterea
980 1727 1079 1773 quod
1106 1728 1233 1772 exigua
1256 1739 1336 1773 pars
1363 1729 1439 1763 eius
1463 1730 1529 1764 sub
1559 1737 1688 1767 terram

252 1774 485 1819 demergatur.
539 1775 790 1807 Britannorum
827 1774 974 1819 quidem
1017 1775 1044 1806 ii
1080 1780 1261 1820 quotquot
1299 1777 1484 1810 oculorum
1525 1781 1688 1814 acumine
1742 1806 1757 1822 ,

249 1822 393 1862 valent,
420 1832 485 1866 per
507 1827 648 1854 noctem
675 1826 838 1854 accurate
857 1827 1008 1855 cernunt
1033 1833 1073 1854 ac
1099 1827 1238 1855 tantum
1262 1833 1335 1855 non
1360 1824 1480 1857 omnia
1501 1826 1575 1859 suis
1601 1837 1687 1860 ocu-

248 1868 294 1901 lis
321 1867 639 1912 comprehendunt.
679 1867 723 1901 de
752 1879 824 1913 quo
848 1868 957 1902 velim
991 1868 1105 1901 discas
1129 1868 1227 1913 quod
1250 1869 1280 1901 si
1308 1870 1363 1902 sol
1387 1870 1425 1903 in
1453 1870 1596 1906 climate
1618 1885 1689 1908 no-

249 1921 323 1948 stro
362 1926 435 1948 non
473 1914 539 1948 sub
577 1920 672 1948 terra
708 1926 850 1948 cursum
885 1927 987 1948 suum
1028 1915 1238 1960 perficeret,
1276 1915 1340 1948 sed
1378 1916 1504 1950 itidem
1539 1925 1580 1953 ut
1604 1919 1687 1956 istie

249 1962 516 2007 quamproxime
545 1962 640 2006 apud
664 1973 728 1995 nos
753 1963 1105 2004 circumvolveretur,
1138 1973 1209 1994 nox
1231 1972 1356 2007 reapse
1381 1975 1455 1997 non
1475 1976 1549 1999 nox
1570 1966 1686 2010 foret,

247 2021 316 2042 nec
340 2010 415 2041 eius
443 2007 613 2041 tenebrae
639 2008 829 2041 admodum
851 2009 1064 2054 profundae,
1092 2009 1154 2042 sed
1180 2009 1357 2041 eiusmodi
1381 2011 1506 2055 quales
1531 2013 1602 2047 iam
1620 2026 1686 2049 an-

248 2061 285 2088 te
310 2055 606 2100 significavimus,
647 2056 815 2088 nimirum
856 2062 951 2089 terra
974 2068 1047 2089 non
1073 2055 1247 2089 officiente
1273 2056 1382 2090 radiis
1412 2058 1587 2094 solaribus
1615 2073 1685 2096 nec

249 2113 310 2135 eos
335 2103 556 2135 obstruente.
583 2113 655 2135 nox
679 2103 772 2136 enim
798 2103 898 2136 aliud
927 2103 1022 2136 nihil
1049 2109 1121 2144 est,
1148 2102 1448 2148 quemadmodum
1472 2111 1509 2140 et
1531 2119 1682 2153 magnus

247 2150 311 2181 ille
338 2149 489 2181 Basilius
525 2149 597 2190 ait,
624 2160 728 2194 quam
767 2156 883 2183 terrae
908 2150 1145 2183 obumbratio.
1171 2156 1390 2195 quapropter
1416 2152 1446 2186 si
1470 2154 1526 2188 sol
1549 2160 1682 2191 terram

246 2207 320 2229 non
346 2195 630 2228 subtercurreret
664 2196 727 2229 sed
751 2198 912 2241 proxime
952 2197 1085 2231 alicubi
1111 2197 1461 2241 circumagitaretur,
1488 2201 1594 2236 sicuti
1620 2214 1683 2238 su-

245 2243 365 2287 perius
393 2242 595 2282 aiebamus,
630 2243 707 2275 fieri
742 2255 968 2290 nequaquam
1009 2249 1130 2289 posset
1150 2250 1190 2277 ut
1211 2250 1352 2278 noctem
1377 2247 1591 2292 profundam
1614 2249 1680 2284 ha-
1726 2286 1728 2288 ,

244 2289 422 2323 heremus.
461 2295 497 2322 et
519 2300 602 2321 vero
628 2290 716 2334 quid
744 2302 831 2335 opus
868 2298 922 2326 est
946 2292 1059 2324 multa
1084 2302 1360 2326 commemorare
1384 2294 1596 2342 singulaque
1621 2309 1680 2331 re..

245 2336 415 2370 censere?
455 2348 534 2368 cum
571 2336 716 2379 globosa
741 2338 788 2371 sit
812 2344 905 2371 terra
926 2345 963 2372 et
989 2339 1028 2372 in
1054 2338 1211 2371 universi
1234 2339 1353 2372 medio
1380 2342 1483 2386 quasi
1507 2355 1677 2388 suspensa

243 2383 402 2422 haereat,
432 2382 527 2427 apud
554 2383 643 2415 alios
668 2384 770 2417 aliter
796 2386 849 2418 sol
867 2386 981 2419 oritur
1007 2390 1044 2418 et
1066 2384 1208 2418 occidit.
1234 2386 1358 2420 eadem
1385 2388 1430 2421 de
1455 2400 1558 2423 causa
1583 2402 1677 2425 non-

242 2430 354 2464 nullis
381 2430 543 2474 aequalia
577 2429 714 2462 dierum
741 2437 848 2475 atque
873 2433 1031 2466 noctium
1064 2432 1176 2465 efficit
1200 2434 1339 2477 spatia,
1363 2436 1548 2470 nonnullis
1572 2437 1675 2472 inae-

244 2477 376 2522 qualia.
403 2487 521 2521 neque
543 2477 670 2509 mirum
697 2477 763 2511 tibi
789 2479 834 2511 sit
858 2480 953 2525 apud
969 2479 1155 2512 Britannos
1179 2486 1321 2513 noctem
1349 2482 1396 2514 VI
1421 2482 1588 2517 horarum
1617 2496 1675 2519 es-

242 2535 305 2564 se,
331 2523 476 2568 quando
510 2523 605 2568 apud
640 2524 747 2565 alios,
781 2526 912 2569 quibus
959 2537 1035 2560 eam
1069 2526 1116 2559 ad
1144 2526 1402 2562 sublimitatem
1427 2530 1484 2563 vel
1507 2532 1674 2566 australis

240 2571 299 2603 vel
325 2570 540 2615 aquilonalis
564 2570 669 2615 polus
696 2577 748 2604 est
781 2573 939 2607 elevatus
964 2579 1005 2607 ut
1025 2573 1176 2606 alterum
1206 2575 1350 2608 omnino
1376 2587 1482 2621 supra
1501 2579 1672 2613 verticem

242 2617 417 2658 habeant,
446 2617 540 2662 apud
563 2616 628 2650 hos
653 2629 734 2662 ergo
759 2626 903 2664 propter
928 2621 1012 2654 solis
1043 2621 1081 2653 in
1106 2620 1274 2654 circulum
1301 2624 1565 2658 conversionem
1593 2631 1672 2660 tota

242 2665 338 2709 regio
355 2663 519 2698 tenebras
544 2670 734 2710 perpetuas
752 2665 872 2708 habet,
898 2673 934 2701 et
947 2667 1206 2701 anniversarius
1229 2668 1324 2702 orbis
1351 2669 1414 2703 ille
1436 2672 1671 2707 consimiliter

243 2713 281 2745 in
306 2711 400 2745 diem
425 2717 638 2756 noctemque
663 2713 713 2745 sic
739 2711 912 2747 dividitur
929 2739 938 2755 ,
962 2721 1003 2747 ut
1027 2713 1121 2749 diem
1151 2715 1297 2758 quidem
1326 2727 1387 2752 sex
1413 2720 1587 2755 mensium
1612 2726 1668 2752 to-

1779 1881 1794 1893 θ
