1826 3120
652 154 934 195 ANNALmM
973 154 1109 195 PARS
1154 155 1206 193 11.
1529 129 1640 184 313

193 257 266 299 καί
291 254 314 298 ὅ
343 255 549 311 Λευίτης,
579 254 651 296 καί
683 254 912 311 φιλοτίμως
941 255 1158 305 δεξιωθείς
1186 253 1300 308 παρα·
1332 254 1407 295 τοῦ
1435 250 1644 306 πενθεροῦ

194 323 326 366 αὐτοῦ’
372 320 576 376 λαμβάνει
626 319 703 375 την
731 325 932 374 γυναῖκα,
961 322 1034 362 καί
1077 317 1351 374 παραγίνεται
1390 319 1448 367 εἰς
1490 314 1641 371 Γαβαὰ
1656 323 1690 357 P.
1710 324 1770 367 167

192 389 314 431 πόλιν
351 390 425 443 τῆς
468 389 606 443 φυλῆς
637 387 867 439 Βενιαμίν,
915 386 989 426 καί
1022 384 1247 438 κατάγεται
1284 383 1400 437 παρὰ
1429 383 1643 439 πρεσβύτῃ

191 459 454 497 κατοικοῦντι
494 450 569 507 τήν
604 452 736 493 πόλιν.
805 450 970 505 γνόντες
1006 446 1082 491 οὖν
1109 449 1147 492 οἱ
1188 450 1267 506 την
1296 450 1416 492 πόλιν
1439 451 1646 497 οἰκοῦντες

153 520 398 574 5Βενιαμὶν
437 521 515 561 τοῦ
553 515 790 572 πρεσβύτου
832 517 906 558 τὸν
931 512 1043 558 οἶκον
1087 518 1442 571 περιστοιχίζουσι
1470 512 1646 563 καὶτὰς

188 585 329 642 ’θύρας
362 587 684 639 συντρίβουσιν,
714 583 1020 636 έμπαροινῆσαι
1045 585 1103 639 τῷ
1131 584 1231 639 ξένῳ
1262 584 1489 637 ζητοῦντες.
1544 579 1566 622 ὅ
1597 582 1646 622 δὲ

189 650 267 708 τὴν
293 653 507 706 θυγατέρα
538 650 600 692 ἔτι
632 645 794 703 ἄγαμον
824 644 955 690 οὖσαν
982 650 1055 690 καί
1081 649 1157 690 τόῦ
1175 650 1293 698 ξένου
1323 647 1399 703 τὴν
1428 645 1646 702 παλλακήν

188 719 250 766 εἰς
288 715 558 771 παράχρησιν
608 716 750 756 ἐδίδου
779 709 946 766 αὗτοῖς,
988 716 1226 768 φείσασθαι
1252 716 1330 756 τοῦ
1357 714 1473 762 ξένου
1501 710 1643 765 ἀξιῶν.

187 782 227 826 οἱ
257 785 294 826 δ’
312 784 388 824 οὐκ
412 782 654 838 ἠνέσχοντο,
681 779 789 823 οἶλλά
819 779 892 821 καί
916 779 938 821 ὅ
958 780 1144 834 Λευίτης
1175 778 1402 836 παρελθών
1430 778 1506 834 την
1537 785 1643 822 παλ-

128 872 175 899 10
187 849 320 906 λακὴν
346 848 479 891 αὐτοῦ
506 849 732 901 ἐκδίδωσι,
779 846 962 889 κάκεῖνοι
991 848 1043 888 δι’
1071 843 1168 901 ὅλης
1192 845 1341 895 νυκτὸς
1364 843 1474 903 αὐτῇ
1502 863 1642 900 παρα-

183 913 448 971 χρησάμενοι
483 915 790 964 ἐξαπέστειλαν.
830 914 1030 967 ἐγγίσασα
1071 908 1144 954 οὖν
1172 910 1277 967 αὕτη
1306 915 1359 970 τῇ
1389 910 1502 969 θύρᾳ
1536 912 1679 959 ἔνθαΒ

183 981 408 1036 κατήγετο,
431 980 592 1028 εὐθέως
612 979 866 1030 ἐξέπνευσεν.
896 977 917 1021 ὁ
940 980 1039 1033 γοῦν
1068 977 1173 1034 ἀνὴρ
1204 979 1332 1033 αὐτῆς
1355 978 1508 1032 νεκρὰν
1538 977 1643 1021 ἰδών

184 1046 320 1104 αὐτὴν
350 1048 521 1090 ἐπέθετο
548 1049 604 1103 τῷ
631 1042 842 1103 ὑποζυγίῳ
871 1046 1009 1087 αὐτοῦ
1034 1047 1106 1087 καί
1127 1044 1269 1087 οἴκαδε
1299 1044 1542 1098 ἀπεκόμισε,
1571 1045 1646 1086 καί

185 1112 337 1157 διελών
366 1112 499 1168 αὐτὴν
519 1114 579 1161 εἰς
606 1110 660 1166 ιβ’
676 1111 877 1167 τμήματα
906 1108 1060 1169 ἑκάστῃ
1092 1115 1205 1169 φυλῇ
1233 1111 1339 1167 πρὸς
1367 1114 1411 1154 ’ἑν
1439 1110 1643 1165 τεμάχιον

124 1181 476 1232 ιόἐξαπέστειλε,
520 1178 596 1233 τὴν
635 1180 903 1234 παρανομίαν
950 1180 1024 1233 τῆς
1060 1180 1136 1220 τοῦ
1176 1179 1382 1230 Βενιαμίν
1425 1178 1643 1232 κηρύττων

184 1247 336 1304 φυλῆς.
403 1246 641 1299 σχετλιάζει
676 1240 752 1285 οὖν
790 1245 862 1286 ἐπί
889 1243 1050 1294 τούτοις
1096 1243 1118 1286 ὅ
1152 1242 1348 1299 Ἰσραήλ,
1379 1245 1541 1286 δέονται
1567 1244 1642 1285 τοῦ

183 1314 300 1355 θεοῦ.
357 1313 424 1368 ἐφ’
455 1305 491 1370 ᾦ
516 1312 590 1352 καί
619 1312 705 1353 κατ’
735 1310 876 1353 αὖταῖν
907 1308 1189 1366 ὁρμήσαντες,
1219 1312 1312 1352 ἐπεὶ
1339 1309 1440 1360 τούς
1470 1309 1642 1352 ὑπαιτί-

182 1394 255 1428 ους
283 1379 435 1420 δοῦναι
463 1375 563 1432 πρὸς
590 1376 796 1431 τιμωρίαν
824 1378 901 1419 οὐκ
931 1373 1095 1432 ἤθελον,
1116 1374 1271 1427 αὐτοὺς
1297 1378 1375 1431 μὲν
1395 1374 1641 1433 κατασφάτ-

184 1458 328 1498 τουσι,
359 1443 436 1499 την
466 1446 513 1487 δὲ
542 1443 663 1486 πόλιν
691 1444 812 1498 ἔργον
839 1446 1008 1485 ποιοῦσι
1042 1442 1191 1498 πυρός.

120 1533 172 1560 20
301 1510 358 1553 Τὸ
387 1512 531 1563 μέντοι
563 1507 786 1564 πρόβλημα
817 1506 937 1563 ὅπερ,
955 1508 975 1552 ὃ
993 1507 1186 1562 Σαμψών
1214 1508 1519 1565 προυβάλλετο,
1548 1509 1683 1554 τοῦ-(ζ

183 1591 255 1619 τον
282 1574 371 1631 ἐγει
399 1576 467 1619 τὸν
503 1575 669 1631 τρόπον.
702 1576 751 1617 τί
770 1574 935 1631 βρωτόν
975 1575 1147 1630 ἐξῆλθεν
1171 1577 1216 1618 ἐκ
1241 1574 1548 1630 βιβρώσκοντος
1577 1573 1647 1616 καί

186 1642 270 1685 ἀπὸ
301 1644 484 1699 ἰσχυροῦ
510 1641 639 1696 γλυκύ
673 1644 863 1699 βρωτόνς
905 1640 984 1698 ἡδύ
1015 1641 1061 1684 τὸ
1090 1643 1184 1696 μέλι
1214 1646 1358 1698 καλεῖ,
1388 1640 1646 1699 βιβριόσκον-

187 1817 361 1861 exceptus
402 1824 422 1845 a
450 1823 576 1846 socero
602 1812 866 1857 perhonorifice
906 1823 1053 1846 uxorem
1077 1825 1177 1846 suam
1203 1812 1344 1856 recipit.
1372 1811 1458 1845 inde
1483 1812 1646 1849 Gahaam

188 1860 364 1901 discedit,
397 1860 573 1906 oppidum
611 1860 864 1892 Beniamineae
905 1860 1041 1900 tribus,
1079 1860 1206 1905 ibique
1235 1859 1282 1892 ad
1315 1870 1437 1892 senem
1463 1859 1646 1904 quendam

186 1908 402 1952 agricolam,
429 1907 648 1952 inquilinum
676 1908 753 1940 eius
779 1907 872 1948 loci,
909 1906 1064 1940 divertit.
1092 1918 1133 1939 ea
1160 1917 1198 1939 re
1225 1907 1367 1951 cognita
1396 1907 1645 1949 Beniaminei,

186 1956 250 2001 qui
287 1956 381 1988 cives
413 1955 490 1987 eius
529 1954 656 1998 oppidi
691 1960 815 1995 erant,
848 1954 943 1987 senis
975 1954 1075 1986 illius
1109 1953 1254 1987 domum
1288 1953 1452 1998 undique
1492 1955 1646 1988 cinctam

186 2001 373 2043 obsident,
411 2007 448 2035 et
482 2002 646 2046 impulsis
679 2001 816 2034 foribus
850 2000 1030 2045 hospitem
1058 2012 1122 2045 per
1151 2002 1267 2034 scelus
1292 2001 1428 2034 violare
1457 2008 1646 2036 conantur.

186 2050 239 2082 ibi
260 2060 371 2082 senex
395 2049 458 2081 ille
484 2049 594 2081 filiam
623 2060 721 2081 suam
745 2047 900 2081 necdum
928 2053 1078 2092 nuptam
1099 2052 1136 2081 et
1160 2047 1314 2093 hospitis
1332 2048 1570 2082 concubinam
1595 2050 1646 2083 eis

187 2099 317 2137 offert,
349 2096 480 2141 quibus
514 2095 560 2128 ad
592 2095 786 2129 libidinem
817 2095 1075 2136 abuterentur,
1114 2096 1240 2129 saltem
1277 2102 1405 2140 petens
1443 2102 1484 2129 ut
1509 2096 1646 2142 hospiti

184 2150 386 2190 parcerent.
417 2142 516 2188 quod
551 2155 631 2175 cum
668 2144 725 2176 illi
749 2143 906 2175 facturos
933 2153 970 2175 se
993 2148 1185 2186 negarent,
1214 2154 1375 2187 egressus
1403 2153 1421 2175 e
1448 2143 1553 2176 domo
1579 2146 1648 2177 Le-

185 2191 261 2224 vita
288 2190 525 2224 concubinam
558 2202 658 2222 suam
691 2191 742 2223 eis
775 2189 934 2223 exhibet.
963 2189 1020 2222 illi
1057 2195 1134 2223 tota
1158 2196 1264 2223 nocte
1294 2189 1340 2223 ad
1365 2190 1556 2224 libidinem
1582 2192 1648 2225 illa

186 2238 309 2280 abusi,
335 2237 482 2271 tandem
507 2236 707 2270 dimittunt.
738 2242 959 2282 quapropter
985 2236 1031 2269 ad
1054 2235 1202 2282 hospitii
1226 2237 1320 2272 fores
1346 2249 1532 2282 progressa
1558 2251 1646 2272 con-

184 2286 288 2318 tinuo
315 2285 423 2318 vitam
446 2297 526 2318 cum
553 2290 668 2318 morte
694 2290 899 2318 commutat.
937 2290 1012 2317 tum
1035 2284 1182 2318 maritus
1210 2285 1288 2319 eius
1314 2291 1491 2318 mortuam
1518 2286 1645 2320 videns

185 2333 348 2365 iumento
375 2344 438 2365 suo
463 2332 637 2376 imponit,
663 2343 704 2365 ac
730 2331 873 2365 domum
892 2330 1113 2376 deportatam
1138 2332 1176 2365 in
1202 2338 1320 2376 partes
1347 2331 1539 2365 duodecim
1571 2333 1646 2366 ‹lis-

187 2386 302 2422 εει-αις
329 2390 480 2424 quarum
506 2379 662 2423 partium
687 2380 846 2423 singulas
865 2378 1066 2423 quamlibet
1088 2378 1134 2411 ad
1151 2379 1286 2413 tribum
1310 2379 1434 2420 mittit,
1461 2381 1643 2425 simulque

184 2426 437 2459 Beniamineae
461 2426 578 2459 tribus
596 2427 711 2460 scelus
732 2426 964 2459 demonstrat.
991 2436 1062 2470 quo
1082 2426 1175 2460 facto
1195 2438 1269 2459 rem
1286 2427 1444 2460 Israelici
1468 2439 1643 2472 perquam

186 2474 336 2507 moleste
363 2474 494 2514 ferunt,
512 2473 705 2519 ipsumque
733 2474 840 2506 deum
867 2478 1068 2517 precantur.
1095 2473 1266 2519 deinceps
1281 2474 1532 2507 Beniamineos
1563 2487 1643 2508 cum

187 2521 300 2565 copiis
334 2520 518 2554 invadunt.
551 2522 717 2564 quicum
759 2527 921 2553 auctores
959 2520 1125 2554 facinoris
1162 2521 1207 2554 ad
1232 2532 1363 2554 noxam
1392 2533 1429 2554 se
1456 2522 1641 2556 dedituros

186 2573 382 2611 negarent,
415 2567 573 2601 Israelici
610 2580 670 2602 eos
711 2568 933 2601 interficiunt
977 2572 1013 2600 et
1058 2568 1231 2614 oppidum
1271 2569 1354 2614 igue
1389 2569 1525 2602 iniecto
1564 2580 1642 2603 cre-

186 2620 295 2647 mant.

281 2660 468 2694 Caeterum
495 2662 682 2708 problema
711 2660 809 2706 quod
846 2661 1058 2695 Palaestinis
1086 2662 1207 2696 Samso
1236 2664 1447 2708 proposuit,
1473 2670 1550 2697 erat
1572 2664 1640 2697 hu-

188 2707 344 2741 iusmodi
373 2709 463 2752 (Iud.
496 2709 534 2753 14
569 2710 640 2754 14):
672 2721 714 2741 ex
739 2708 949 2741 comedente
976 2708 1087 2749 cibus,
1115 2721 1157 2743 ex
1183 2710 1331 2743 robusto
1358 2711 1446 2744 exiit
1471 2710 1636 2744 dulcedo.

187 2765 251 2800 per
279 2754 508 2799 dulcedinem
535 2756 608 2792 mel
632 2756 822 2802 intelligit,
848 2765 913 2802 per
936 2755 1182 2792 comedentem
1206 2769 1246 2792 ac
1271 2758 1458 2792 robustum
1483 2758 1638 2800 leonem,
