1826 3120
585 157 871 201 ANNAuuM
908 158 1046 202 PARS
1089 159 1143 200 n.
1470 132 1584 214 369

129 260 316 307 ,εἰδώλων
355 261 400 303 ἒν
424 262 483 319 ‘tegi'
507 259 729 320 χειμάρρῳ
757 261 1053 318 τιὸνΚέδρων
1084 261 1357 318 συνέτριψεν,
1385 260 1432 304 ἓν
1458 262 1507 303 δὲ
1535 261 1587 318 τῇ

128 325 302 384 Bal-923).
327 324 431 378 τούς
459 329 544 371 τῶν
578 327 763 371 εἰδώλων
798 326 939 384 ἱερέας
963 329 1214 382 κατέκαυσε,
1244 325 1351 371 κατὰ
1379 326 1458 384 τὴν
1483 343 1585 383 προ-

129 395 308 453 φητείαν
330 393 455 451 Ἰωήλ
489 395 654 437 ἐκείνου
682 397 763 437 τοῦ
788 388 1017 450 ἀνθρώπου
1046 396 1123 436 τοῦ
1172 396 1290 438 θεοῦ.
1346 393 1419 437 έπί
1443 395 1587 448 μέντοι

127 461 218 503 τῶν
242 459 412 518 χρόνων
440 463 519 505 τοῦ
544 463 753 515 βασιλέως
777 461 966 514 Ἰωσίου,
993 457 1052 510 ὥς
1077 476 1186 518 φησι
1214 464 1255 503 Γ
1251 458 1446 518 ειόργιος,
1474 459 1585 504 ἐκτί-

91 531 213 585 5σθη
240 528 286 573 τὸ
323 525 563 579 Βυζάντιον
587 526 670 570 ὑπὸ
701 526 849 588 Βύζου
876 529 1084 581 βασιλέως
1116 528 1300 586 Θρᾴκης.

140 602 145 604 “
234 596 385 638 Ἰστέον
425 590 493 637 ὅτι
529 595 666 650 τρίτον
703 594 915 650 ἐπόρθησε
943 592 1020 650 τήν
1049 591 1331 651 Ἰερουσαλήμ
1362 591 1386 636 ὅ
1411 595 1588 648 Ναβου-

123 661 354 717 χοδονόσορ
368 694 381 714 ,
410 662 483 704 ἐπὶ
502 656 696 714 Ἰωακεὶμ
721 656 947 715 Ἰεχονίου,
978 660 1056 703 καί
1071 657 1248 717 ὕστερον
1274 660 1347 705 έπί
1373 663 1583 715 Σεδεκίου,
1600 670 1626 702 Β

123 725 184 778 οιῗς
211 745 318 786 φησι
356 730 398 772 Γ
394 726 584 783 εώργιος.
649 724 671 768 ὁ
702 729 750 770 δὲ
780 727 1052 784 Θεοδώρητος
1071 728 1268 782 Ἰωακείμ
1294 730 1368 771 καί
1386 728 1587 782 Ἰεχονίαν

124 794 200 839 τόν
225 793 357 838 αὐτόν
385 790 493 836 εἶναι
521 795 655 848 λέγει,
687 794 747 851 τῷ
778 791 983 852 θειοτάτῳ
1010 791 1192 853 Ἱερεμίᾳ
1211 792 1424 849 ἑπόμενος.
1483 791 1506 835 ὅ
1538 795 1588 835 δὲ

63 863 322 912 ιοΣεὸεκὼις
355 859 460 907 κατὰ
489 858 563 902 τὸν
593 862 729 914 μέγαν
754 858 1000 917 Ἐπιφάνιον
1027 862 1274 917 τυφλωθεὶς
1304 861 1378 904 καί
1401 862 1462 910 εἷς
1492 864 1585 903 Βα-

121 931 294 983 βυλῶνα
321 927 536 982 «ἐπαχθεῖς
562 923 769 982 ἐνεβλήθη
806 926 971 979 μύλωνι
1003 926 1076 970 ἐπὶ
1101 925 1238 970 ἔτεσιν
1265 926 1395 970 εἴκοσι
1420 927 1493 970 καί
1518 929 1585 981 ἓξ,

120 997 164 1038 εἰ
191 994 266 1037 καὶ
290 991 466 1050 ὕστερον
491 991 684 1050 ἐτιμήθη.
742 992 926 1048 γίνονται
955 988 1032 1036 οὖν
1060 993 1169 1048 ὅμοῦ
1195 996 1280 1037 τῶν
1309 995 1355 1037 ἓν
1374 994 1588 1049 Ἰερουσα-

119 1061 208 1117 λήμ
245 1062 587 1117 βασιλευσάντων
629 1059 712 1103 ἀπὸ
754 1062 899 1116 Δαβίὃ
939 1055 1044 1116 ἄχρι
1083 1062 1280 1104 Σεδεκίου
1325 1058 1380 1103 τοὶ
1411 1059 1485 1117 ἔτη
1514 1063 1590 1102 215³·

120 1128 198 1171 καὶ
221 1127 286 1185 η’,
319 1126 359 1170 οἱ
389 1129 436 1171 δὲ
465 1130 655 1181 βασιλεῖς
683 1125 818 1171 εἴκοσι
857 1125 932 1169 καί
960 1126 1036 1169 δύο
1063 1127 1218 1177 πάντες
1249 1130 1294 1180 ἐξ
1325 1124 1415 1178 ἑνὸς
1442 1130 1589 1183 γένους

62 1195 203 1239 ι5τοῦ
231 1196 384 1249 Δαβίδ.
459 1193 499 1237 οἱ
528 1196 576 1236 δὲ
602 1196 647 1237 ἐν
675 1193 896 1252 Σαμαρειᾲ
939 1192 1270 1248 βασιλεύσαντες
1298 1193 1374 1251 ιη’,
1401 1195 1485 1237 ἀπὸ
1509 1196 1587 1240 Ἱε-

121 1259 289 1315 ροβοὰμ
315 1263 395 1310 ἕως
422 1260 571 1316 Ὠσηὲ,
611 1261 678 1317 ἐφ’
708 1254 760 1301 οὗ
800 1262 1012 1302 πέπαυται
1041 1262 1115 1302 καί
1142 1260 1331 1303 α’ποόλετο
1358 1259 1584 1317 Σαμάρεια

121 1327 206 1369 ὑπὸ
236 1324 541 1382 Σαλμανασάρ.
603 1327 700 1369 α’ντί
726 1328 775 1368 δὲ
801 1330 885 1369 τῶν
913 1329 1192 1384 Σαμαρειτῶν
1220 1328 1446 1383 Ἀσσύριοι
1472 1330 1623 1386 ἐκεῖ-,ὀ

122 1409 170 1436 σε
196 1395 472 1451 κατῴκησαν,
515 1395 560 1445 ἐξ
589 1388 649 1435 ὧν
678 1392 717 1436 οἱ
759 1392 966 1448 αἱρετικοί
996 1397 1262 1449 Σαμαρεῖται
1290 1396 1365 1436 καί
1392 1397 1583 1439 Σαδδου-

122 1466 251 1503 καῖοι.
319 1455 437 1503 οὗτοι
474 1462 555 1514 μὲν
592 1455 669 1502 οὖν
703 1458 786 1502 ὑπὸ
818 1460 995 1502 λεόντων
1028 1460 1361 1515 βιβρωσκόμενοι
1389 1462 1584 1517 ἐξαπίνης

55 1529 266 1577 αοατῖτοῖς
305 1525 618 1580 ἐμπιπτόντων,
669 1525 744 1569 καί
779 1527 991 1581 μαθόντες
1037 1526 1121 1570 ἀπὸ
1149 1527 1359 1582 γερόντων
1389 1530 1583 1582 ἀρχαίων

120 1592 196 1637 τὸν
220 1593 454 1648 τιμώμενον
486 1595 622 1637 ἐκεῖσε
649 1591 775 1647 θεόν,
806 1593 880 1636 καί
908 1590 975 1635 ὅτι
1007 1596 1106 1648 παρ’
1135 1596 1295 1637 ἐκείνου
1324 1592 1375 1637 τὰ
1405 1597 1583 1637 τοιαῦτα

122 1661 362 1716 πάσχουσι,
404 1659 478 1716 τήν
511 1662 589 1703 τοῦ
616 1661 816 1710 Μωσέως
843 1662 1094 1715 ἐπικτῶνται
1127 1659 1433 1716 πεντάτευχον·
1510 1664 1586 1705 καί

122 1830 219 1864 idem
246 1838 309 1862 rex
337 1828 608 1862 simulacrorum
646 1839 728 1862 vasa
755 1828 793 1861 in
818 1833 1015 1862 torrentem
1042 1828 1242 1862 Cedronem
1269 1828 1452 1862 confracta
1477 1828 1579 1864 deie—

120 1879 191 1920 cit,
213 1883 251 1910 et
275 1875 424 1909 Bethele
442 1876 666 1910 deastrorum
688 1876 867 1909 sacrificos
885 1876 1147 1916 concremavit,
1173 1876 1478 1921 quemadmodum
1498 1878 1579 1910 Ioe-

119 1926 177 1960 lus
205 1925 314 1958 homo
349 1923 494 1957 divinus
531 1923 693 1956 futurum
727 1923 944 1956 vaticinatus
981 1923 1109 1956 fuerat.
1146 1923 1309 1956 eiusdem
1344 1924 1461 1957 Iosiae
1487 1926 1577 1969 regis

118 1972 294 2019 imperio,
318 1971 624 2016 quemadmodum
650 1971 823 2014 Georgius
849 1970 1042 2004 memoriae
1062 1969 1236 2016 prodidit,
1259 1970 1345 2004 urbs
1370 1972 1577 2015 Byzantium

119 2033 140 2055 a
165 2022 257 2064 Byzo
284 2019 465 2052 Thracum
492 2030 574 2063 rege
610 2018 758 2051 condita
782 2023 847 2050 est.

212 2066 415 2101 Secundum
444 2066 534 2099 haec
572 2064 757 2099 sciendum
782 2064 1065 2108 Hierosolymam
1091 2075 1112 2104 a
1135 2063 1494 2099 Nabuchodonozore
1523 2072 1578 2100 ter

117 2115 307 2161 spoliatam
328 2126 417 2156 esse,
435 2113 610 2147 videlicet
626 2112 857 2158 regnantibus
869 2112 1026 2145 Ioacimo
1039 2111 1208 2145 lechonia
1227 2117 1264 2145 et
1273 2111 1432 2154 Sedecia,
1448 2124 1577 2159 quem..

118 2161 312 2196 admodum
324 2162 498 2206 Georgius
526 2161 678 2206 scripsit.
728 2159 975 2194 Theodoritus
1003 2164 1140 2200 autem,
1169 2158 1431 2193 divinissimum
1455 2167 1576 2195 vatem

117 2211 303 2244 Ieremiam
334 2216 498 2250 secutus,
532 2220 577 2242 ex
612 2208 768 2242 Ioacimo
802 2213 839 2240 et
877 2207 1047 2240 lechonia
1083 2207 1169 2240 facit
1207 2218 1318 2240 unum
1344 2207 1575 2254 eundemque

119 2268 248 2302 regem.
297 2256 463 2290 Sedecias
485 2267 593 2297 vero,
618 2256 711 2289 sicut
737 2254 961 2300 Epiphanius
998 2255 1177 2295 meminit,
1203 2255 1339 2288 effossis
1366 2256 1481 2289 oculis
1506 2257 1574 2288 Ba-

118 2304 289 2349 bylonem
303 2304 480 2338 abductus
507 2309 545 2337 et
569 2304 607 2336 in
632 2303 825 2349 pistrinum
851 2302 1036 2335 coniectus
1060 2301 1195 2335 ibidem
1222 2313 1335 2335 annos
1352 2303 1478 2347 viginti
1511 2315 1574 2337 sex

121 2353 308 2395 contrivit,
331 2363 372 2385 ac
398 2351 542 2385 tandem
572 2350 771 2383 honorifice
801 2349 959 2383 vicissim
982 2354 1036 2383 est
1059 2348 1215 2384 habitus.
1242 2356 1327 2383 sunt
1351 2351 1458 2394 igitur
1485 2352 1571 2383 anni

122 2411 263 2444 regum,
290 2405 473 2445 quotquot
496 2410 516 2431 a
541 2398 680 2432 Davide
705 2397 750 2430 ad
775 2397 962 2430 Sedeciam
991 2407 1106 2442 usque
1131 2397 1389 2441 Hierosolymis
1417 2398 1572 2442 impera-

123 2452 229 2488 runt,
261 2447 300 2480 in
335 2459 443 2480 unum
470 2446 613 2479 collecti
640 2446 730 2489 498,
761 2450 797 2478 et
821 2455 921 2489 reges
949 2444 1019 2489 ipsi
1045 2444 1173 2490 viginti
1204 2443 1296 2485 duo,
1323 2445 1486 2477 Davidici
1510 2457 1571 2489 ge·-

121 2493 216 2527 neris
242 2505 375 2527 omnes.
424 2494 605 2527 Samariae
629 2505 711 2531 uro
738 2497 932 2537 regnarunt
964 2493 1015 2532 18,
1038 2491 1082 2524 ab
1111 2492 1351 2525 Hieroboamo
1383 2503 1498 2537 usque
1523 2492 1572 2526 ad

122 2542 271 2582 0seam,
298 2541 365 2575 sub
391 2553 463 2587 quo
498 2542 725 2575 salmanasar
751 2540 942 2573 Samariam
967 2538 1104 2573 delevit
1127 2551 1168 2573 ac
1192 2551 1339 2583 regnum
1366 2540 1440 2572 eins
1470 2551 1571 2572 ever-

122 2590 182 2629 tit,
217 2589 518 2623 Samaritanorum
557 2589 636 2622 loco
663 2586 827 2620 deductis
864 2598 907 2619 eo
944 2587 1096 2620 coloniis
1122 2588 1366 2630 Assyriorum,
1392 2598 1411 2618 a
1436 2587 1571 2631 quibus

122 2642 224 2669 ortae
256 2642 338 2670 sunt
367 2637 670 2670 Samaritanorum
712 2640 748 2668 et
773 2633 1060 2667 Sadducaeorum
1096 2634 1271 2668 haereses.
1298 2645 1378 2666 cum
1407 2640 1529 2668 autem
1553 2647 1574 2667 a

119 2682 289 2716 leonibus
334 2683 373 2716 hi
413 2684 672 2717 devorarentur
707 2681 826 2715 subito
863 2681 902 2714 in
926 2681 1023 2726 ipsos
1052 2682 1287 2722 irruentibus,
1313 2681 1431 2727 deque
1454 2682 1575 2716 senio·

123 2731 224 2764 ribus
265 2731 385 2765 edocti
433 2732 584 2765 fuissent
625 2731 772 2775 quinam
797 2730 842 2762 iis
868 2729 905 2761 in
931 2729 1017 2762 locis
1046 2729 1133 2762 deus
1159 2730 1360 2774 antiquitus
1390 2729 1461 2762 coli
1488 2741 1576 2763 con-

123 2779 318 2819 suevisset,
352 2789 373 2811 a
396 2790 468 2825 quo
495 2780 597 2814 malis
618 2776 794 2812 eiusmodi
816 2776 1067 2820 adficerentur,
1091 2777 1254 2824 quinque
1282 2776 1394 2811 Mosis
1418 2778 1576 2812 volumi-

221 2843 365 2889 Glycas.
1284 2842 1327 2885 24
