1826 3120
284 179 383 248 189
724 192 1012 235 meminus
1053 193 1268 235 GLYCAE

269 301 392 353 σῶμα
443 298 524 352 γὰρ
566 294 667 349 μήτε
694 300 873 350 κρυμοῖς
914 296 1147 336 ὑποηῖπτον
1184 293 1290 349 μήτε
1317 292 1538 348 θάλψεσιν.
1566 295 1607 337 εἰ
1628 294 1711 349 γάρ

229 364 412 411 Οέλύπει
443 359 631 405 τοιοῦτόν
654 377 695 402 τι
725 358 859 411 πάθος
888 357 1006 414 αὐτὸ,
1034 363 1106 402 καί
1131 359 1419 413 σκεπάσματος
1447 357 1499 404 ἂν
1525 359 1714 415 ἐξάνάγ-

267 447 342 485 κης
377 445 447 470 και
491 426 785 481 προβλήματος
824 429 985 476 ἐπιδεὲς
1022 420 1085 481 ἦν
1160 426 1235 467 οὔκ
1275 421 1328 468 ἂν
1365 424 1496 468 αὐτὸν
1531 426 1712 481 πάσχειν

266 494 383 552 ᾠήθη
412 491 516 535 κατά
546 508 588 533 τι
619 489 640 533 ὃ
683 496 796 541 θεῖος
824 495 943 541 οὗτος
969 489 1100 546 ἀνήρ,
1131 489 1214 546 εἴγε
1238 507 1309 534 και
1339 493 1500 544 μᾶλλον
1522 490 1601 561 τὴν
1629 508 1713 534 πα-

1045 553 1065 574 ῗ
1118 553 1137 568 >l

261 562 447 614 χυτέραν
476 558 609 613 σάρκα
632 576 702 601 και
731 558 900 614 θνητήν,
931 558 1005 615 ἀφ’
1038 561 1087 613 ἦς
1110 575 1196 610 αρα
1223 557 1297 599 καί
1317 556 1363 599 τὸ
1395 557 1575 620 πάσχειν
1594 555 1750 618 ἦμΐν,5

264 630 308 668 ἐν
337 628 389 682 τῇ
424 627 496 668 τοῦ
537 626 786 678 ὃερματίνου
829 625 1004 679 χιτῶνος
1041 627 1244 680 περιβολῇ
1273 623 1344 666 τὸν
1366 619 1508 677 Ἀδάμ
1536 617 1712 666 ἐνδυσά-

263 696 365 734 σθαι
399 689 551 746 ε’.λεγεν
609 691 738 741 ἔδειξε
769 689 850 744 γάρ
888 692 1083 732 ἐντεῦθεν
1120 687 1184 731 ὅτι
1212 689 1291 743 πρὸ
1321 692 1393 744 τῆς
1420 687 1612 745 τοιαύτης
1639 704 1712 732 πε-

697 756 710 770 (
763 752 773 767 2

265 760 438 813 ριβολῆς
478 755 648 812 οἷπαθὴς
689 773 709 797 ο
754 753 975 811 άνθρωπος
1019 750 1069 810 ἦν
1104 753 1178 797 ἅτε
1221 755 1272 810 δή
1301 755 1436 810 σάρκα
1465 756 1713 811 λεπτοτέραν

263 825 563 876 ἐνδεδυμένος,
607 820 815 865 οἷθάνατόν
842 838 886 864 τε
926 821 999 863 καί
1023 818 1263 878 ἄφθαρτον.
1322 823 1414 864 ἀλλ’
1441 820 1516 864 ἐπὶ
1537 821 1713 872 ταύταις

263 896 355 940 ταῖς
387 891 521 939 λέξεσι
548 891 815 943 χαλεπαίνειν
843 889 894 930 ου’
919 885 1018 942 χρή.
1076 887 1178 930 κατὰ
1206 887 1287 943 γάρ
1317 886 1387 930 τὸν
1412 887 1711 944 χρυσορρήμσ-
1728 898 1776 926 to

262 973 315 997 να
341 957 530 1009 Ἰωάννην
567 955 703 1009 πάσης
733 951 967 1009 ἀπήλλακτο
1010 952 1055 995 τὸ
1087 957 1210 1007 σῶμα
1239 956 1370 996 ἐκεῖνο
1402 955 1582 1010 φθορᾶς.
1643 955 1710 1011 ἔφ’
1736 979 1739 981 -

263 1017 296 1079 ᾧ
338 1023 409 1064 καί
449 1017 672 1076 ἄφθαρτον
714 1019 818 1062 αὐτὸ
872 1019 1043 1069 δικαίως
1086 1019 1107 1062 ὅ
1145 1017 1263 1074 λόγος
1307 1019 1510 1062 ἐκάλεσεν.
1585 1021 1625 1064 εἰ
1664 1021 1710 1062 δὲ

216 1084 508 1144 Βάφθαρτον,
537 1083 715 1141 εὔδηλον
745 1083 807 1128 ὅτι
834 1089 907 1128 καί
938 1089 1149 1128 α’θάνατον
1179 1081 1244 1142 ἦν.
1303 1088 1343 1128 εἰ
1367 1084 1446 1141 γάρ
1477 1083 1712 1140 ἐπάγεσθαι

261 1155 440 1196 εἰώθασι
457 1156 529 1195 καί
558 1154 674 1195 νόσοι
698 1154 770 1194 καί
797 1151 969 1194 θάνατοι
991 1152 1035 1194 ἔκ
1053 1169 1097 1193 τε
1127 1155 1363 1203 πλεονεξίας
1388 1152 1460 1194 καί
1485 1153 1712 1206 ἐλλείψεως

260 1223 345 1261 τῶν
371 1220 587 1273 τεσσάρων
615 1219 789 1272 χυμῶν,
831 1217 942 1259 καθά
977 1216 1028 1272 δὴ
1055 1221 1114 1275 τῷ
1151 1215 1468 1273 χρυσορρήμονι
1497 1219 1632 1271 δοκεῖ,
1660 1215 1708 1260 τό
1729 1215 1775 1258 15

263 1288 309 1327 δέ
341 1302 386 1340 γε
417 1287 540 1338 σῶμα
571 1287 650 1326 τοῦ
670 1281 813 1338 Ἀδάμ
844 1287 888 1326 ἐν
920 1280 1104 1341 ἀπαθείᾳ
1135 1286 1249 1340 διῆγε
1274 1285 1348 1325 καί
1375 1281 1576 1333 ὡσαύτως
1601 1279 1712 1338 εἶχεν

261 1353 335 1393 ἀεί
361 1353 479 1407 (ου’δὲ
518 1351 598 1406 γάρ
643 1351 865 1393 ἀλλοίωσιν
908 1345 1077 1404 ἐδέχετό
1117 1367 1210 1392 τινα
1247 1353 1551 1405 παραπλησίως
1591 1348 1710 1404 ἡμῖν,

262 1416 337 1460 ἅτε
369 1416 420 1472 δὴ
450 1421 599 1459 παθῶν
625 1419 832 1459 παντοίων
859 1414 1090 1472 ὑπέρτερον
1124 1411 1206 1473 ὅν),
1237 1415 1430 1472 φαίνεται
1456 1415 1621 1465 πάντως
1649 1412 1712 1458 ὅτι

262 1486 334 1526 καί
372 1484 611 1532 ἀθανασίας
657 1481 819 1538 ὑπῆρχε
857 1485 1056 1536 μέτοχον,
1101 1482 1156 1530 ὥς
1205 1480 1226 1522 ἆ
1271 1479 1390 1535 λόγος
1432 1478 1513 1536 ἤδη
1540 1481 1713 1538 φθάσας

262 1551 484 1604 ἐδήλωσεν.
541 1545 606 1590 ὅτι
633 1550 678 1590 δὲ
709 1550 899 1604 φυσικῶν
928 1550 1080 1589 παθῶν
1111 1545 1316 1602 ιὶιωτερος
1357 1546 1380 1588 ὅ
1411 1543 1633 1602 ανθρωπος
1661 1542 1775 1602 ἧναο

263 1618 307 1658 ἐν
342 1614 488 1674 ἐκείνῳ
526 1616 583 1671 τῷ
615 1617 772 1672 καιρῷ,
813 1615 887 1656 καί
922 1614 943 1655 ὃ
974 1631 1024 1668 μ
1011 1617 1104 1669 ἐγας
1142 1612 1271 1665 ε’ὃειξε
1303 1617 1527 1664 Βασίλειος
1552 1615 1596 1657 ἑν
1624 1619 1712 1664 τοῖς

265 1845 332 1867 nec
373 1833 487 1867 aestui
526 1833 621 1866 foret
654 1833 859 1866 obnoxium
897 1833 1030 1888 quippe
1058 1835 1086 1867 si
1122 1833 1295 1867 eiusmodi
1331 1834 1519 1879 quaepiam
1553 1833 1709 1866 adfectio

266 1882 428 1914 laesisset
452 1882 590 1925 ipsum,
635 1881 741 1913 etiun
764 1882 964 1914 necessario
999 1887 1072 1914 tam
1094 1887 1298 1924 tegumento
1321 1892 1425 1925 quam
1453 1880 1586 1914 vestitu
1613 1878 1711 1913 indi-

266 1930 409 1972 guisset.
429 1928 473 1960 de
496 1939 565 1972 quo
591 1927 773 1972 colligitur
796 1928 953 1960 divinum
975 1927 1070 1961 hunc
1089 1929 1201 1961 virum
1227 1929 1446 1960 existimasse
1470 1927 1565 1960 nihil
1593 1927 1711 1960 omni-

266 1987 313 2008 no
340 1976 413 2008 tale
450 1975 525 2006 ullo
561 1980 666 2018 *pacto
707 1986 833 2019 corpus
858 1975 951 2007 illud
974 1975 1128 2008 hominis
1163 1975 1265 2020 primi
1293 1985 1500 2019 perpessum
1527 1985 1613 2007 esse..
1639 1975 1710 2007 imo

266 2022 377 2055 tradit
401 2021 495 2054 idem
521 2021 694 2054 Adamum
732 2033 872 2054 carnem
899 2022 989 2054 hanc
1026 2023 1229 2055 crassiorem
1266 2027 1301 2054 et
1325 2022 1432 2054 morti
1457 2021 1664 2062 obnoxiam,
1692 2033 1712 2054 a

267 2081 338 2113 qua
363 2070 438 2112 ipsa
459 2068 738 2114 proficiscuntur
763 2069 966 2102 huiusmodi
993 2069 1232 2109 adiectiones,
1270 2080 1340 2100 una
1368 2080 1446 2101 cum
1473 2070 1604 2102 amictu
1631 2068 1712 2113 pel-

269 2117 381 2148 liceae
417 2115 558 2147 tunicie
587 2115 756 2148 induisse
798 2128 868 2161 quo
907 2116 1069 2149 indicare
1095 2116 1208 2149 voluit
1235 2121 1317 2148 ante
1344 2116 1510 2148 amictum
1537 2115 1712 2149 eiusmodi

269 2163 377 2194 fuisse
415 2161 593 2193 hominem
621 2162 862 2195 adfectionum
898 2170 1096 2208 expertem,
1131 2168 1170 2195 ut
1194 2163 1255 2207 qui
1298 2173 1402 2195 carne
1431 2163 1620 2196 subtiliore
1644 2163 1712 2196 im·-

269 2209 409 2242 mortali
436 2214 472 2241 et
498 2209 763 2253 incorruptibili
787 2211 885 2254 prius
910 2210 1057 2243 indutus
1076 2215 1175 2243 esset.
1202 2221 1293 2254 quae
1317 2221 1420 2242 voces
1447 2210 1616 2242 exhibere
1641 2209 1711 2242 tibi

269 2256 454 2288 molestiae
481 2255 573 2287 nihil
593 2255 737 2289 debent.
766 2268 848 2289 nam
873 2257 918 2290 de
933 2256 1170 2300 Chrysostomi
1196 2257 1374 2289 sententia
1398 2268 1523 2302 corpus
1547 2255 1640 2289 illud
1665 2255 1710 2288 ab

271 2302 420 2335 interitu
446 2308 521 2334 erat
548 2303 724 2345 immune3
750 2315 856 2348 quam
885 2304 930 2336 ob
959 2315 1095 2336 causam
1118 2303 1244 2335 merito
1269 2303 1541 2348 incorruptibile
1566 2303 1710 2336 dicitur.

271 2349 400 2394 quodsi
440 2354 518 2381 erat
553 2350 842 2394 incorruptibile,
877 2351 1022 2395 planum
1049 2356 1101 2382 est
1137 2351 1242 2382 etiam
1266 2351 1463 2384 immortale
1484 2350 1606 2383 fuisse.
1629 2362 1710 2383 nam

271 2408 350 2428 cum
375 2395 489 2427 morbi
516 2402 622 2439 atque
647 2403 776 2429 mortes
812 2404 884 2430 tam
911 2409 954 2430 ex
978 2396 1195 2430 abundantia
1224 2409 1328 2442 quam
1369 2397 1511 2430 defectu
1541 2403 1710 2442 quattuor

273 2444 458 2477 humorum
493 2443 577 2474 oriri
618 2446 887 2485 consueverint,
926 2444 1151 2477 adsentiente
1190 2444 1292 2476 nobis
1327 2445 1364 2476 in
1405 2444 1473 2476 hoc
1496 2444 1574 2488 ipso
1601 2445 1708 2478 etiam

273 2491 545 2532 Chrysostomo‚
579 2494 614 2521 et
651 2501 738 2523 vero
769 2502 895 2536 corpus
918 2491 1042 2524 Adami
1076 2501 1201 2534 expers
1225 2491 1465 2524 adfectionum
1493 2491 1621 2531 fuerit,
1647 2502 1709 2524 eo-

273 2538 354 2570 dem
380 2535 486 2569 modo
521 2536 659 2569 scilicet
691 2538 867 2571 adfectum
894 2544 1067 2583 perpetuo
1106 2537 1194 2591 (non
1219 2539 1313 2570 enim
1337 2538 1574 2571 mutationem
1598 2538 1710 2571 ullam

271 2583 499 2625 admittebat,
525 2582 622 2637 quod
645 2584 682 2615 in
708 2584 811 2617 nobis
837 2586 1025 2618 usuvenire
1052 2584 1239 2625 cernimus,
1261 2590 1429 2629 tanquam
1456 2596 1559 2629 supra
1585 2595 1708 2618 omnes

274 2631 494 2664 adfectiones
521 2630 714 2674 positum),
742 2634 964 2676 perspicuum
988 2643 1128 2676 prorsus
1154 2637 1208 2664 est
1231 2632 1335 2664 etiam
1362 2631 1537 2676 particeps
1566 2631 1708 2665 immor-

272 2678 424 2710 talitatis
451 2678 569 2715 fuisse,
593 2677 886 2722 quemadmodum
913 2680 980 2711 iam
1006 2679 1188 2712 multoties
1218 2684 1271 2711 est
1299 2677 1505 2711 indicatum.
1533 2684 1570 2711 et
1599 2677 1708 2712 fuisse

274 2724 453 2757 hominem
480 2723 516 2756 id
546 2725 712 2768 temporis
739 2737 843 2768 supra
871 2737 991 2759 omnes
1019 2725 1239 2759 adfectiones
1263 2726 1439 2770 positum,
1474 2736 1618 2770 magnus
1642 2725 1707 2758 ille

274 2772 424 2805 Basilius
461 2771 498 2805 in
536 2770 704 2805 Aseeticis
739 2773 809 2805 suis
856 2772 1033 2814 ostendit,
1070 2771 1132 2805 ubi
1169 2771 1215 2805 ad
1259 2772 1408 2806 verbum
1443 2770 1531 2805 haec
1568 2774 1708 2806 exstant
