1826 3120
215 171 322 214 xlv-
778 168 810 207 L
814 166 1106 208 EUNCLAVH

217 278 260 312 et
286 270 397 311 malie
427 269 575 324 geniis,
614 268 664 308 de
694 269 852 315 auium,
892 266 942 306 de
972 268 1228 320 praevisione
1256 267 1417 319 divina,
1466 276 1563 314 nuni
1589 273 1659 321 ilia

217 338 377 393 peccati
392 351 511 376 causa
524 337 589 386 sit,
611 334 660 374 de
693 326 1033 373 obdurationibus
1062 334 1303 387 impiorum,
1327 335 1378 376 de
1404 339 1661 400 magicorum

223 411 265 445 ct
289 417 486 445 verorum
496 396 803 455 pr'20digi01um
833 399 1097 444 discrimine
1131 413 1216 454 quo
1246 400 1339 440 lo'co
1369 399 1419 443 de
1442 406 1658 462 Antichri-

215 472 265 510 sti
293 471 417 511 etiam
447 466 654 507 miraculis
694 480 741 505 ac
767 467 994 520 praestigiis
1028 445 1132 520 agit3
1165 466 1215 506 de
1251 468 1374 507 variis
1406 471 1493 510 tam'
1514 471 1656 525 phao-

213 532 444 590 sophorum
473 548 596 588 quam
621 531 926 572 haereticorum
958 533 1231 587 opinionibus,
1251 534 1398 589 quodsi
1426 537 1515 591 quis
1544 539 1660 580 arbi..·

215 609 352 642 tratur
397 601 507 640 hisce
546 598 597 638 de
625 599 746 639 rebus
793 599 960 639 minime
1006 599 1282 639 disserendum
1314 601 1377 640 vel
1409 602 1452 641 in
1484 602 1663 646 historia

215 669 280 709 vel
310 669 352 708 in
382 666 647 706 annotatione
671 671 927 721 temporum,
960 666 991 704 is
1019 666 1118 705 sciat
1139 667 1324 720 primum
1342 666 1450 708 ‘haec
1477 670 1656 712 iuniori..

211 735 287 773 hus
315 747 395 774 esse
414 726 658 786 perscripta,
686 738 867 785 quorum
894 732 1049 771 animos
1080 733 1200 772 rectis
1214 735 1434 785 sententiis»,
1462 740 1512 776 ut
1530 737 1661 791 paulo

213 806 306 839 ante
341 798 685 853 significabamus,
731 796 859 837 imbui
906 799 1118 852 permagni
1160 800 1304 839 refert.
1352 798 1503 842 deinde
1534 802 1662 844 velim‘

213 866 363 922 Glycae
390 869 533 904 nostro
564 864 627 903 vel
653 863 762 925 illam
794 864 848 903 ob
881 878 1041 903 causam
1069 865 1120 903 sit
1150 866 1345 920 aequior,
1374 866 1488 921 quod
1517 869 1660 924 plenu

208 948 292 987 que
321 946 405 972 non
448 931 505 970 ita
530 930 690 984 prolixe
716 922 792 970 nec
822 931 987 970 confuse
1030 930 1248 971 tradiderit
1278 939 1325 971 ut
1355 933 1586 975 Cedrenum
1615 943 1656 978 et

210 1000 306 1039 alios
336 998 536 1037 factitasse
563 995 769 1046 videmus,
796 997 871 1051 qui
905 997 1147 1051 compendia
1180 998 1378 1052 quaedam
1402 1002 1660 1054 promittem->

208 1072 266 1106 tes
294 1064 503 1105 volumina
540 1077 706 1117 prorsus
748 1060 953 1117 ingentia,
994 1079 1181 1118 quaeque
1209 1066 1294 1105 sine
1336 1067 1471 1107 taedio
1507 1064 1661 1124 pellegi

208 1137 420 1187 nequeunt
438 1161 449 1178 ‚
487 1130 662 1185 posteris
696 1129 913 1184 reliquere.
961 1136 1056 1184 post
1085 1131 1294 1172 Christum
1325 1140 1488 1185 natum,
1534 1140 1660 1190 parte

206 1199 362 1238 scilicet
384 1197 520 1252 operis
549 1197 696 1246 tertia,
718 1204 815 1235 *cum
855 1197 1032 1250 imperio
1062 1198 1249 1237 Romano
1277 1199 1494 1241 historiam
1521 1203 1655 1244 eccle-

207 1267 288 1306 siae
315 1264 539 1318 coniungit.
569 1269 629 1303 est
657 1268 792 1302 autem
821 1262 913 1303 heic
932 1269 1144 1304 accuratus
1177 1264 1396 1305 admodum
1423 1267 1466 1305 in
1492 1255 1653 1310 brevis..

202 1320 310 1371 simis
341 1344 547 1370 annorum
567 1329 857 1380 notationibus,
887 1330 1033 1383 quibus
1055 1330 1320 1384 imperatores
1339 1333 1485 1387 singuli
1514 1345 1655 1376 rerum

202 1399 329 1452 potiti
357 1398 543 1437 fuerunt.
574 1410 658 1435 non
689 1396 827 1434 omnia
851 1395 1018 1450 quidem
1048 1397 1215 1437 iliorum
1234 1399 1298 1438 vel
1318 1399 1427 1443 dicta
1454 1399 1518 1440 vel
1546 1402 1654 1443 facta

207 1470 393 1505 recenset
424 1466 513 1514 (nec
543 1462 651 1502 enim
679 1460 758 1501 hoc
786 1462 851 1501 vel
871 1463 1103 1502 instituerat
1130 1463 1195 1504 vel
1223 1465 1345 1504 etiam
1371 1466 1506 1506 facere
1524 1467 1651 1508 debe-

202 1533 296 1583 bat,
330 1530 490 1570 annales
519 1528 662 1568 mundi
706 1529 850 1567 breves
894 1528 1158 1581 scripturus),
1187 1531 1387 1570 memoria
1415 1536 1552 1572 tamen
1582 1534 1650 1574 in-

202 1599 491 1651 dicationeque
523 1594 644 1648 digna
669 1593 836 1633 minime
866 1594 1081 1647 praeterit.
1125 1601 1166 1634 et
1194 1596 1291 1649 quia
1319 1596 1483 1638 tandem
1513 1598 1648 1654 impe..

206 1666 315 1704 rium
333 1665 565 1703 Romanum
576 1660 816 1715 Byzantium
846 1659 929 1699 sive
956 1660 1354 1715 Constantinopolim
1387 1665 1574 1705 Graecos
1595 1666 1647 1705 ad

203 1731 389 1770 homines
426 1727 667 1767 translatum
703 1726 803 1776 fuit,
833 1726 917 1766 eius
955 1726 1078 1780 ipsius
1107 1728 1221 1781 regni
1251 1730 1398 1769 seriem
1427 1744 1476 1770 ac
1503 1745 1566 1772 res
1596 1731 1650 1772 ab⁴

207 1798 368 1852 regibus
402 1800 528 1849 gestas
563 1792 779 1846 diligenter
799 1798 978 1832 extrema
1006 1793 1047 1831 in
1065 1799 1184 1846 parte
1213 1783 1494 1850 prosequitur,
1535 1798 1646 1852 quod

209 1864 459 1904 existimaret
498 1860 554 1899 ibi
582 1858 782 1913 principis
815 1864 939 1913 atque
957 1859 1122 1898 maximi
1149 1874 1229 1913 per
1257 1861 1402 1901 orbem
1433 1869 1646 1905 terrarum

207 1930 370 1985 imperii
398 1927 532 1968 sedem
559 1940 653 1976 esse,
684 1939 779 1964 cum
808 1939 892 1979 quo
926 1940 988 1965 res
1017 1926 1250 1977 occidentis,
1281 1926 1366 1967 hoc
1389 1934 1448 1968 est
1474 1935 1645 1982 nostras,

203 1997 370 2036 minime
400 1991 666 2034 conserendas
700 1997 907 2032 statueret.
939 1991 1044 2032 hanc
1071 1994 1196 2048 ipsam
1225 1994 1278 2033 ob
1308 2009 1469 2034 causam
1500 2003 1643 2037 nostra

201 2063 361 2103 silentio
390 2059 605 2114 praeterit,
636 2070 815 2112 quorum
842 2073 887 2098 ex
912 2059 995 2099 aliis
1022 2060 1168 2100 notitia
1196 2061 1277 2114 peti
1307 2075 1391 2100 non
1421 2061 1656 2104 difficulter*

201 2134 350 2184 potest.
377 2125 552 2166 vicissim
580 2125 709 2162 nostri
739 2125 824 2164 fere
852 2124 952 2164 nihil
972 2125 1022 2166 de
1052 2126 1315 2167 orientalibus
1334 2128 1415 2167 istis
1431 2130 1638 2185 principi-

202 2197 277 2235 bus
304 2199 399 2248 post
428 2193 576 2231 factam
591 2190 728 2229 Caroli
758 2192 893 2245 magni
920 2193 1175 2247 temporibus
1205 2193 1367 2247 imperii
1397 2194 1639 2239 divisionem

200 2260 425 2302 memoriae
467 2255 740 2312 prodiderunt
760 2288 772 2308 ‚
812 2260 1053 2300 conantibus
1097 2259 1281 2314 utrisque
1326 2276 1421 2302 suae
1462 2263 1638 2306 nationis

199 2326 432 2367 hominibus
473 2338 600 2378 opera
637 2337 707 2363 sua
735 2324 899 2366 servire.
948 2340 1111 2380 possum
1156 2331 1290 2366 autem
1327 2342 1422 2368 vere
1449 2329 1637 2382 polliceri

199 2394 421 2435 lectoribus
452 2391 493 2430 in
522 2390 600 2429 hac
629 2396 807 2430 extrema
835 2397 954 2444 parte
981 2392 1108 2432 multa
1136 2397 1280 2432 notatu
1303 2394 1488 2448 apprime
1515 2395 1637 2451 digna

199 2459 397 2515 reperiri,
448 2470 626 2512 quorum
656 2471 707 2495 ne
749 2457 875 2497 verbo
905 2458 1069 2513 quidem
1091 2459 1341 2512 prolixarum
1369 2459 1635 2504 historiarum

198 2527 419 2580 scriptores
453 2523 736 2563 meminerunt.
772 2528 895 2577 atque
939 2524 1086 2564 harum
1131 2525 1172 2563 in
1212 2540 1351 2566 rerum
1382 2529 1634 2582 expositione

198 2591 389 2648 pervenit
417 2589 467 2628 ad
511 2603 558 2629 ea
585 2594 773 2642 tempora
811 2604 914 2643 quae
950 2597 1130 2632 nostram
1165 2591 1271 2632 hanc
1315 2600 1487 2634 aetatem
1517 2596 1632 2636 annis

200 2659 324 2713 paulo
347 2656 515 2710 amplius
545 2669 639 2694 cccc
669 2664 1000 2710 praecesserunt,
1030 2658 1110 2696 hoc
1139 2665 1198 2698 est
1224 2658 1274 2698 ad
1302 2659 1519 2701 Iohannem
1534 2660 1631 2701 Ale..

200 2726 252 2766 xii
283 2725 562 2773 Comnenum‚
605 2722 667 2760 cui
701 2722 865 2761 Pulchri
903 2738 1126 2777 cognomen
1166 2723 1304 2765 datum
1328 2727 1415 2766 fuit.
1447 2727 1631 2768 arbitror
