1826 3120
594 163 877 206 ANNAIAUM
918 165 1051 206 PARS
1093 169 1128 206 1.
1459 147 1559 221 175

125 266 214 308 ἐστι
244 265 317 306 καί
341 260 565 319 φθαρτόνς
605 262 628 304 ὁ
656 262 737 318 γὰρ
769 258 1049 319 ἇμφιβάλλων
1085 264 1151 307 ἐπ’
1178 266 1319 323 ἐκείνῳ
1347 267 1435 315 πῶς
1456 266 1564 308 “²312-

122 346 243 380 νατος
271 327 450 384 ἐγεγόνει
478 326 638 383 θνητός,
668 330 710 379 ἐξ
742 328 920 383 α’νάγκης
954 325 1006 372 ἂν
1034 327 1257 385 α’πορήσειε
1282 333 1354 373 καί
1381 333 1450 374 ε’πί
1471 331 1564 374 τού-

124 413 195 455 τῳ.
253 396 406 436 οὐκοῦν
438 389 546 449 ἄφες
574 393 619 436 τὸ
650 397 750 443 πῶς.
813 392 833 437 ὁ
860 393 960 444 θεὸς
988 392 1117 448 ὅπου,
1157 397 1288 439 ἐκεῖσε
1312 394 1460 452 χώραν
1489 399 1564 439 ου’κ

124 461 213 517 ἔχει
241 460 285 504 τὸ
314 463 413 511 πῶς.
479 459 634 502 ἔπλασε
672 463 748 514 μὲν
780 459 860 516 γὰρ
902 462 964 502 ἐπ’
993 462 1217 520 α’φθαρσιξι
1245 461 1317 505 τὸν
1345 458 1565 519 ἄνθρωπον

89 527 147 576 5ὄ
179 524 299 581 θεός,
341 523 527 581 ἄρχοντα
568 528 650 567 τῶν
686 527 877 581 ἐπιγείων
914 524 1077 568 πάντων
1124 531 1368 584 κατέστησε,
1401 531 1568 585 διηνεκῆ

124 595 280 635 δέδωκε
309 591 385 648 τὴν
409 593 645 634 α’θανασίαν
676 594 809 649 αὐτῷ,
844 590 1032 648 καθάπερ
1065 589 1152 635 ἄνω
1181 594 1437 650 διείληπται·
1494 594 1567 638 καί
1575 599 1670 645 P.92

123 656 212 714 εἶχε
238 661 316 711 μὲν
353 660 412 708 εἰς
442 659 597 707 αἰῶνας
627 654 737 700 οὕτω
772 664 861 700 κατ’
891 657 1043 710 αὐτόν,
1076 655 1142 701 ὅτι
1173 662 1248 702 καί
1273 661 1567 717 ἀμεταμέλητα

123 724 173 768 τὰ
203 728 300 766 θεῖα
318 726 574 779 χαρίσματα.
633 721 726 765 ἀλλ’
755 725 896 780 ἐπειδὴ
927 724 1031 780 πρὸς
1061 723 1269 780 ἁμαρτίαν
1297 726 1426 770 αότὸν
1454 725 1567 784 ἐώρα

124 782 501 835 κατολισθαι’νὀντα
543 790 769 832 κάντεῦθεν
810 793 1062 833 ἐκπίπτοντα
1100 794 1173 846 τῆς
1205 791 1372 848 ὑψηλῆς
1413 796 1569 850 ἐκείνης

67 878 112 903 10
125 857 198 899 καί
222 857 441 910 ἶσαγγέλου
478 857 707 910 διαγωγῆς,
749 862 1004 913 παραχωρεῖ·
1023 855 1093 898 διὰ
1121 859 1242 899 τοῦτο
1268 861 1339 899 καί
1366 859 1570 913 λαμβάνει

124 925 210 965 κατ’
239 918 369 964 αὐτοῦ
395 919 541 976 χώραν
564 920 585 962 ὁ
611 921 805 975 θάνατος,
836 919 897 964 ὅτι
919 925 1028 978 μηδὲ
1059 925 1286 979 συνέφερεν
1313 922 1449 965 ἔκτοτε
1479 927 1569 980 διη-

123 991 220 1044 νεκῆ
260 992 477 1042 προσεῖναι
516 986 591 1042 την
621 987 859 1030 ἀθανασίαν
895 989 1023 1045 αὐτῷ.
1079 991 1150 1031 καί
1172 988 1250 1044 γὰρ
1280 992 1320 1033 εἰ
1344 989 1402 1044 μὴ
1429 994 1570 1045 γέγονέ

124 1070 164 1096 τι
192 1055 388 1107 τοιοῦτον,
418 1054 456 1095 εἰ
482 1053 538 1108 μή
570 1055 834 1109 συγχώρησις
862 1055 1022 1096 ἐκεῖθεν
1052 1056 1217 1106 ἐδίδοτο
1247 1059 1569 1112 φιλανθρωπίας

124 1121 271 1172 ἕνεκεν,
299 1121 366 1161 ἵνα
394 1118 452 1173 μὴ
485 1119 695 1161 α’θανατον
723 1115 747 1177 ᾗ
777 1120 824 1162 τὸ
855 1118 995 1174 κακόν,
1025 1122 1099 1162 οὐκ
1130 1118 1181 1163 ἂν
1210 1124 1350 1181 ἐκείνῳ
1370 1126 1428 1182 τῷ
1455 1122 1568 1177 πρώ-

67 1194 177 1243 ,5τῳ
204 1182 356 1239 Ἀδάμ,
385 1186 442 1243 τῷ
469 1187 534 1227 ἐπ’
555 1186 779 1244 ἀφθαρσίᾳ
807 1190 1017 1229 κτισθέντι
1045 1190 1134 1229 κατ’
1161 1184 1298 1230 εἰκόνα
1332 1191 1404 1243 τῆς
1435 1187 1609 1231 didm-1³

123 1266 243 1307 τητος
271 1254 348 1293 τοῦ
374 1254 492 1304 θεοῦ,
526 1251 776 1306 προσήγγισε
804 1251 1008 1302 θάνατος·
1067 1255 1140 1295 οὐκ
1169 1251 1219 1295 ἂν
1245 1254 1425 1296 ὑπέπεσε
1459 1260 1572 1311 φθο-

123 1320 178 1375 ρᾷ
204 1316 250 1360 τὸ
283 1320 406 1371 σῶμα
437 1320 565 1359 ἐκεῖνο
594 1316 637 1359 τὸ
664 1322 830 1374 φθορᾶς
861 1319 932 1361 καί
958 1321 1143 1362 θανάτου
1175 1316 1347 1373 ἄμεινον
1379 1320 1573 1375 ὑπάρχον

122 1382 170 1426 τὸ
195 1383 410 1438 πρότερον.
469 1386 509 1425 εἰ
536 1385 582 1425 δὲ
609 1387 741 1426 ταῦτα
772 1382 905 1435 οὕτως
935 1384 1047 1439 ἔχει,
1077 1389 1163 1435 πῶς
1196 1385 1408 1428 ἀθάνατον
1442 1386 1572 1428 αὐτὸν

124 1449 234 1498 ὁμοῦ
262 1449 335 1490 καί
363 1448 516 1505 θνητὸν
544 1447 626 1491 ὖπό
661 1451 766 1491 θεοῦ
792 1455 1068 1507 παραχθῆναι
1096 1451 1301 1505 εἴπωμενς
1338 1455 1377 1494 εἰ
1402 1451 1482 1508 γάρ
1501 1454 1575 1495 καί

62 1516 288 1573 αοθανάτῳ
326 1515 507 1572 ὑπέπεσε
534 1515 593 1570 μὴ
639 1516 827 1572 φυλάξας
871 1518 948 1573 τὴν
988 1521 1185 1560 δοθεῖσαν
1229 1518 1345 1577 αὐτῷ
1378 1520 1572 1574 ἐντολήν,

127 1578 215 1624 ἀλλ’
245 1579 421 1625 ὕστατον
448 1583 520 1637 τῆς
551 1584 798 1636 οἰκονομίας,
832 1584 890 1633 ὥς
914 1580 994 1640 ἤδη
1021 1587 1295 1641 προείρηται,
1323 1588 1445 1627 τοῦτο
1474 1582 1574 1627 πάν-

222 1710 254 1743 5.
280 1709 430 1753 διηνεκῆ
455 1710 494 1745 δὲ
524 1712 660 1746 δέδωκε
678 1713 714 1746 Ρ.
811 1724 864 1747 21.
890 1714 1049 1758 ύστάτης
1075 1715 1113 1749 F.

128 1825 204 1854 ras,
243 1825 321 1846 cum
358 1814 508 1847 mortale
541 1815 588 1847 sit
614 1820 650 1848 et
684 1817 930 1860 corruptibile.
958 1829 1037 1850 nam
1066 1816 1196 1861 quide
1230 1827 1271 1848 eo
1299 1815 1461 1855 dubitat,
1501 1826 1573 1859 quo

128 1867 233 1907 pacto
251 1861 313 1906 qui
339 1860 549 1894 immortalis
577 1867 652 1894 erat
669 1863 830 1894 mortalis
848 1865 960 1896 factus
986 1865 1051 1903 sit,
1078 1863 1277 1896 necessario
1305 1862 1348 1894 de
1373 1862 1441 1894 hoc
1467 1863 1575 1895 etiam

129 1908 366 1948 dubitaverit,
391 1919 458 1940 nec
483 1909 790 1942 resuscitationem
814 1910 925 1954 ipsius
945 1922 988 1943 ex
1011 1911 1159 1943 mortuis
1184 1910 1290 1942 facile
1315 1908 1575 1942 admittendam

130 1956 395 1988 existimaverit.
422 1955 654 2000 quamobrem
682 1956 773 1988 illud
797 1962 910 1997 tuum,
934 1968 1006 2002 quo
1041 1963 1170 2002 pacto,
1196 1958 1338 1989 missum
1366 1957 1484 1990 facito,
1512 1955 1575 1989 ubi

130 2002 235 2044 (leus,
260 2002 311 2035 ibi
339 2013 410 2047 quo
437 2008 539 2046 pacto
571 2003 689 2036 locum
718 2015 789 2036 uon
814 2003 936 2037 habet.
961 2004 1123 2038 condidit
1149 2005 1244 2036 enim
1273 2004 1358 2036 deus
1386 2004 1574 2036 hominem

130 2049 174 2083 ad
200 2055 328 2083 statum
357 2050 526 2082 interitus
551 2056 730 2095 expertem
746 2077 755 2091 ,
781 2052 940 2083 omnium
968 2052 1187 2084 terrestrium
1212 2051 1411 2096 principem
1438 2051 1574 2083 consti-

130 2098 221 2138 tuit,
247 2102 457 2142 perpetuam
483 2097 516 2130 ei
541 2097 686 2142 largitus
713 2103 767 2130 est
792 2098 1112 2139 immortalitatem,
1143 2098 1193 2132 uti
1223 2110 1328 2143 supra
1351 2097 1571 2131 declaratum

131 2150 202 2186 est,
226 2144 340 2189 ipsum
367 2143 523 2189 denique
550 2145 648 2190 quod
677 2145 827 2186 attinet,
856 2145 1041 2179 habiturus
1068 2145 1160 2179 hanc
1186 2152 1261 2178 erat
1283 2144 1391 2178 homo
1417 2145 1570 2178 saeculis

130 2192 296 2231 aeternis,
324 2203 401 2224 cum
418 2202 565 2224 munera
581 2192 640 2225 dei
667 2193 740 2224 sint
766 2192 1024 2226 irrevocabilia:
1050 2193 1114 2226 sed
1139 2193 1223 2238 quia
1247 2192 1392 2226 videbat
1416 2203 1497 2225 eum
1525 2191 1572 2225 ad

129 2244 314 2284 peccatum
338 2238 457 2271 delabi
499 2250 540 2271 ac
564 2245 752 2285 propterea
778 2240 921 2272 sublimi
946 2241 1010 2273 illo
1037 2242 1131 2273 vitae
1159 2251 1309 2284 genere,
1336 2239 1433 2284 quod
1462 2250 1572 2284 ange·-

131 2287 245 2318 lorum
268 2286 362 2318 vitae
391 2297 456 2330 par
481 2292 578 2327 erat,
607 2286 789 2327 excidere,
817 2288 893 2331 ipso
923 2287 1141 2321 concedente
1176 2299 1270 2320 mors
1296 2287 1462 2320 adversus
1488 2298 1571 2320 eum

131 2333 353 2366 occasionem
398 2333 532 2378 arripit.
569 2334 704 2379 quippe
741 2344 785 2366 ne
819 2334 1034 2379 expediebat
1074 2334 1218 2380 quidem
1248 2334 1431 2367 hominem
1458 2345 1501 2367 ex
1527 2344 1570 2366 eo

131 2386 291 2425 tempore
330 2380 566 2413 immortalem
606 2392 693 2414 esse.
728 2392 808 2413 nam
844 2382 913 2414 nisi
951 2383 1022 2415 tale
1057 2381 1227 2427 quiddam
1259 2381 1465 2422 accidisset,
1500 2381 1572 2414 nisi

132 2426 346 2460 condonatio
373 2427 539 2473 deinceps
565 2428 657 2461 facta
696 2428 822 2461 fuisset
846 2439 888 2461 ex
912 2428 1183 2470 benevolentia,
1216 2439 1261 2462 ne
1285 2429 1418 2461 malum
1442 2438 1572 2472 perpe-

133 2479 233 2507 tuum
258 2474 370 2516 foret,
407 2485 636 2520 nequaquam
673 2476 895 2520 permisisset
921 2476 1007 2510 deus
1036 2482 1076 2510 ut
1097 2488 1192 2509 mors
1216 2475 1262 2509 ad
1289 2476 1472 2508 hominem
1497 2475 1572 2519 pri-

135 2532 227 2554 mum
253 2521 290 2553 in
313 2527 406 2555 statu
430 2528 576 2567 experte
591 2523 756 2556 interitus
783 2523 965 2556 conditum
989 2524 1034 2557 ad
1057 2525 1246 2568 imaginem
1259 2522 1484 2556 aeternitatis
1513 2521 1573 2554 dei

134 2567 339 2611 accederet3
364 2579 581 2614 nec-corpus
609 2569 701 2602 illud
741 2581 845 2614 supra
870 2575 1018 2604 mortem
1044 2577 1080 2604 et
1102 2571 1288 2605 interitum
1313 2580 1455 2602 omnem
1475 2569 1572 2614 prius

135 2614 289 2659 positum
331 2617 550 2661 corruptioni
587 2617 720 2650 fuctum
752 2617 879 2650 fuisset
921 2617 1124 2652 obnoxium.
1162 2629 1254 2664 quae
1295 2628 1374 2650 cum
1402 2616 1452 2649 ita
1478 2616 1571 2657 sint,

136 2673 208 2706 quo
232 2660 375 2695 tandem
398 2669 502 2707 pacto
529 2663 688 2697 dicemus
708 2675 787 2696 eum
802 2661 989 2698 mortalem
1011 2667 1145 2711 pariter
1169 2671 1205 2699 et
1229 2663 1466 2697 immortalem
1495 2674 1572 2696 esse

136 2707 318 2741 conditum
342 2720 362 2741 a
386 2708 480 2743 deo?
507 2722 707 2757 quanquam
736 2711 828 2744 enim
856 2723 927 2750 non
950 2719 1085 2751 servato
1110 2712 1277 2745 mandato
1302 2711 1372 2744 sibi
1396 2711 1571 2756 praescri-

135 2761 198 2801 pto
223 2755 260 2788 in
285 2761 432 2790 mortem
455 2757 600 2799 incidit,
629 2764 751 2792 tamen
784 2757 849 2791 hoc
873 2759 988 2804 ipsum
1015 2761 1137 2794 referri
1165 2759 1295 2792 debere
1322 2757 1368 2791 ad
1395 2758 1571 2803 posterio-
