1826 3120
563 185 847 228 ANNALmM
879 186 1013 229 PARS
1048 190 1081 229 1.
1446 172 1540 226 161

106 280 272 325 πάντων
308 282 423 340 αὐτῷ
464 290 685 339 συγχωρεῖ
716 287 790 342 τήν
829 281 1090 342 οἷπόλαυσιν,
1132 289 1293 342 „rafim
1331 286 1465 331 πάντα
1495 289 1552 339 ὥς

74 370 79 375 ’
105 346 271 402 λάχανα
295 347 452 405 χόρτου
481 348 692 406 ’φάγεσθε”
720 350 859 395 εἰπών.
937 351 1069 411 ταύτῃ
1097 357 1174 407 μὲν
1202 350 1277 396 οὖν
1304 357 1355 413 τῇ
1385 372 1550 411 συγχω-

104 411 227 471 ρήσει
260 416 333 457 καί
358 414 410 458 τὰ
444 414 569 459 λοιποὶ
605 418 692 469 ζῶα
719 420 798 460 τοῦ
824 419 983 462 ἐσθίειν
1011 419 1158 474 ἔλαβον
1189 416 1346 465 ἄδειαν.
1373 424 1418 474 ἐξ
1446 425 1552 466 ἐκεί-

57 536 63 541 Ι
104 495 178 522 νου
198 482 255 524 ’δὲ
285 480 432 523 λοιπὸν
462 480 688 537 αἱμοβόρος
720 480 741 524 ὅ
778 485 912 537 λέων,
943 485 987 535 ἐξ
1019 482 1175 528 ἐκείνου
1203 487 1278 530 καὶ
1300 490 1428 543 γῦπες
1450 488 1551 531 ἀνα-

66 549 91 594 5
102 547 272 599 μένουσι
300 549 546 603 θνησιμαΐα.
603 549 655 590 οὔ
699 547 834 605 δήπου
873 548 954 606 γάρ
984 553 1058 593 καί
1084 554 1213 607 γῦπες
1245 551 1335 609 ἅμα
1363 558 1422 614 τῷ
1460 572 1553 610 γεν-

102 615 285 669 νηθῆναι
325 615 413 664 ζῶα
452 614 754 670 περιεσκόπουν
796 614 872 670 τήν
899 619 1001 672 γῆν,
1041 615 1098 668 ὥς
1126 620 1287 663 ἐκεῖθεν
1315 617 1428 664 οὗτοι
1453 640 1553 678 τρα-

103 680 266 736 φῶσιν·
321 678 427 722 α’λλοὶ
454 682 591 722 ταῦτα
618 679 754 724 πάντα
787 681 887 732 τούς
915 685 1119 737 λειμῶνας
1159 685 1449 742 περιήρχοντο.
1480 687 1556 731 καὶ

101 746 178 787 νῦν
203 743 284 801 γάρ
316 745 443 794 κύνας
482 745 646 800 ὄρῶμεν
682 747 911 801 θεραπείας
943 753 1079 792 ἕνεκεν
1118 750 1318 803 πολλάκις
1346 749 1552 809 ἄγρωστιν

102 811 446 866 ἒπινεμομένους,
492 808 569 853 οὐκ
605 810 747 869 ἐπειδὴ
790 815 990 871 συμφυής
1032 818 1148 860 ἐστιν
1191 818 1216 873 ἦ
1252 814 1418 875 τροφή,
1463 821 1595 862 <imo

44 875 246 933 ιοέπειδὴ
285 875 495 936 ἇδιὸάκτῳ
534 881 617 921 um*
655 879 823 935 φύσεως
853 882 1102 940 διδασκαλίᾳ
1148 883 1221 925 ἐπὶ
1255 883 1302 926 τὸ
1332 888 1553 940 συμφέρον

101 941 270 999 ἔρχεται
297 941 348 985 τὰ
377 940 520 998 ἄλογα.
551 947 722 987 τοιαῦτα
746 945 909 1002 λόγισαι
937 945 1046 990 εἶναι
1066 949 1138 991 καί
1155 949 1250 991 τότε
1270 948 1323 992 τὰ
1347 948 1554 1006 αἶμοβόρα

99 1011 183 1052 τῶν
215 1007 358 1064 ζώων,
398 1009 552 1066 χόρτον
588 1007 752 1062 ἑαυτοῖς
791 1016 852 1063 εἰς
877 1014 1039 1071 τροφήν
1067 1017 1267 1071 ἐπινοεῖν,
1296 1018 1348 1058 ου’
1369 1015 1454 1072 μήν
1479 1018 1556 1060 α’λ-

99 1071 240 1130 λήλοις
268 1077 610 1130 ἐπιβουλεύοντα.
669 1079 984 1136 συγκεχώρηται
1017 1077 1115 1135 οὖν,
1143 1081 1201 1132 ὥς
1229 1082 1418 1139 εἴρηται,
1448 1099 1553 1137 μετα

99 1139 174 1183 τὸν
200 1142 494 1197 κατακλυσμὸν
520 1141 544 1199 ἦ
575 1143 835 1200 ἀπόλαυσις,
874 1146 982 1202 πλὴν
1008 1147 1115 1190 ἀλλὰ
1145 1148 1220 1191 καί
1244 1152 1319 1192 νῦν
1347 1148 1454 1192 κατὰ
1482 1153 1555 1203 μί·-

42 1211 227 1264 ι5μησιν
255 1212 327 1264 τῆς
356 1210 400 1251 ἐν
430 1212 488 1269 τῷ
529 1211 772 1270 παραδείσῳ
803 1214 912 1268 ζωῆς
939 1211 1104 1264 ἑαυτοῖς
1133 1210 1255 1270 ἄγειν
1282 1214 1554 1270 βουλόμενοι,

102 1273 326 1331 φεύγοντες
346 1275 500 1332 ταύτην
518 1275 594 1332 τήν
612 1275 819 1321 πολύυλον
842 1276 1074 1323 ἀπόλαυσιν
1102 1284 1185 1324 τῶν
1212 1280 1460 1338 βρωμάτων,
1489 1284 1555 1325 ἐπ’

101 1341 256 1383 ἐκεῖνον
287 1340 355 1384 τὸν
380 1343 483 1396 βίον,
508 1341 651 1392 καθώς
679 1340 764 1387 οἷόν
783 1347 828 1387 τέ
851 1343 974 1400 ἐστιν,
1007 1343 1181 1397 ἑαυτοὺς
1202 1346 1421 1402 α’γόμενοι,
1450 1364 1553 1402 καρ-
1565 1363 1668 1399 v,66

101 1413 194 1456 ποῖς
224 1410 298 1450 καί
322 1411 535 1465 σπέρμασι
562 1411 634 1452 καί
656 1416 740 1460 τοῖς
782 1412 827 1453 ἐκ
867 1413 950 1455 τῶν
980 1412 1229 1469 ἀκροδρύων
1257 1415 1316 1464 εἰς
1345 1414 1555 1471 διαγωγήν

101 1472 336 1529 χρώμενοι·
412 1473 459 1517 τὸ
504 1478 550 1518 δὲ
577 1475 776 1533 περισσὸν
801 1476 958 1521 τούτων
1001 1479 1059 1530 ὥς
1092 1481 1166 1522 οὐκ
1195 1476 1421 1536 ἀναγκαῖον
1450 1482 1554 1523 ἄπο-

39 1557 92 1585 20
104 1540 401 1597 στρεφόμεθα·
469 1542 523 1583 ου’
547 1541 626 1598 γὰρ
657 1541 866 1597 βδελυκτοὶ
898 1544 968 1587 διά
998 1543 1071 1588 τὸν
1098 1547 1320 1600 κτίσαντα,
1353 1547 1452 1589 ου’δὲ
1485 1545 1553 1589 αῖ-

103 1604 203 1662 ρετὰ
233 1606 302 1650 διὰ
331 1605 407 1663 τήν
434 1610 506 1664 τῆς
532 1607 688 1666 σαρκὸς
722 1610 971 1653 εὐπάθειαν.

110 1829 237 1862 tiorem
263 1827 378 1868 vidit,
410 1827 521 1861 altera
557 1827 637 1873 lege
661 1833 743 1873 post
773 1828 946 1862 diluvium
969 1834 1186 1874 potestatem
1215 1830 1250 1863 ei
1273 1829 1360 1863 facit
1385 1831 1550 1864 omnibus

108 1875 287 1910 vescendi.
325 1880 453 1908 cuncta
483 1874 603 1916 vobis,
641 1876 712 1916 ait,
743 1876 893 1920 perinde
927 1876 1078 1909 fruenda
1112 1876 1270 1909 concedo
1296 1883 1336 1910 ut
1359 1877 1550 1911 herbarum

107 1923 215 1957 olera.
241 1928 388 1968 propter
410 1921 503 1955 hanc
538 1924 804 1956 concessionem
828 1923 969 1969 reliqua
995 1925 1103 1957 etiam
1130 1924 1299 1956 animalia
1323 1925 1551 1970 quibuslibet

105 1971 198 2004 vesci
228 1975 433 2016 coeperunt.
458 1970 581 2015 itaque
604 1970 662 2005 leo
699 1971 900 2003 carnivorus
927 1970 971 2003 ab
998 1981 1040 2003 eo
1065 1977 1225 2015 tempore
1244 1971 1335 2014 fuit,
1362 1977 1398 2005 et
1425 1973 1551 2006 morti-

105 2019 185 2051 cina
206 2018 366 2052 vultures
389 2017 587 2051 observant.
612 2029 678 2051 nec
704 2019 797 2050 enim
821 2017 858 2050 id
881 2018 1051 2062 temporis
1078 2029 1149 2063 quo
1176 2019 1327 2063 primum
1341 2019 1551 2053 oriebantur

105 2065 294 2106 animalia,
330 2071 461 2098 terram
483 2066 644 2099 vultures
678 2064 1046 2110 circumspectabant,
1077 2070 1118 2098 ut
1140 2064 1185 2098 ad
1209 2071 1353 2112 pastum
1378 2067 1551 2101 cadavera

107 2117 434 2159 consequerentur,
470 2112 534 2146 sed
557 2113 596 2146 in
618 2113 728 2158 pratis
754 2112 960 2145 alimoniam
984 2112 1215 2157 quaerebant.
1237 2113 1397 2147 videmus
1423 2120 1460 2148 et
1483 2114 1551 2148 ho—

107 2160 166 2194 die
189 2171 292 2194 canes
321 2160 571 2194 medicamenti
605 2171 710 2193 causa
734 2160 889 2204 gramine
930 2170 1186 2204 saepenumero
1214 2161 1331 2206 pasci,
1355 2173 1429 2195 non
1452 2161 1551 2207 quod

107 2207 175 2241 hoc
198 2208 416 2241 nutrimento
449 2207 548 2241 velut
586 2208 719 2241 idoneo
756 2211 959 2248 vescantur,
998 2206 1061 2240 sed
1096 2207 1182 2253 quia
1214 2208 1375 2242 doctrina
1396 2209 1550 2255 quadam

107 2261 272 2297 naturae,
294 2254 464 2288 discendo
492 2267 565 2288 non
592 2259 760 2300 percepta
775 2280 784 2294 ‚
808 2253 963 2287 tendunt
987 2253 1032 2286 ad
1055 2265 1096 2287 ea
1119 2255 1268 2289 rationis
1295 2262 1459 2301 expertes
1485 2257 1551 2289 be·-

109 2303 197 2335 stiae
236 2313 328 2348 quae
354 2303 440 2347 ipsis
465 2303 570 2335 utilia
592 2308 684 2336 sunt.
724 2301 898 2334 eiusmodi
933 2301 1040 2334 fuisse
1064 2307 1150 2335 tunc
1175 2303 1343 2336 animalia
1367 2305 1548 2337 carnivora

108 2349 305 2393 cogitabis,
331 2360 422 2394 quae
451 2350 608 2394 gramine
631 2350 770 2383 scilicet
793 2349 889 2381 vesci
915 2350 1175 2390 consueverint,
1202 2361 1276 2383 non
1299 2350 1369 2383 sibi
1395 2352 1549 2384 invicem

108 2396 279 2430 insidiari.
315 2396 408 2429 facta
441 2403 495 2430 est
519 2397 628 2442 igitur
658 2396 839 2430 fruitionis
875 2395 1000 2429 horum
1041 2398 1222 2430 concessio
1250 2404 1332 2442 post
1357 2397 1547 2438 diluvium,

109 2443 201 2477 sicut
222 2443 418 2478 indicatum
453 2449 506 2477 est
531 2445 714 2478 hactenus.
749 2444 926 2476 enimvero
952 2448 1035 2477 sunt
1060 2442 1244 2490 hodieque
1269 2446 1457 2486 nonnulli,
1486 2446 1549 2490 qni

107 2490 214 2523 vitam
237 2503 335 2524 suam
363 2491 409 2525 ad
433 2491 669 2525 imitationem
692 2491 788 2524 vitae
812 2490 978 2535 paradisi,
1006 2497 1179 2536 quantum
1205 2493 1280 2526 eius
1306 2493 1381 2526 fieri
1407 2498 1548 2537 potest,

108 2537 336 2572 instituentes
365 2550 384 2571 a
408 2539 557 2572 nimium
583 2551 694 2572 crassa
714 2539 776 2571 illa
801 2537 958 2571 ciborum
981 2538 1150 2572 fruitione
1176 2539 1382 2580 abhorrent,
1408 2550 1447 2571 ac
1472 2545 1548 2572 tum

110 2584 281 2617 fructibus
308 2591 384 2619 tum
418 2586 613 2619 seminibus
653 2592 688 2620 et
711 2585 874 2619 omnibus
910 2586 953 2618 iis
979 2596 1070 2630 quae
1096 2586 1140 2620 de
1167 2587 1353 2620 arboribus
1379 2587 1548 2631 proveni-

109 2636 175 2663 unt
208 2637 366 2665 utuntur.
405 2644 644 2679 quaecunque
681 2633 819 2666 scilicet
852 2638 993 2677 praeter
1028 2631 1116 2666 haec
1149 2645 1414 2679 supervacanea
1441 2640 1546 2673 sunt,

108 2684 279 2723 tanquam
297 2691 368 2712 non
405 2682 603 2714 necessaria
637 2691 849 2714 recusamus.
885 2680 1015 2713 etenim
1045 2691 1112 2713 nec
1141 2681 1399 2714 abominabilia
1426 2681 1547 2726 putari

109 2725 245 2758 debent
274 2733 420 2770 propter
451 2734 645 2762 creatorem
661 2753 670 2769 ,
707 2738 774 2761 nec
800 2726 999 2773 expet-enda
1031 2737 1243 2774 magnopere
1268 2734 1414 2775 propter
1433 2729 1547 2762 carnis

83 2811 86 2814 ¹
108 2773 230 2806 luxum
257 2779 292 2805 et
316 2772 362 2806 ad
387 2774 534 2808 delicias
549 2775 835 2821 propensionem.

196 2843 339 2887 Glycas.
1266 2854 1275 2874 ι
1289 2854 1298 2875 1
