<?xml version="1.0" encoding="UTF-8"?>
<!DOCTYPE html PUBLIC "-//W3C//DTD XHTML 1.0 Transitional//EN"
    "http://www.w3.org/TR/xhtml1/DTD/xhtml1-transitional.dtd">
<html xmlns="http://www.w3.org/1999/xhtml" xml:lang="en" lang="en">
 <head>
  <title>
</title>
<meta http-equiv="Content-Type" content="text/html;charset=utf-8" />
  <meta name='ocr-system' content='tesseract 3.04.00' />
  <meta name='ocr-capabilities' content='ocr_page ocr_carea ocr_par ocr_line ocrx_word'/>
</head>
<body>
  <div class='ocr_page' id='page_1' title='image "./corpusscriptorum37niebuoft_0587.png"; bbox 0 0 1826 3120; ppageno 0'>
   <div class='ocr_carea' id='block_1_1' title="bbox 571 111 1553 176">
    <p class='ocr_par' dir='ltr' id='par_1_1' title="bbox 571 111 1553 176">
     <span class='ocr_line' id='line_1_1' title="bbox 571 111 1553 176; baseline -0.008 0"><span class='ocrx_word' id='word_1_1' title='bbox 571 134 855 176; x_wconf 62' lang='lat' dir='ltr'><strong>summum</strong></span> <span class='ocrx_word' id='word_1_2' title='bbox 892 135 1029 176; x_wconf 76' lang='lat' dir='ltr'>PARS</span> <span class='ocrx_word' id='word_1_3' title='bbox 1066 134 1138 174; x_wconf 76' lang='lat' dir='ltr'><strong>iv.</strong></span> <span class='ocrx_word' id='word_1_4' title='bbox 1444 111 1553 169; x_wconf 84' lang='lat'><strong>565</strong></span> 
     </span>
    </p>
   </div>
   <div class='ocr_carea' id='block_1_2' title="bbox 47 217 1596 1603">
    <p class='ocr_par' dir='ltr' id='par_1_2' title="bbox 115 217 1558 279">
     <span class='ocr_line' id='line_1_2' title="bbox 115 217 1558 279; baseline -0.003 -12"><span class='ocrx_word' id='word_1_5' title='bbox 115 223 160 266; x_wconf 81' lang='grc' dir='ltr'><strong>τὸ</strong></span> <span class='ocrx_word' id='word_1_6' title='bbox 191 225 274 267; x_wconf 83' lang='grc' dir='ltr'><em>τῶν</em></span> <span class='ocrx_word' id='word_1_7' title='bbox 299 223 503 279; x_wconf 78' lang='grc' dir='ltr'><em>κληρικῶν</em></span> <span class='ocrx_word' id='word_1_8' title='bbox 543 225 690 278; x_wconf 79' lang='grc' dir='ltr'><em>σχῆμα</em></span> <span class='ocrx_word' id='word_1_9' title='bbox 729 222 988 278; x_wconf 77' lang='grc' dir='ltr'><em>μετενδύσας</em></span> <span class='ocrx_word' id='word_1_10' title='bbox 1013 228 1099 271; x_wconf 84' lang='grc' dir='ltr'><em>τοῖς</em></span> <span class='ocrx_word' id='word_1_11' title='bbox 1126 217 1280 269; x_wconf 74' lang='grc' dir='ltr'><em>ἑαυτοῦ</em></span> <span class='ocrx_word' id='word_1_12' title='bbox 1306 224 1558 276; x_wconf 74' lang='grc' dir='ltr'><em>θαλαμηπο-</em></span> 
     </span>
    </p>

    <p class='ocr_par' dir='ltr' id='par_1_3' title="bbox 113 287 1559 344">
     <span class='ocr_line' id='line_1_3' title="bbox 113 287 1559 344; baseline -0.002 -11"><span class='ocrx_word' id='word_1_13' title='bbox 113 293 203 343; x_wconf 80' lang='grc' dir='ltr'><em>λοις</em></span> <span class='ocrx_word' id='word_1_14' title='bbox 231 293 464 342; x_wconf 74' lang='grc' dir='ltr'><em>κατέταξεν.</em></span> <span class='ocrx_word' id='word_1_15' title='bbox 522 288 543 331; x_wconf 77' lang='grc' dir='ltr'><em>ὅ</em></span> <span class='ocrx_word' id='word_1_16' title='bbox 571 292 724 342; x_wconf 58' lang='grc' dir='ltr'><strong>μέντοι&gt;</strong></span> <span class='ocrx_word' id='word_1_17' title='bbox 742 287 1012 338; x_wconf 83' lang='grc' dir='ltr'><em>Πολύευκτος</em></span> <span class='ocrx_word' id='word_1_18' title='bbox 1049 287 1177 344; x_wconf 78' lang='grc' dir='ltr'><em>ζήλου</em></span> <span class='ocrx_word' id='word_1_19' title='bbox 1204 289 1407 344; x_wconf 65' lang='grc' dir='ltr'><em>πλησθεὶς</em></span> <span class='ocrx_word' id='word_1_20' title='bbox 1431 288 1559 342; x_wconf 74' lang='grc' dir='ltr'><em>ἠνάγ-</em></span> 
     </span>
    </p>

    <p class='ocr_par' dir='ltr' id='par_1_4' title="bbox 112 350 1560 410">
     <span class='ocr_line' id='line_1_4' title="bbox 112 350 1560 410; baseline 0 -12"><span class='ocrx_word' id='word_1_21' title='bbox 112 357 216 410; x_wconf 63' lang='grc' dir='ltr'><em>καζε</em></span> <span class='ocrx_word' id='word_1_22' title='bbox 243 355 314 398; x_wconf 82' lang='grc' dir='ltr'><em>τὸν</em></span> <span class='ocrx_word' id='word_1_23' title='bbox 357 357 536 410; x_wconf 80' lang='grc' dir='ltr'><strong><em>βασιλέα</em></strong></span> <span class='ocrx_word' id='word_1_24' title='bbox 580 357 724 398; x_wconf 81' lang='grc' dir='ltr'><em>τοῦτον</em></span> <span class='ocrx_word' id='word_1_25' title='bbox 762 355 1035 398; x_wconf 71' lang='grc' dir='ltr'><em>α’πώσασθαι.</em></span> <span class='ocrx_word' id='word_1_26' title='bbox 1093 350 1149 405; x_wconf 77' lang='grc' dir='ltr'><strong>ὥς</strong></span> <span class='ocrx_word' id='word_1_27' title='bbox 1178 356 1225 397; x_wconf 77' lang='grc' dir='ltr'><strong>δὲ</strong></span> <span class='ocrx_word' id='word_1_28' title='bbox 1257 356 1409 404; x_wconf 75' lang='grc' dir='ltr'><em>ἐκεῖνος</em></span> <span class='ocrx_word' id='word_1_29' title='bbox 1435 353 1560 398; x_wconf 75' lang='grc' dir='ltr'><em>ἀνθί-</em></span> 
     </span>
    </p>

    <p class='ocr_par' dir='ltr' id='par_1_5' title="bbox 76 418 1557 546">
     <span class='ocr_line' id='line_1_5' title="bbox 112 418 1557 479; baseline -0.001 -14"><span class='ocrx_word' id='word_1_30' title='bbox 112 437 242 470; x_wconf 79' lang='grc' dir='ltr'><em>στατο</em></span> <span class='ocrx_word' id='word_1_31' title='bbox 267 422 327 479; x_wconf 71' lang='grc' dir='ltr'><strong>μὴ</strong></span> <span class='ocrx_word' id='word_1_32' title='bbox 357 421 403 464; x_wconf 72' lang='lat' dir='ltr'><strong>td</strong></span> <span class='ocrx_word' id='word_1_33' title='bbox 433 421 668 476; x_wconf 86' lang='grc' dir='ltr'><em>μοναχικόν</em></span> <span class='ocrx_word' id='word_1_34' title='bbox 696 420 939 476; x_wconf 80' lang='grc' dir='ltr'><em>ἐπάγγελμα</em></span> <span class='ocrx_word' id='word_1_35' title='bbox 966 424 1054 475; x_wconf 84' lang='grc' dir='ltr'><em>μετ’</em></span> <span class='ocrx_word' id='word_1_36' title='bbox 1083 421 1212 478; x_wconf 73' lang='grc' dir='ltr'><em>ειῖχῆς</em></span> <span class='ocrx_word' id='word_1_37' title='bbox 1239 423 1459 475; x_wconf 75' lang='grc' dir='ltr'><em>δέξασθαι,</em></span> <span class='ocrx_word' id='word_1_38' title='bbox 1487 418 1557 464; x_wconf 63' lang='grc' dir='ltr'><em>διὰ</em></span> 
     </span>
     <span class='ocr_line' id='line_1_6' title="bbox 76 486 1281 546; baseline 0.001 -16"><span class='ocrx_word' id='word_1_39' title='bbox 76 488 248 546; x_wconf 82' lang='grc' dir='ltr'><em>5φόβον</em></span> <span class='ocrx_word' id='word_1_40' title='bbox 277 490 324 530; x_wconf 80' lang='grc' dir='ltr'><strong>δὲ</strong></span> <span class='ocrx_word' id='word_1_41' title='bbox 352 490 428 531; x_wconf 80' lang='grc' dir='ltr'><strong>τοῦ</strong></span> <span class='ocrx_word' id='word_1_42' title='bbox 454 490 686 542; x_wconf 84' lang='grc' dir='ltr'><em>βασιλέως,</em></span> <span class='ocrx_word' id='word_1_43' title='bbox 718 487 868 530; x_wconf 83' lang='grc' dir='ltr'><em>τούτου</em></span> <span class='ocrx_word' id='word_1_44' title='bbox 901 486 1029 543; x_wconf 79' lang='grc' dir='ltr'><em>χάριν</em></span> <span class='ocrx_word' id='word_1_45' title='bbox 1059 488 1250 544; x_wconf 79' lang='grc' dir='ltr'><em>α’φίεται.</em></span> <span class='ocrx_word' id='word_1_46' title='bbox 1273 493 1281 502; x_wconf 84' lang='grc'><strong><em>’</em></strong></span> 
     </span>
    </p>

    <p class='ocr_par' dir='ltr' id='par_1_6' title="bbox 111 550 1596 809">
     <span class='ocr_line' id='line_1_7' title="bbox 189 550 1562 612; baseline 0 -16"><span class='ocrx_word' id='word_1_47' title='bbox 189 561 191 563; x_wconf 84' lang='grc'><strong>’</strong></span> <span class='ocrx_word' id='word_1_48' title='bbox 225 555 476 612; x_wconf 83' lang='grc' dir='ltr'><em>Νικηφόρον</em></span> <span class='ocrx_word' id='word_1_49' title='bbox 517 556 595 608; x_wconf 81' lang='grc' dir='ltr'><em>μὲν</em></span> <span class='ocrx_word' id='word_1_50' title='bbox 635 550 711 602; x_wconf 75' lang='grc' dir='ltr'><em>οὖν</em></span> <span class='ocrx_word' id='word_1_51' title='bbox 742 552 815 597; x_wconf 76' lang='grc' dir='ltr'><em>τὸν</em></span> <span class='ocrx_word' id='word_1_52' title='bbox 858 555 1033 608; x_wconf 82' lang='grc' dir='ltr'><em>Φωκᾶν,</em></span> <span class='ocrx_word' id='word_1_53' title='bbox 1071 556 1313 609; x_wconf 79' lang='grc' dir='ltr'><em>δομὲστικον</em></span> <span class='ocrx_word' id='word_1_54' title='bbox 1335 556 1562 610; x_wconf 82' lang='grc' dir='ltr'><em>τηνικαῦτα</em></span> 
     </span>
     <span class='ocr_line' id='line_1_8' title="bbox 112 615 1562 677; baseline -0.001 -13"><span class='ocrx_word' id='word_1_55' title='bbox 112 615 210 664; x_wconf 69' lang='grc' dir='ltr'><em>ὄντα</em></span> <span class='ocrx_word' id='word_1_56' title='bbox 235 621 318 668; x_wconf 74' lang='grc' dir='ltr'><em>τῶν</em></span> <span class='ocrx_word' id='word_1_57' title='bbox 354 621 521 674; x_wconf 79' lang='grc' dir='ltr'><em>σχολῶν</em></span> <span class='ocrx_word' id='word_1_58' title='bbox 559 621 632 663; x_wconf 82' lang='grc' dir='ltr'><strong><em>καί</em></strong></span> <span class='ocrx_word' id='word_1_59' title='bbox 673 619 806 664; x_wconf 79' lang='grc' dir='ltr'><em>πολλὰ</em></span> <span class='ocrx_word' id='word_1_60' title='bbox 843 619 1027 676; x_wconf 87' lang='grc' dir='ltr'><em>τρόπαια</em></span> <span class='ocrx_word' id='word_1_61' title='bbox 1058 622 1315 677; x_wconf 77' lang='grc' dir='ltr'><em>στησάμενον</em></span> <span class='ocrx_word' id='word_1_62' title='bbox 1343 619 1450 664; x_wconf 76' lang='grc' dir='ltr'><em>κατὰ</em></span> <span class='ocrx_word' id='word_1_63' title='bbox 1480 622 1562 664; x_wconf 74' lang='grc' dir='ltr'><em>’τῶν</em></span> 
     </span>
     <span class='ocr_line' id='line_1_9' title="bbox 111 684 1559 744; baseline -0.001 -14"><span class='ocrx_word' id='word_1_64' title='bbox 111 684 232 730; x_wconf 74' lang='grc' dir='ltr'><em>ἑώων</em></span> <span class='ocrx_word' id='word_1_65' title='bbox 258 689 539 742; x_wconf 80' lang='grc' dir='ltr'><em>Σαρακηνῶν,</em></span> <span class='ocrx_word' id='word_1_66' title='bbox 586 690 660 730; x_wconf 83' lang='grc' dir='ltr'>καί</span> <span class='ocrx_word' id='word_1_67' title='bbox 685 689 778 730; x_wconf 83' lang='grc' dir='ltr'><em>κατ’</em></span> <span class='ocrx_word' id='word_1_68' title='bbox 801 687 943 729; x_wconf 71' lang='grc' dir='ltr'><em>αὐτῶν</em></span> <span class='ocrx_word' id='word_1_69' title='bbox 972 686 1023 742; x_wconf 76' lang='grc' dir='ltr'><em>δὴ</em></span> <span class='ocrx_word' id='word_1_70' title='bbox 1054 690 1138 730; x_wconf 74' lang='grc' dir='ltr'><em>ταῖν</em></span> <span class='ocrx_word' id='word_1_71' title='bbox 1167 690 1212 729; x_wconf 82' lang='grc' dir='ltr'><em>ἑν</em></span> <span class='ocrx_word' id='word_1_72' title='bbox 1239 686 1389 744; x_wconf 76' lang='grc' dir='ltr'><em>Κρήτῃ</em></span> <span class='ocrx_word' id='word_1_73' title='bbox 1418 689 1559 742; x_wconf 74' lang='grc' dir='ltr'><em>Σαρα-</em></span> 
     </span>
     <span class='ocr_line' id='line_1_10' title="bbox 113 746 1596 809; baseline -0.001 -13"><span class='ocrx_word' id='word_1_74' title='bbox 113 755 248 809; x_wconf 79' lang='grc' dir='ltr'><em>κηνῶν</em></span> <span class='ocrx_word' id='word_1_75' title='bbox 275 754 476 806; x_wconf 79' lang='grc' dir='ltr'><strong><em>ἐκπέμπει</em></strong></span> <span class='ocrx_word' id='word_1_76' title='bbox 493 771 502 780; x_wconf 87' lang='grc'><em>·</em></span> <span class='ocrx_word' id='word_1_77' title='bbox 578 753 648 795; x_wconf 80' lang='grc' dir='ltr'><strong><em>καί</em></strong></span> <span class='ocrx_word' id='word_1_78' title='bbox 675 751 722 802; x_wconf 79' lang='grc' dir='ltr'><strong>ὃς</strong></span> <span class='ocrx_word' id='word_1_79' title='bbox 749 753 880 795; x_wconf 81' lang='grc' dir='ltr'><em>πολλὰ</em></span> <span class='ocrx_word' id='word_1_80' title='bbox 909 756 988 806; x_wconf 80' lang='grc' dir='ltr'><em>μὲν</em></span> <span class='ocrx_word' id='word_1_81' title='bbox 1019 752 1147 796; x_wconf 79' lang='grc' dir='ltr'><em>εἰπών</em></span> <span class='ocrx_word' id='word_1_82' title='bbox 1175 746 1380 796; x_wconf 58' lang='grc' dir='ltr'><em>πλειίοδὲ</em></span> <span class='ocrx_word' id='word_1_83' title='bbox 1406 755 1596 796; x_wconf 65' lang='lat' dir='ltr'><strong>vixero-B</strong></span> 
     </span>
    </p>

    <p class='ocr_par' dir='ltr' id='par_1_7' title="bbox 53 811 1595 1140">
     <span class='ocr_line' id='line_1_11' title="bbox 53 811 1595 875; baseline -0.001 -13"><span class='ocrx_word' id='word_1_84' title='bbox 53 816 277 875; x_wconf 75' lang='grc' dir='ltr'><em>ιομήσας,</em></span> <span class='ocrx_word' id='word_1_85' title='bbox 308 820 382 862; x_wconf 80' lang='grc' dir='ltr'><em>καί</em></span> <span class='ocrx_word' id='word_1_86' title='bbox 424 817 500 874; x_wconf 73' lang='grc' dir='ltr'><em>την</em></span> <span class='ocrx_word' id='word_1_87' title='bbox 528 820 653 874; x_wconf 81' lang='grc' dir='ltr'><em>νῆσον</em></span> <span class='ocrx_word' id='word_1_88' title='bbox 680 818 815 875; x_wconf 73' lang='grc' dir='ltr'><em>αὐτην</em></span> <span class='ocrx_word' id='word_1_89' title='bbox 854 822 1087 874; x_wconf 72' lang='grc' dir='ltr'><em>πολιορκῶν</em></span> <span class='ocrx_word' id='word_1_90' title='bbox 1118 821 1192 861; x_wconf 85' lang='grc' dir='ltr'><em>καί</em></span> <span class='ocrx_word' id='word_1_91' title='bbox 1216 820 1277 867; x_wconf 81' lang='grc' dir='ltr'><em>εἰς</em></span> <span class='ocrx_word' id='word_1_92' title='bbox 1301 826 1447 874; x_wconf 85' lang='grc' dir='ltr'><em>χεῖρας</em></span> <span class='ocrx_word' id='word_1_93' title='bbox 1478 814 1559 875; x_wconf 67' lang='grc' dir='ltr'><strong>ἤδη</strong></span> <span class='ocrx_word' id='word_1_94' title='bbox 1593 811 1595 813; x_wconf 40' lang='grc'><strong>’</strong></span> 
     </span>
     <span class='ocr_line' id='line_1_12' title="bbox 111 880 1562 940; baseline -0.001 -11"><span class='ocrx_word' id='word_1_95' title='bbox 111 885 222 940; x_wconf 78' lang='grc' dir='ltr'><em>ἔχων</em></span> <span class='ocrx_word' id='word_1_96' title='bbox 248 883 419 939; x_wconf 79' lang='grc' dir='ltr'><em>ἔμελλεν</em></span> <span class='ocrx_word' id='word_1_97' title='bbox 446 880 499 927; x_wconf 73' lang='grc' dir='ltr'><em>ἂν</em></span> <span class='ocrx_word' id='word_1_98' title='bbox 526 883 599 927; x_wconf 76' lang='grc' dir='ltr'><strong>ἐπὶ</strong></span> <span class='ocrx_word' id='word_1_99' title='bbox 625 886 750 927; x_wconf 83' lang='grc' dir='ltr'><em>πλέον</em></span> <span class='ocrx_word' id='word_1_100' title='bbox 779 884 910 940; x_wconf 69' lang='grc' dir='ltr'><em>αὐτὴν</em></span> <span class='ocrx_word' id='word_1_101' title='bbox 925 886 1306 935; x_wconf 76' lang='grc' dir='ltr'><em>καταδουλῶσαίτε</em></span> <span class='ocrx_word' id='word_1_102' title='bbox 1334 886 1408 928; x_wconf 84' lang='grc' dir='ltr'><strong><em>καί</em></strong></span> <span class='ocrx_word' id='word_1_103' title='bbox 1434 902 1562 928; x_wconf 80' lang='grc' dir='ltr'><em>κατα-</em></span> 
     </span>
     <span class='ocr_line' id='line_1_13' title="bbox 110 947 1560 1010; baseline 0 -17"><span class='ocrx_word' id='word_1_104' title='bbox 110 950 423 1010; x_wconf 65' lang='grc' dir='ltr'><em>χειραὶσασθαι.</em></span> <span class='ocrx_word' id='word_1_105' title='bbox 497 949 642 1007; x_wconf 84' lang='grc' dir='ltr'><strong><em>φήμης</em></strong></span> <span class='ocrx_word' id='word_1_106' title='bbox 678 952 726 993; x_wconf 72' lang='grc' dir='ltr'><strong>δὲ</strong></span> <span class='ocrx_word' id='word_1_107' title='bbox 753 949 988 1006; x_wconf 77' lang='grc' dir='ltr'><em>κρατούσης</em></span> <span class='ocrx_word' id='word_1_108' title='bbox 1017 947 1085 993; x_wconf 79' lang='grc' dir='ltr'><em>ὅτι</em></span> <span class='ocrx_word' id='word_1_109' title='bbox 1122 949 1144 993; x_wconf 81' lang='grc' dir='ltr'>ὁ</span> <span class='ocrx_word' id='word_1_110' title='bbox 1172 951 1397 1006; x_wconf 81' lang='grc' dir='ltr'><em>κατασχών</em></span> <span class='ocrx_word' id='word_1_111' title='bbox 1425 950 1560 1005; x_wconf 69' lang='grc' dir='ltr'><em>αὐτὴν</em></span> 
     </span>
     <span class='ocr_line' id='line_1_14' title="bbox 107 1014 1560 1075; baseline -0.001 -14"><span class='ocrx_word' id='word_1_112' title='bbox 107 1018 313 1071; x_wconf 84' lang='grc' dir='ltr'><em>Ῥωμαῖος</em></span> <span class='ocrx_word' id='word_1_113' title='bbox 337 1019 382 1068; x_wconf 75' lang='grc' dir='ltr'><strong>ἐξ</strong></span> <span class='ocrx_word' id='word_1_114' title='bbox 408 1016 591 1073; x_wconf 75' lang='grc' dir='ltr'><em>α’νάγκης</em></span> <span class='ocrx_word' id='word_1_115' title='bbox 628 1016 876 1071; x_wconf 80' lang='grc' dir='ltr'><em>βασιλεύσει</em></span> <span class='ocrx_word' id='word_1_116' title='bbox 897 1017 1139 1071; x_wconf 78' lang='grc' dir='ltr'><em>Ῥωμαίων,</em></span> <span class='ocrx_word' id='word_1_117' title='bbox 1168 1014 1259 1071; x_wconf 79' lang='grc' dir='ltr'><em>ἅμα</em></span> <span class='ocrx_word' id='word_1_118' title='bbox 1286 1020 1344 1075; x_wconf 79' lang='grc' dir='ltr'><strong>τῷ</strong></span> <span class='ocrx_word' id='word_1_119' title='bbox 1367 1019 1560 1072; x_wconf 69' lang='grc' dir='ltr'><em>γνωσθῆ-</em></span> 
     </span>
     <span class='ocr_line' id='line_1_15' title="bbox 111 1080 1562 1140; baseline -0.001 -13"><span class='ocrx_word' id='word_1_120' title='bbox 111 1100 182 1127; x_wconf 86' lang='grc' dir='ltr'><strong>ναι</strong></span> <span class='ocrx_word' id='word_1_121' title='bbox 203 1082 282 1140; x_wconf 72' lang='grc' dir='ltr'><em>τήν</em></span> <span class='ocrx_word' id='word_1_122' title='bbox 308 1084 386 1138; x_wconf 82' lang='grc' dir='ltr'><strong>τῆς</strong></span> <span class='ocrx_word' id='word_1_123' title='bbox 423 1084 552 1139; x_wconf 84' lang='grc' dir='ltr'><em>νήσου</em></span> <span class='ocrx_word' id='word_1_124' title='bbox 593 1083 867 1138; x_wconf 79' lang='grc' dir='ltr'><em>κατάσχεσιν,</em></span> <span class='ocrx_word' id='word_1_125' title='bbox 916 1090 1010 1133; x_wconf 80' lang='grc' dir='ltr'><em>ταῖς</em></span> <span class='ocrx_word' id='word_1_126' title='bbox 1039 1087 1118 1127; x_wconf 80' lang='grc' dir='ltr'><strong>τοῦ</strong></span> <span class='ocrx_word' id='word_1_127' title='bbox 1143 1080 1301 1140; x_wconf 73' lang='grc' dir='ltr'><em>Ἰωσήφ</em></span> <span class='ocrx_word' id='word_1_128' title='bbox 1328 1081 1562 1139; x_wconf 74' lang='grc' dir='ltr'><em>ὑποθήκαις</em></span> 
     </span>
    </p>

    <p class='ocr_par' dir='ltr' id='par_1_8' title="bbox 47 1142 1593 1471">
     <span class='ocr_line' id='line_1_16' title="bbox 47 1142 1556 1206; baseline 0 -14"><span class='ocrx_word' id='word_1_129' title='bbox 47 1150 358 1200; x_wconf 76' lang='grc' dir='ltr'><em>-15οἷποστείλας</em></span> <span class='ocrx_word' id='word_1_130' title='bbox 387 1146 410 1190; x_wconf 81' lang='grc' dir='ltr'>ὅ</span> <span class='ocrx_word' id='word_1_131' title='bbox 432 1147 651 1203; x_wconf 86' lang='grc' dir='ltr'><em>Ῥωμανὸς</em></span> <span class='ocrx_word' id='word_1_132' title='bbox 677 1147 749 1192; x_wconf 86' lang='grc' dir='ltr'><em>τὸν</em></span> <span class='ocrx_word' id='word_1_133' title='bbox 777 1142 1024 1206; x_wconf 80' lang='grc' dir='ltr'><em>Νικηφόρον</em></span> <span class='ocrx_word' id='word_1_134' title='bbox 1049 1152 1211 1193; x_wconf 76' lang='grc' dir='ltr'><em>ἐκεῖθεν</em></span> <span class='ocrx_word' id='word_1_135' title='bbox 1238 1154 1556 1204; x_wconf 80' lang='grc' dir='ltr'><em>μετεκαλέσατο.</em></span> 
     </span>
     <span class='ocr_line' id='line_1_17' title="bbox 111 1212 1560 1273; baseline -0.003 -13"><span class='ocrx_word' id='word_1_136' title='bbox 111 1217 340 1271; x_wconf 79' lang='grc' dir='ltr'><em>τηνικαῦτα</em></span> <span class='ocrx_word' id='word_1_137' title='bbox 380 1214 454 1257; x_wconf 78' lang='grc' dir='ltr'><em>καὶ</em></span> <span class='ocrx_word' id='word_1_138' title='bbox 480 1218 649 1258; x_wconf 81' lang='grc' dir='ltr'><em>Λέοντα</em></span> <span class='ocrx_word' id='word_1_139' title='bbox 690 1217 848 1258; x_wconf 80' lang='grc' dir='ltr'><em>Φωκᾶν</em></span> <span class='ocrx_word' id='word_1_140' title='bbox 892 1213 962 1259; x_wconf 80' lang='grc' dir='ltr'><em>τὸν</em></span> <span class='ocrx_word' id='word_1_141' title='bbox 996 1218 1070 1258; x_wconf 77' lang='grc' dir='ltr'><strong>τοῦ</strong></span> <span class='ocrx_word' id='word_1_142' title='bbox 1096 1212 1347 1273; x_wconf 79' lang='grc' dir='ltr'><em>Νικηφόρον</em></span> <span class='ocrx_word' id='word_1_143' title='bbox 1375 1215 1560 1271; x_wconf 72' lang='grc' dir='ltr'><em>α’δελφὸν</em></span> 
     </span>
     <span class='ocr_line' id='line_1_18' title="bbox 111 1279 1558 1337; baseline -0.002 -12"><span class='ocrx_word' id='word_1_144' title='bbox 111 1281 396 1335; x_wconf 78' lang='grc' dir='ltr'><em>ἐξαπέστειλεν</em></span> <span class='ocrx_word' id='word_1_145' title='bbox 412 1282 472 1330; x_wconf 85' lang='grc' dir='ltr'><em>εἰς</em></span> <span class='ocrx_word' id='word_1_146' title='bbox 502 1280 722 1336; x_wconf 82' lang='grc' dir='ltr'><em>α’νατολήν,</em></span> <span class='ocrx_word' id='word_1_147' title='bbox 751 1280 825 1323; x_wconf 83' lang='grc' dir='ltr'>καί</span> <span class='ocrx_word' id='word_1_148' title='bbox 840 1279 883 1331; x_wconf 85' lang='grc' dir='ltr'><strong>ὃς</strong></span> <span class='ocrx_word' id='word_1_149' title='bbox 903 1279 1110 1337; x_wconf 81' lang='grc' dir='ltr'><em>τοσαύτην</em></span> <span class='ocrx_word' id='word_1_150' title='bbox 1130 1280 1399 1337; x_wconf 76' lang='grc' dir='ltr'><em>καταδρομὴν</em></span> <span class='ocrx_word' id='word_1_151' title='bbox 1417 1279 1558 1335; x_wconf 77' lang='grc' dir='ltr'><em>ἐποιή-</em></span> 
     </span>
     <span class='ocr_line' id='line_1_19' title="bbox 110 1346 1557 1403; baseline -0.002 -12"><span class='ocrx_word' id='word_1_152' title='bbox 110 1363 214 1391; x_wconf 87' lang='grc' dir='ltr'><em>σατο</em></span> <span class='ocrx_word' id='word_1_153' title='bbox 239 1349 324 1390; x_wconf 78' lang='grc' dir='ltr'><em>τῶν</em></span> <span class='ocrx_word' id='word_1_154' title='bbox 350 1349 606 1403; x_wconf 76' lang='grc' dir='ltr'><em>Σαρακηνῶν</em></span> <span class='ocrx_word' id='word_1_155' title='bbox 650 1349 723 1390; x_wconf 81' lang='grc' dir='ltr'><em>καί</em></span> <span class='ocrx_word' id='word_1_156' title='bbox 763 1346 976 1396; x_wconf 81' lang='grc' dir='ltr'><em>τοσαύτας</em></span> <span class='ocrx_word' id='word_1_157' title='bbox 1008 1347 1223 1403; x_wconf 72' lang='grc' dir='ltr'><em>ἀριστείας</em></span> <span class='ocrx_word' id='word_1_158' title='bbox 1267 1349 1356 1389; x_wconf 87' lang='grc' dir='ltr'><em>κατ’</em></span> <span class='ocrx_word' id='word_1_159' title='bbox 1390 1347 1557 1390; x_wconf 73' lang='grc' dir='ltr'><em>ἐκείνων</em></span> 
     </span>
     <span class='ocr_line' id='line_1_20' title="bbox 110 1412 1593 1471; baseline -0.003 -13"><span class='ocrx_word' id='word_1_160' title='bbox 110 1413 285 1470; x_wconf 71' lang='grc' dir='ltr'><em>ἔστησεν</em></span> <span class='ocrx_word' id='word_1_161' title='bbox 324 1414 382 1463; x_wconf 73' lang='grc' dir='ltr'><strong>ὥς</strong></span> <span class='ocrx_word' id='word_1_162' title='bbox 408 1415 516 1469; x_wconf 75' lang='grc' dir='ltr'><em>μηδὲ</em></span> <span class='ocrx_word' id='word_1_163' title='bbox 541 1412 649 1471; x_wconf 75' lang='grc' dir='ltr'><em>λόγῳ</em></span> <span class='ocrx_word' id='word_1_164' title='bbox 679 1413 893 1457; x_wconf 71' lang='grc' dir='ltr'><em>δύνασθαι</em></span> <span class='ocrx_word' id='word_1_165' title='bbox 926 1412 1083 1463; x_wconf 80' lang='grc' dir='ltr'><em>ταύτας</em></span> <span class='ocrx_word' id='word_1_166' title='bbox 1114 1416 1355 1468; x_wconf 75' lang='grc' dir='ltr'><em>διαλαβεῖν·</em></span> <span class='ocrx_word' id='word_1_167' title='bbox 1413 1415 1593 1459; x_wconf 75' lang='grc' dir='ltr'><em>πᾶσανο</em></span> 
     </span>
    </p>

    <p class='ocr_par' dir='ltr' id='par_1_9' title="bbox 47 1474 1557 1603">
     <span class='ocr_line' id='line_1_21' title="bbox 47 1474 1557 1541; baseline -0.001 -17"><span class='ocrx_word' id='word_1_168' title='bbox 47 1479 193 1536; x_wconf 66' lang='grc' dir='ltr'><em>αογοὶρ</em></span> <span class='ocrx_word' id='word_1_169' title='bbox 220 1478 295 1536; x_wconf 72' lang='grc' dir='ltr'><em>τήν</em></span> <span class='ocrx_word' id='word_1_170' title='bbox 321 1479 524 1535; x_wconf 76' lang='grc' dir='ltr'><em>ἀνατολὴν</em></span> <span class='ocrx_word' id='word_1_171' title='bbox 550 1479 701 1535; x_wconf 82' lang='grc' dir='ltr'><em>σχεδὸν</em></span> <span class='ocrx_word' id='word_1_172' title='bbox 728 1478 998 1536; x_wconf 74' lang='grc' dir='ltr'><em>ἐχειρώσατο.</em></span> <span class='ocrx_word' id='word_1_173' title='bbox 1026 1482 1095 1537; x_wconf 80' lang='grc' dir='ltr'><strong>ἐφ’</strong></span> <span class='ocrx_word' id='word_1_174' title='bbox 1123 1474 1158 1541; x_wconf 76' lang='grc' dir='ltr'><em>ᾧ</em></span> <span class='ocrx_word' id='word_1_175' title='bbox 1177 1482 1248 1523; x_wconf 80' lang='grc' dir='ltr'><strong><em>καί</em></strong></span> <span class='ocrx_word' id='word_1_176' title='bbox 1271 1478 1376 1535; x_wconf 74' lang='grc' dir='ltr'><em>μετὰ</em></span> <span class='ocrx_word' id='word_1_177' title='bbox 1395 1478 1557 1536; x_wconf 75' lang='grc' dir='ltr'><em>θριάμ-</em></span> 
     </span>
     <span class='ocr_line' id='line_1_22' title="bbox 109 1546 1143 1603; baseline -0.001 -14"><span class='ocrx_word' id='word_1_178' title='bbox 109 1550 189 1601; x_wconf 82' lang='grc' dir='ltr'><strong>βου</strong></span> <span class='ocrx_word' id='word_1_179' title='bbox 217 1547 415 1603; x_wconf 80' lang='grc' dir='ltr'><em>λαμπροῦ</em></span> <span class='ocrx_word' id='word_1_180' title='bbox 443 1546 465 1588; x_wconf 84' lang='grc' dir='ltr'><em>ὃ</em></span> <span class='ocrx_word' id='word_1_181' title='bbox 493 1547 694 1600; x_wconf 76' lang='grc' dir='ltr'><em>βασιλεῦς</em></span> <span class='ocrx_word' id='word_1_182' title='bbox 720 1546 849 1590; x_wconf 71' lang='grc' dir='ltr'><em>αὐτὸν</em></span> <span class='ocrx_word' id='word_1_183' title='bbox 876 1547 1143 1602; x_wconf 73' lang='grc' dir='ltr'><em>ὑποδέχεται.</em></span> 
     </span>
    </p>
   </div>
   <div class='ocr_carea' id='block_1_3' title="bbox 202 1667 1559 1765">
    <p class='ocr_par' dir='ltr' id='par_1_10' title="bbox 202 1667 1559 1765">
     <span class='ocr_line' id='line_1_23' title="bbox 203 1667 1559 1717; baseline 0.001 -14"><span class='ocrx_word' id='word_1_184' title='bbox 203 1672 237 1706; x_wconf 89' lang='grc'><strong>5.</strong></span> <span class='ocrx_word' id='word_1_185' title='bbox 264 1675 348 1715; x_wconf 74' lang='lat' dir='ltr'><strong>post</strong></span> <span class='ocrx_word' id='word_1_186' title='bbox 372 1667 526 1716; x_wconf 69' lang='grc' dir='ltr'><em>ἀφίεται</em></span> <span class='ocrx_word' id='word_1_187' title='bbox 548 1671 596 1711; x_wconf 89' lang='lat' dir='ltr'><strong>F,</strong></span> <span class='ocrx_word' id='word_1_188' title='bbox 631 1681 727 1716; x_wconf 83' lang='lat' dir='ltr'><strong>quae</strong></span> <span class='ocrx_word' id='word_1_189' title='bbox 754 1671 923 1716; x_wconf 85' lang='lat' dir='ltr'><strong>leguntur</strong></span> <span class='ocrx_word' id='word_1_190' title='bbox 956 1671 1052 1716; x_wconf 84' lang='lat' dir='ltr'><strong>apud</strong></span> <span class='ocrx_word' id='word_1_191' title='bbox 1076 1670 1277 1705; x_wconf 86' lang='lat' dir='ltr'><strong>Cedrenum</strong></span> <span class='ocrx_word' id='word_1_192' title='bbox 1314 1681 1350 1717; x_wconf 86' lang='lat' dir='ltr'><strong>p.</strong></span> <span class='ocrx_word' id='word_1_193' title='bbox 1373 1669 1444 1714; x_wconf 72' lang='lat'><strong>640</strong></span> <span class='ocrx_word' id='word_1_194' title='bbox 1469 1671 1495 1704; x_wconf 92' lang='lat' dir='ltr'>C</span> <span class='ocrx_word' id='word_1_195' title='bbox 1521 1676 1559 1706; x_wconf 79' lang='lat' dir='ltr'><strong>et</strong></span> 
     </span>
     <span class='ocr_line' id='line_1_24' title="bbox 202 1716 1512 1765; baseline 0.002 -15"><span class='ocrx_word' id='word_1_196' title='bbox 202 1718 269 1764; x_wconf 87' lang='lat'><strong>627</strong></span> <span class='ocrx_word' id='word_1_197' title='bbox 301 1718 347 1751; x_wconf 89' lang='lat' dir='ltr'><strong>C:</strong></span> <span class='ocrx_word' id='word_1_198' title='bbox 370 1716 467 1762; x_wconf 63' lang='grc' dir='ltr'><strong>ἤχθη</strong></span> <span class='ocrx_word' id='word_1_199' title='bbox 493 1718 532 1752; x_wconf 78' lang='grc' dir='ltr'><strong>δὲ</strong></span> <span class='ocrx_word' id='word_1_200' title='bbox 557 1738 603 1744; x_wconf 86' lang='grc'><strong>-</strong></span> <span class='ocrx_word' id='word_1_201' title='bbox 626 1720 765 1765; x_wconf 76' lang='grc' dir='ltr'><em>ἤγαγεν</em></span> <span class='ocrx_word' id='word_1_202' title='bbox 790 1724 827 1752; x_wconf 87' lang='lat' dir='ltr'><strong>et</strong></span> <span class='ocrx_word' id='word_1_203' title='bbox 847 1721 983 1765; x_wconf 80' lang='grc' dir='ltr'><em>γέγονε</em></span> <span class='ocrx_word' id='word_1_204' title='bbox 1006 1717 1153 1765; x_wconf 77' lang='grc' dir='ltr'><em>χειμών</em></span> <span class='ocrx_word' id='word_1_205' title='bbox 1175 1738 1223 1745; x_wconf 88' lang='lat'><strong>--</strong></span> <span class='ocrx_word' id='word_1_206' title='bbox 1245 1717 1512 1754; x_wconf 75' lang='grc' dir='ltr'><em>παντοδαπῶν.</em></span> 
     </span>
    </p>
   </div>
   <div class='ocr_carea' id='block_1_4' title="bbox 111 1818 1564 2760">
    <p class='ocr_par' dir='ltr' id='par_1_11' title="bbox 111 1818 1559 2044">
     <span class='ocr_line' id='line_1_25' title="bbox 114 1818 1559 1866; baseline -0.001 -12"><span class='ocrx_word' id='word_1_207' title='bbox 114 1825 191 1855; x_wconf 80' lang='lat' dir='ltr'><strong>ctus</strong></span> <span class='ocrx_word' id='word_1_208' title='bbox 217 1819 468 1853; x_wconf 80' lang='lat' dir='ltr'>aemulationis</span> <span class='ocrx_word' id='word_1_209' title='bbox 495 1820 624 1865; x_wconf 86' lang='lat' dir='ltr'><strong>plenus</strong></span> <span class='ocrx_word' id='word_1_210' title='bbox 659 1821 908 1866; x_wconf 82' lang='lat' dir='ltr'><strong>imperatorem</strong></span> <span class='ocrx_word' id='word_1_211' title='bbox 932 1819 1075 1864; x_wconf 84' lang='lat' dir='ltr'><strong>adigere</strong></span> <span class='ocrx_word' id='word_1_212' title='bbox 1103 1820 1223 1865; x_wconf 89' lang='lat' dir='ltr'><strong>coepit</strong></span> <span class='ocrx_word' id='word_1_213' title='bbox 1245 1825 1286 1853; x_wconf 87' lang='lat' dir='ltr'><strong>ut</strong></span> <span class='ocrx_word' id='word_1_214' title='bbox 1310 1818 1354 1852; x_wconf 86' lang='lat' dir='ltr'><strong>ab</strong></span> <span class='ocrx_word' id='word_1_215' title='bbox 1378 1830 1415 1854; x_wconf 86' lang='lat' dir='ltr'><strong>se</strong></span> <span class='ocrx_word' id='word_1_216' title='bbox 1443 1818 1559 1853; x_wconf 82' lang='lat' dir='ltr'><strong>homi-</strong></span> 
     </span>
     <span class='ocr_line' id='line_1_26' title="bbox 113 1866 1558 1913; baseline -0.001 -12"><span class='ocrx_word' id='word_1_217' title='bbox 113 1879 196 1902; x_wconf 87' lang='lat' dir='ltr'><strong>nem</strong></span> <span class='ocrx_word' id='word_1_218' title='bbox 217 1867 320 1900; x_wconf 89' lang='lat' dir='ltr'><strong>illum</strong></span> <span class='ocrx_word' id='word_1_219' title='bbox 347 1866 517 1911; x_wconf 83' lang='lat' dir='ltr'><strong>abigeret.</strong></span> <span class='ocrx_word' id='word_1_220' title='bbox 557 1868 772 1913; x_wconf 80' lang='lat' dir='ltr'>imperatore</span> <span class='ocrx_word' id='word_1_221' title='bbox 795 1879 878 1901; x_wconf 79' lang='lat' dir='ltr'><strong>vero</strong></span> <span class='ocrx_word' id='word_1_222' title='bbox 903 1867 1058 1900; x_wconf 84' lang='lat' dir='ltr'><strong>vicissim</strong></span> <span class='ocrx_word' id='word_1_223' title='bbox 1084 1867 1304 1907; x_wconf 86' lang='lat' dir='ltr'><strong>obsistente,</strong></span> <span class='ocrx_word' id='word_1_224' title='bbox 1330 1872 1558 1912; x_wconf 83' lang='lat' dir='ltr'><strong>neganteque</strong></span> 
     </span>
     <span class='ocr_line' id='line_1_27' title="bbox 113 1914 1558 1960; baseline -0.001 -12"><span class='ocrx_word' id='word_1_225' title='bbox 113 1915 283 1949; x_wconf 80' lang='lat' dir='ltr'><strong>clericum</strong></span> <span class='ocrx_word' id='word_1_226' title='bbox 319 1914 427 1947; x_wconf 86' lang='lat' dir='ltr'><strong>istum</strong></span> <span class='ocrx_word' id='word_1_227' title='bbox 462 1914 644 1947; x_wconf 84' lang='lat' dir='ltr'><strong>solitariae</strong></span> <span class='ocrx_word' id='word_1_228' title='bbox 678 1915 774 1948; x_wconf 79' lang='lat' dir='ltr'><strong>vitae</strong></span> <span class='ocrx_word' id='word_1_229' title='bbox 816 1915 1074 1960; x_wconf 85' lang='lat' dir='ltr'><strong>professionem</strong></span> <span class='ocrx_word' id='word_1_230' title='bbox 1117 1925 1197 1947; x_wconf 91' lang='lat' dir='ltr'><strong>cum</strong></span> <span class='ocrx_word' id='word_1_231' title='bbox 1234 1919 1320 1946; x_wconf 85' lang='lat' dir='ltr'><strong>voto</strong></span> <span class='ocrx_word' id='word_1_232' title='bbox 1355 1914 1558 1958; x_wconf 79' lang='lat' dir='ltr'><strong>amplexum</strong></span> 
     </span>
     <span class='ocr_line' id='line_1_28' title="bbox 113 1960 1557 2006; baseline -0.001 -11"><span class='ocrx_word' id='word_1_233' title='bbox 113 1962 249 2003; x_wconf 75' lang='lat' dir='ltr'><strong>fuisse,</strong></span> <span class='ocrx_word' id='word_1_234' title='bbox 283 1961 345 1994; x_wconf 84' lang='lat' dir='ltr'><strong>sed</strong></span> <span class='ocrx_word' id='word_1_235' title='bbox 370 1966 509 1994; x_wconf 80' lang='lat' dir='ltr'><strong>tantum</strong></span> <span class='ocrx_word' id='word_1_236' title='bbox 541 1962 763 2006; x_wconf 78' lang='lat' dir='ltr'><strong>imperatoris</strong></span> <span class='ocrx_word' id='word_1_237' title='bbox 799 1968 917 2003; x_wconf 86' lang='lat' dir='ltr'><strong>metu,</strong></span> <span class='ocrx_word' id='word_1_238' title='bbox 947 1961 1161 2005; x_wconf 83' lang='lat' dir='ltr'><strong>Polyeuctus</strong></span> <span class='ocrx_word' id='word_1_239' title='bbox 1194 1960 1262 1994; x_wconf 86' lang='lat' dir='ltr'><strong>hac</strong></span> <span class='ocrx_word' id='word_1_240' title='bbox 1288 1971 1392 1993; x_wconf 84' lang='lat' dir='ltr'><strong>causa</strong></span> <span class='ocrx_word' id='word_1_241' title='bbox 1416 1961 1557 2006; x_wconf 80' lang='lat' dir='ltr'><strong>cognita</strong></span> 
     </span>
     <span class='ocr_line' id='line_1_29' title="bbox 111 2008 486 2044; baseline -0.005 -1"><span class='ocrx_word' id='word_1_242' title='bbox 111 2010 258 2043; x_wconf 86' lang='lat' dir='ltr'><strong>missum</strong></span> <span class='ocrx_word' id='word_1_243' title='bbox 283 2019 365 2042; x_wconf 85' lang='lat' dir='ltr'><strong>eum</strong></span> <span class='ocrx_word' id='word_1_244' title='bbox 390 2008 486 2044; x_wconf 78' lang='lat' dir='ltr'><strong>fecit.</strong></span> 
     </span>
    </p>

    <p class='ocr_par' dir='ltr' id='par_1_12' title="bbox 112 2052 1564 2760">
     <span class='ocr_line' id='line_1_30' title="bbox 205 2052 1556 2100; baseline -0.002 -11"><span class='ocrx_word' id='word_1_245' title='bbox 205 2056 273 2089; x_wconf 89' lang='lat' dir='ltr'><strong>Hic</strong></span> <span class='ocrx_word' id='word_1_246' title='bbox 298 2056 492 2100; x_wconf 85' lang='lat' dir='ltr'><strong>imperator</strong></span> <span class='ocrx_word' id='word_1_247' title='bbox 518 2055 760 2100; x_wconf 85' lang='lat' dir='ltr'><strong>Nicephorum</strong></span> <span class='ocrx_word' id='word_1_248' title='bbox 785 2054 949 2096; x_wconf 85' lang='lat' dir='ltr'><strong>Phocam,</strong></span> <span class='ocrx_word' id='word_1_249' title='bbox 977 2054 1040 2099; x_wconf 86' lang='lat' dir='ltr'><strong>qui</strong></span> <span class='ocrx_word' id='word_1_250' title='bbox 1063 2058 1137 2087; x_wconf 88' lang='lat' dir='ltr'><strong>tum</strong></span> <span class='ocrx_word' id='word_1_251' title='bbox 1156 2054 1328 2099; x_wconf 87' lang='lat' dir='ltr'><strong>temporis</strong></span> <span class='ocrx_word' id='word_1_252' title='bbox 1356 2052 1556 2088; x_wconf 83' lang='lat' dir='ltr'><strong>scholarum</strong></span> 
     </span>
     <span class='ocr_line' id='line_1_31' title="bbox 113 2101 1559 2147; baseline -0.002 -10"><span class='ocrx_word' id='word_1_253' title='bbox 113 2103 329 2137; x_wconf 85' lang='lat' dir='ltr'><strong>domesticus</strong></span> <span class='ocrx_word' id='word_1_254' title='bbox 352 2109 429 2136; x_wconf 85' lang='lat' dir='ltr'><strong>erat</strong></span> <span class='ocrx_word' id='word_1_255' title='bbox 451 2103 635 2147; x_wconf 84' lang='lat' dir='ltr'><strong>multaque</strong></span> <span class='ocrx_word' id='word_1_256' title='bbox 661 2108 808 2147; x_wconf 84' lang='lat' dir='ltr'><strong>tropaea</strong></span> <span class='ocrx_word' id='word_1_257' title='bbox 835 2109 957 2136; x_wconf 82' lang='lat' dir='ltr'><strong>contra</strong></span> <span class='ocrx_word' id='word_1_258' title='bbox 984 2103 1178 2134; x_wconf 76' lang='lat' dir='ltr'><strong>Saracenos</strong></span> <span class='ocrx_word' id='word_1_259' title='bbox 1203 2101 1397 2135; x_wconf 83' lang='lat' dir='ltr'><strong>orientales</strong></span> <span class='ocrx_word' id='word_1_260' title='bbox 1420 2106 1559 2135; x_wconf 82' lang='lat' dir='ltr'><strong>statue-</strong></span> 
     </span>
     <span class='ocr_line' id='line_1_32' title="bbox 112 2148 1559 2193; baseline -0.003 -9"><span class='ocrx_word' id='word_1_261' title='bbox 112 2156 189 2192; x_wconf 82' lang='lat' dir='ltr'><strong>rat,</strong></span> <span class='ocrx_word' id='word_1_262' title='bbox 213 2151 319 2184; x_wconf 83' lang='lat' dir='ltr'><strong>etiam</strong></span> <span class='ocrx_word' id='word_1_263' title='bbox 344 2150 509 2183; x_wconf 83' lang='lat' dir='ltr'><strong>adversus</strong></span> <span class='ocrx_word' id='word_1_264' title='bbox 538 2149 725 2183; x_wconf 83' lang='lat' dir='ltr'><strong>Cretenses</strong></span> <span class='ocrx_word' id='word_1_265' title='bbox 751 2149 945 2183; x_wconf 81' lang='lat' dir='ltr'><strong>Saracenos</strong></span> <span class='ocrx_word' id='word_1_266' title='bbox 970 2160 1049 2182; x_wconf 84' lang='lat' dir='ltr'><strong>cum</strong></span> <span class='ocrx_word' id='word_1_267' title='bbox 1073 2149 1186 2193; x_wconf 89' lang='lat' dir='ltr'><strong>copiis</strong></span> <span class='ocrx_word' id='word_1_268' title='bbox 1211 2148 1400 2192; x_wconf 80' lang='lat' dir='ltr'><strong>ablegavit.</strong></span> <span class='ocrx_word' id='word_1_269' title='bbox 1450 2148 1559 2181; x_wconf 88' lang='lat' dir='ltr'><strong>Nice-</strong></span> 
     </span>
     <span class='ocr_line' id='line_1_33' title="bbox 112 2195 1558 2243; baseline -0.002 -13"><span class='ocrx_word' id='word_1_270' title='bbox 112 2197 246 2243; x_wconf 85' lang='lat' dir='ltr'><strong>phorus</strong></span> <span class='ocrx_word' id='word_1_271' title='bbox 277 2198 406 2230; x_wconf 78' lang='lat' dir='ltr'><strong>multis</strong></span> <span class='ocrx_word' id='word_1_272' title='bbox 446 2196 551 2230; x_wconf 87' lang='lat' dir='ltr'><strong>rebus</strong></span> <span class='ocrx_word' id='word_1_273' title='bbox 584 2197 770 2237; x_wconf 79' lang='lat' dir='ltr'><strong>indicatis,</strong></span> <span class='ocrx_word' id='word_1_274' title='bbox 809 2196 971 2242; x_wconf 89' lang='lat' dir='ltr'><strong>pluribus</strong></span> <span class='ocrx_word' id='word_1_275' title='bbox 1003 2195 1154 2229; x_wconf 82' lang='lat' dir='ltr'><strong>consilio</strong></span> <span class='ocrx_word' id='word_1_276' title='bbox 1178 2207 1242 2229; x_wconf 90' lang='lat' dir='ltr'><strong>suo</strong></span> <span class='ocrx_word' id='word_1_277' title='bbox 1276 2195 1558 2234; x_wconf 80' lang='lat' dir='ltr'><strong>administratis,</strong></span> 
     </span>
     <span class='ocr_line' id='line_1_34' title="bbox 113 2241 1558 2289; baseline -0.003 -11"><span class='ocrx_word' id='word_1_278' title='bbox 113 2256 193 2279; x_wconf 87' lang='lat' dir='ltr'><strong>cum</strong></span> <span class='ocrx_word' id='word_1_279' title='bbox 218 2250 453 2289; x_wconf 79' lang='lat' dir='ltr'><strong>expugnatam</strong></span> <span class='ocrx_word' id='word_1_280' title='bbox 483 2244 635 2277; x_wconf 83' lang='lat' dir='ltr'><strong>insulam</strong></span> <span class='ocrx_word' id='word_1_281' title='bbox 660 2249 799 2277; x_wconf 78' lang='lat' dir='ltr'><strong>tantum</strong></span> <span class='ocrx_word' id='word_1_282' title='bbox 826 2255 900 2276; x_wconf 87' lang='lat' dir='ltr'><strong>non</strong></span> <span class='ocrx_word' id='word_1_283' title='bbox 925 2243 998 2276; x_wconf 89' lang='lat' dir='ltr'><strong>suis</strong></span> <span class='ocrx_word' id='word_1_284' title='bbox 1022 2243 1237 2276; x_wconf 90' lang='lat' dir='ltr'><strong>inmanibus</strong></span> <span class='ocrx_word' id='word_1_285' title='bbox 1262 2241 1436 2283; x_wconf 86' lang='lat' dir='ltr'><strong>haberet,</strong></span> <span class='ocrx_word' id='word_1_286' title='bbox 1461 2242 1558 2274; x_wconf 88' lang='lat' dir='ltr'><strong>ulte-</strong></span> 
     </span>
     <span class='ocr_line' id='line_1_35' title="bbox 113 2287 1561 2336; baseline -0.004 -10"><span class='ocrx_word' id='word_1_287' title='bbox 113 2293 187 2326; x_wconf 83' lang='lat' dir='ltr'><strong>rius</strong></span> <span class='ocrx_word' id='word_1_288' title='bbox 213 2292 251 2325; x_wconf 87' lang='lat' dir='ltr'><strong>in</strong></span> <span class='ocrx_word' id='word_1_289' title='bbox 277 2302 319 2324; x_wconf 88' lang='lat' dir='ltr'><strong>ea</strong></span> <span class='ocrx_word' id='word_1_290' title='bbox 342 2291 540 2335; x_wconf 82' lang='lat' dir='ltr'><strong>subigenda</strong></span> <span class='ocrx_word' id='word_1_291' title='bbox 566 2291 816 2336; x_wconf 83' lang='lat' dir='ltr'><strong>domandaque</strong></span> <span class='ocrx_word' id='word_1_292' title='bbox 840 2301 1088 2336; x_wconf 77' lang='lat' dir='ltr'><strong>progressurus</strong></span> <span class='ocrx_word' id='word_1_293' title='bbox 1113 2295 1198 2324; x_wconf 86' lang='lat' dir='ltr'><strong>erat.</strong></span> <span class='ocrx_word' id='word_1_294' title='bbox 1221 2300 1344 2323; x_wconf 82' lang='lat' dir='ltr'><strong>verum</strong></span> <span class='ocrx_word' id='word_1_295' title='bbox 1370 2289 1468 2334; x_wconf 85' lang='lat' dir='ltr'><strong>quod</strong></span> <span class='ocrx_word' id='word_1_296' title='bbox 1493 2287 1561 2321; x_wconf 89' lang='lat' dir='ltr'><strong>ob-</strong></span> 
     </span>
     <span class='ocr_line' id='line_1_36' title="bbox 114 2333 1560 2382; baseline -0.003 -11"><span class='ocrx_word' id='word_1_297' title='bbox 114 2340 247 2372; x_wconf 80' lang='lat' dir='ltr'><strong>tineret</strong></span> <span class='ocrx_word' id='word_1_298' title='bbox 272 2339 362 2371; x_wconf 86' lang='lat' dir='ltr'><strong>fama</strong></span> <span class='ocrx_word' id='word_1_299' title='bbox 402 2338 560 2371; x_wconf 82' lang='lat' dir='ltr'><strong>futurum</strong></span> <span class='ocrx_word' id='word_1_300' title='bbox 584 2344 625 2372; x_wconf 88' lang='lat' dir='ltr'><strong>ut</strong></span> <span class='ocrx_word' id='word_1_301' title='bbox 648 2338 757 2371; x_wconf 87' lang='lat' dir='ltr'><strong>homo</strong></span> <span class='ocrx_word' id='word_1_302' title='bbox 781 2338 957 2371; x_wconf 86' lang='lat' dir='ltr'><strong>Romanus</strong></span> <span class='ocrx_word' id='word_1_303' title='bbox 972 2363 981 2378; x_wconf 91' lang='lat'>‚</span> <span class='ocrx_word' id='word_1_304' title='bbox 1017 2337 1081 2382; x_wconf 89' lang='lat' dir='ltr'><strong>qui</strong></span> <span class='ocrx_word' id='word_1_305' title='bbox 1107 2347 1183 2370; x_wconf 84' lang='lat' dir='ltr'><strong>eam</strong></span> <span class='ocrx_word' id='word_1_306' title='bbox 1207 2342 1438 2381; x_wconf 85' lang='lat' dir='ltr'><strong>occupasset,</strong></span> <span class='ocrx_word' id='word_1_307' title='bbox 1462 2333 1560 2367; x_wconf 81' lang='lat' dir='ltr'><strong>haud</strong></span> 
     </span>
     <span class='ocr_line' id='line_1_37' title="bbox 115 2383 1561 2430; baseline -0.004 -11"><span class='ocrx_word' id='word_1_308' title='bbox 115 2386 225 2420; x_wconf 85' lang='lat' dir='ltr'><strong>dubie</strong></span> <span class='ocrx_word' id='word_1_309' title='bbox 248 2387 486 2418; x_wconf 86' lang='lat' dir='ltr'><strong>Romanorum</strong></span> <span class='ocrx_word' id='word_1_310' title='bbox 518 2385 667 2430; x_wconf 89' lang='lat' dir='ltr'><strong>imperio</strong></span> <span class='ocrx_word' id='word_1_311' title='bbox 690 2385 890 2430; x_wconf 86' lang='lat' dir='ltr'><strong>potiretur,</strong></span> <span class='ocrx_word' id='word_1_312' title='bbox 932 2384 1052 2417; x_wconf 86' lang='lat' dir='ltr'><strong>statim</strong></span> <span class='ocrx_word' id='word_1_313' title='bbox 1077 2384 1311 2429; x_wconf 84' lang='lat' dir='ltr'><strong>occupatione</strong></span> <span class='ocrx_word' id='word_1_314' title='bbox 1335 2383 1473 2416; x_wconf 88' lang='lat' dir='ltr'><strong>insulae</strong></span> <span class='ocrx_word' id='word_1_315' title='bbox 1499 2392 1561 2414; x_wconf 87' lang='lat' dir='ltr'><strong>co-</strong></span> 
     </span>
     <span class='ocr_line' id='line_1_38' title="bbox 115 2430 1561 2477; baseline -0.003 -11"><span class='ocrx_word' id='word_1_316' title='bbox 115 2433 230 2477; x_wconf 84' lang='lat' dir='ltr'><strong>gnita,</strong></span> <span class='ocrx_word' id='word_1_317' title='bbox 253 2431 405 2477; x_wconf 87' lang='lat' dir='ltr'><strong>Iosepho</strong></span> <span class='ocrx_word' id='word_1_318' title='bbox 438 2438 607 2465; x_wconf 87' lang='lat' dir='ltr'><strong>monente</strong></span> <span class='ocrx_word' id='word_1_319' title='bbox 632 2433 729 2466; x_wconf 88' lang='lat' dir='ltr'><strong>misit</strong></span> <span class='ocrx_word' id='word_1_320' title='bbox 762 2433 956 2476; x_wconf 88' lang='lat' dir='ltr'><strong>imperator</strong></span> <span class='ocrx_word' id='word_1_321' title='bbox 995 2431 1057 2476; x_wconf 88' lang='lat' dir='ltr'><strong>qui</strong></span> <span class='ocrx_word' id='word_1_322' title='bbox 1078 2430 1323 2477; x_wconf 86' lang='lat' dir='ltr'><strong>Nicephorum</strong></span> <span class='ocrx_word' id='word_1_323' title='bbox 1347 2430 1434 2463; x_wconf 88' lang='lat' dir='ltr'><strong>inde</strong></span> <span class='ocrx_word' id='word_1_324' title='bbox 1459 2440 1561 2462; x_wconf 80' lang='lat' dir='ltr'><strong>revo-</strong></span> 
     </span>
     <span class='ocr_line' id='line_1_39' title="bbox 115 2478 1561 2523; baseline -0.003 -11"><span class='ocrx_word' id='word_1_325' title='bbox 115 2485 248 2513; x_wconf 86' lang='lat' dir='ltr'><strong>carent.</strong></span> <span class='ocrx_word' id='word_1_326' title='bbox 274 2485 359 2513; x_wconf 86' lang='lat' dir='ltr'><strong>tunc</strong></span> <span class='ocrx_word' id='word_1_327' title='bbox 399 2485 436 2512; x_wconf 91' lang='lat' dir='ltr'><strong>et</strong></span> <span class='ocrx_word' id='word_1_328' title='bbox 461 2480 533 2511; x_wconf 90' lang='lat' dir='ltr'><strong>Leo</strong></span> <span class='ocrx_word' id='word_1_329' title='bbox 558 2479 711 2521; x_wconf 72' lang='lat' dir='ltr'><strong>Phocus,</strong></span> <span class='ocrx_word' id='word_1_330' title='bbox 749 2479 946 2523; x_wconf 84' lang='lat' dir='ltr'><strong>Nicephori</strong></span> <span class='ocrx_word' id='word_1_331' title='bbox 968 2478 1099 2519; x_wconf 81' lang='lat' dir='ltr'><strong>frater,</strong></span> <span class='ocrx_word' id='word_1_332' title='bbox 1124 2478 1170 2511; x_wconf 87' lang='lat' dir='ltr'><strong>ab</strong></span> <span class='ocrx_word' id='word_1_333' title='bbox 1196 2478 1415 2523; x_wconf 84' lang='lat' dir='ltr'><strong>imperatore</strong></span> <span class='ocrx_word' id='word_1_334' title='bbox 1438 2486 1561 2509; x_wconf 84' lang='lat' dir='ltr'><strong>versus</strong></span> 
     </span>
     <span class='ocr_line' id='line_1_40' title="bbox 117 2524 1564 2571; baseline -0.001 -14"><span class='ocrx_word' id='word_1_335' title='bbox 117 2526 293 2560; x_wconf 85' lang='lat' dir='ltr'><strong>orientem</strong></span> <span class='ocrx_word' id='word_1_336' title='bbox 319 2526 505 2571; x_wconf 81' lang='lat' dir='ltr'><strong>ablegatus</strong></span> <span class='ocrx_word' id='word_1_337' title='bbox 519 2530 583 2559; x_wconf 83' lang='lat' dir='ltr'><strong>est.</strong></span> <span class='ocrx_word' id='word_1_338' title='bbox 610 2527 639 2559; x_wconf 89' lang='lat' dir='ltr'><strong>is</strong></span> <span class='ocrx_word' id='word_1_339' title='bbox 662 2532 762 2561; x_wconf 82' lang='lat' dir='ltr'><strong>tanto</strong></span> <span class='ocrx_word' id='word_1_340' title='bbox 786 2537 865 2558; x_wconf 88' lang='lat' dir='ltr'><strong>cum</strong></span> <span class='ocrx_word' id='word_1_341' title='bbox 882 2526 1017 2571; x_wconf 85' lang='lat' dir='ltr'><strong>impetu</strong></span> <span class='ocrx_word' id='word_1_342' title='bbox 1031 2525 1223 2558; x_wconf 83' lang='lat' dir='ltr'><strong>Saracenos</strong></span> <span class='ocrx_word' id='word_1_343' title='bbox 1239 2524 1372 2558; x_wconf 77' lang='lat' dir='ltr'><strong>invasit</strong></span> <span class='ocrx_word' id='word_1_344' title='bbox 1396 2533 1438 2556; x_wconf 85' lang='lat' dir='ltr'><strong>ac</strong></span> <span class='ocrx_word' id='word_1_345' title='bbox 1453 2533 1564 2557; x_wconf 81' lang='lat' dir='ltr'><strong>vexa-</strong></span> 
     </span>
     <span class='ocr_line' id='line_1_41' title="bbox 115 2569 1564 2619; baseline -0.003 -14"><span class='ocrx_word' id='word_1_346' title='bbox 115 2573 190 2614; x_wconf 78' lang='lat' dir='ltr'><strong>vit,</strong></span> <span class='ocrx_word' id='word_1_347' title='bbox 215 2578 360 2619; x_wconf 85' lang='lat' dir='ltr'><strong>tamque</strong></span> <span class='ocrx_word' id='word_1_348' title='bbox 387 2573 568 2619; x_wconf 82' lang='lat' dir='ltr'><strong>praeclara</strong></span> <span class='ocrx_word' id='word_1_349' title='bbox 595 2573 634 2606; x_wconf 89' lang='lat' dir='ltr'><strong>in</strong></span> <span class='ocrx_word' id='word_1_350' title='bbox 658 2574 754 2619; x_wconf 82' lang='lat' dir='ltr'><strong>ipsos</strong></span> <span class='ocrx_word' id='word_1_351' title='bbox 789 2572 950 2606; x_wconf 80' lang='lat' dir='ltr'><strong>facinora</strong></span> <span class='ocrx_word' id='word_1_352' title='bbox 973 2571 1107 2613; x_wconf 81' lang='lat' dir='ltr'><strong>edidit,</strong></span> <span class='ocrx_word' id='word_1_353' title='bbox 1134 2577 1176 2606; x_wconf 90' lang='lat' dir='ltr'><strong>ut</strong></span> <span class='ocrx_word' id='word_1_354' title='bbox 1203 2583 1249 2605; x_wconf 86' lang='lat' dir='ltr'><strong>ne</strong></span> <span class='ocrx_word' id='word_1_355' title='bbox 1274 2570 1393 2604; x_wconf 79' lang='lat' dir='ltr'><strong>verbis</strong></span> <span class='ocrx_word' id='word_1_356' title='bbox 1417 2569 1564 2616; x_wconf 82' lang='lat' dir='ltr'><strong>quidem</strong></span> 
     </span>
     <span class='ocr_line' id='line_1_42' title="bbox 118 2618 1564 2666; baseline -0.003 -14"><span class='ocrx_word' id='word_1_357' title='bbox 118 2631 161 2652; x_wconf 84' lang='lat' dir='ltr'><strong>ea</strong></span> <span class='ocrx_word' id='word_1_358' title='bbox 188 2620 272 2653; x_wconf 83' lang='lat' dir='ltr'><strong>satis</strong></span> <span class='ocrx_word' id='word_1_359' title='bbox 294 2622 424 2666; x_wconf 76' lang='lat' dir='ltr'><strong>exponi</strong></span> <span class='ocrx_word' id='word_1_360' title='bbox 444 2620 602 2665; x_wconf 87' lang='lat' dir='ltr'><strong>possint:</strong></span> <span class='ocrx_word' id='word_1_361' title='bbox 628 2631 711 2653; x_wconf 77' lang='lat' dir='ltr'><strong>nam</strong></span> <span class='ocrx_word' id='word_1_362' title='bbox 730 2620 905 2653; x_wconf 85' lang='lat' dir='ltr'><strong>orientem</strong></span> <span class='ocrx_word' id='word_1_363' title='bbox 922 2630 1035 2665; x_wconf 85' lang='lat' dir='ltr'><strong>prope</strong></span> <span class='ocrx_word' id='word_1_364' title='bbox 1060 2620 1263 2653; x_wconf 81' lang='lat' dir='ltr'><strong>universum</strong></span> <span class='ocrx_word' id='word_1_365' title='bbox 1282 2618 1320 2652; x_wconf 92' lang='lat' dir='ltr'><strong>in</strong></span> <span class='ocrx_word' id='word_1_366' title='bbox 1348 2621 1564 2664; x_wconf 81' lang='lat' dir='ltr'><strong>potestatem</strong></span> 
     </span>
     <span class='ocr_line' id='line_1_43' title="bbox 118 2662 1564 2713; baseline -0.002 -13"><span class='ocrx_word' id='word_1_367' title='bbox 118 2666 266 2710; x_wconf 83' lang='lat' dir='ltr'><strong>redegit.</strong></span> <span class='ocrx_word' id='word_1_368' title='bbox 289 2674 507 2713; x_wconf 82' lang='lat' dir='ltr'><strong>quapropter</strong></span> <span class='ocrx_word' id='word_1_369' title='bbox 523 2668 715 2713; x_wconf 81' lang='lat' dir='ltr'><strong>imperator</strong></span> <span class='ocrx_word' id='word_1_370' title='bbox 734 2667 915 2702; x_wconf 85' lang='lat' dir='ltr'><strong>hominem</strong></span> <span class='ocrx_word' id='word_1_371' title='bbox 933 2666 1104 2713; x_wconf 79' lang='lat' dir='ltr'><strong>deinceps</strong></span> <span class='ocrx_word' id='word_1_372' title='bbox 1129 2665 1342 2701; x_wconf 82' lang='lat' dir='ltr'><strong>redeuntem</strong></span> <span class='ocrx_word' id='word_1_373' title='bbox 1369 2662 1564 2711; x_wconf 73' lang='lat' dir='ltr'><strong>splendido</strong></span> 
     </span>
     <span class='ocr_line' id='line_1_44' title="bbox 119 2714 577 2760; baseline 0.002 -14"><span class='ocrx_word' id='word_1_374' title='bbox 119 2725 197 2748; x_wconf 80' lang='lat' dir='ltr'><strong>cum</strong></span> <span class='ocrx_word' id='word_1_375' title='bbox 224 2714 402 2760; x_wconf 85' lang='lat' dir='ltr'><strong>triumpho</strong></span> <span class='ocrx_word' id='word_1_376' title='bbox 429 2715 577 2760; x_wconf 76' lang='lat' dir='ltr'><strong>excepit.</strong></span> 
     </span>
    </p>
   </div>
  </div>
 </body>
</html>
