1826 3120
615 129 899 169 ANNALIUM
941 128 1078 171 PARS
1117 131 1171 170 11.
1492 112 1602 168 265

155 230 228 271 καὶ
261 229 403 278 κτίσας
445 230 509 270 ἐπ’
551 230 668 288 αύτῷ
700 230 801 274 ναὸν
848 236 1152 288 πυρσολατρεῖν
1192 233 1394 283 ἐδίδαξεν.
1453 234 1645 276 ου’κοῦνΒ

154 295 301 350 πρώτη
328 296 407 347 μὲν
429 297 621 348 βασιλεία
649 295 676 353 ἦ
702 299 784 340 τῶν
807 294 1044 355 Ἀσσυρίων
1074 294 1167 354 ἤτοι
1184 298 1483 354 Βαβυλωνίων,
1514 302 1608 342 δευ-

154 362 256 414 τέρα
284 358 382 415 δὲῆ
419 364 504 404 ταῖν
529 365 713 420 Περσῶν
751 362 984 419 ὅμωνύμως
1023 367 1097 407 καί
1139 362 1281 408 αὐτῶν
1321 368 1609 421 Βαβυλωνίων

155 428 405 482 κληθέντων.

116 496 142 538 5
263 494 306 535 Γ
302 495 450 537 ίνωσκε
484 497 531 538 δὲ
564 492 629 539 ὅτι
658 498 731 540 ἐπὶ
757 499 832 552 τῆς
860 499 939 539 τοῦ
958 497 1152 547 Φοίνικος
1176 498 1395 553 βασιλείας
1423 493 1611 554 ἤκμαζεν

147 561 363 616 Ἡρακλῆς
391 560 413 602 ὅ
447 560 601 616 Τύριος
628 562 703 605 καί
727 565 986 620 φιλόσοφος,
1031 564 1055 605 ὅ
1083 566 1156 619 τῆς
1185 565 1392 621 κογχύλης
1421 563 1608 622 εὑρετής.

154 628 203 669 τὸ
228 626 308 682 γὰρ
338 626 453 684 ἔριον
483 627 531 670 τὸ
563 628 646 671 ἀπὸ
680 631 756 671 τοῦ
785 632 1031 683 ποιμενικοῦ
1058 630 1184 680 κυνὸς
1213 632 1468 686 α’πομαχθὲν
1496 630 1610 685 ἰδών,

153 696 228 736 κατ’
254 691 407 749 νοήσας
433 692 583 744 ὦςοῦκ
602 693 714 738 ἔστιν
740 692 848 750 αἷμα
873 695 980 739 ἀλλὰ
1008 696 1230 752 βάμματος
1261 698 1463 748 ὑπόθεσις
1496 697 1613 756 (ἔτυ-

152 775 206 815 χε
235 759 316 816 γὰρ
348 759 371 802 ὅ
401 760 514 805 κύων
543 757 664 812 οὗτος
691 767 794 820 παρ’
825 765 1003 823 αἰγιαλῷ
1030 763 1234 820 κογχύλην
1263 762 1398 820 εὑρών
1426 767 1499 807 καί
1526 782 1612 821 φα-

96 825 259 885 ιογών)
277 859 290 882 ,
318 829 524 883 προσῆξεν
549 828 607 878 ὥς
637 831 774 885 δῶρον
803 833 861 888 τῷ
890 834 1070 885 βασιλεῖ.
1125 834 1290 887 πρῶτος
1319 826 1394 874 οὖν
1422 831 1443 873 ὅ
1465 834 1613 884 Φοῖνιξ

154 892 230 950 τὴν
266 893 500 949 ἁλουργίδα
540 892 744 953 ἐφόρεσε,
771 897 970 948 κελεύσας
1005 899 1165 954 μηδένα
1193 900 1335 952 ἕτερον
1362 897 1436 954 τὴν
1465 896 1652 945 totae—c

153 975 232 1015 την
252 958 407 1016 χροιὰν
435 967 604 1018 φορεῖν,
634 963 707 1005 καὶ
734 961 863 1014 οὕτως
891 966 936 1006 ἐκ
955 966 1029 1020 τῆς
1057 964 1306 1021 ἁλουργίδος
1333 962 1407 1007 τὸν
1433 965 1612 1019 βασιλέα

153 1027 463 1080 γνωρίζεσθαι·
534 1027 615 1083 πρὸ
647 1031 693 1072 δὲ
733 1029 882 1073 τούτου
907 1029 1043 1081 κοινὸς
1078 1030 1101 1073 ὅ
1131 1029 1334 1086 βασιλευς
1358 1029 1508 1073 ἐδόκει.
1565 1031 1612 1073 ἐν

155 1093 203 1135 δὲ
237 1089 361 1151 Τύρῳ
391 1089 502 1149 αὕτη
535 1094 703 1152 εὑρέθη.

95 1165 143 1207 ι5
255 1156 349 1204 ‘'Ors
378 1159 400 1201 ὅ
422 1164 605 1215 Κροῖσος
629 1163 823 1219 χρησμὸν
851 1163 1086 1218 λαβώντόν
1105 1162 1237 1209 ’Ἀλυν
1259 1166 1521 1222 διεπέρασεν,
1552 1166 1612 1214 εἷς
1626 1177 1665 1210 V.
1687 1188 1749 1224 ¹09

155 1223 298 1282 φυγήν
339 1225 362 1268 ὃ
399 1230 546 1282 Κῦρος
582 1226 797 1286 ὥρμησεν,
838 1231 863 1285 ἢ
904 1233 951 1274 δὲ
982 1231 1084 1288 γυνη
1127 1233 1263 1274 αὐτοῦ
1307 1232 1615 1287 συνεκράτησεν

155 1291 292 1335 αὐτὸν
329 1296 509 1347 λέγουσα
552 1294 627 1338 τὸν
655 1295 926 1351 αἰχμάλωτον
953 1297 1117 1353 Δανιὴλ
1147 1298 1317 1354 ἀγαγεῖν
1344 1299 1419 1340 καί
1447 1300 1503 1339 δι’
1535 1298 1614 1339 αυ’-

153 1361 229 1401 τοῦ
268 1362 424 1412 μαθεῖν
461 1359 506 1403 τὸ
549 1364 646 1404 πᾶν.
727 1362 750 1403 ὃ
782 1363 831 1419 δη
865 1365 938 1407 καί
981 1367 1156 1419 γέγονεν.
1214 1366 1288 1407 καί
1315 1362 1423 1406 οὕτω
1453 1362 1615 1418 θάρσος

155 1427 312 1475 ἐκεῖνος
339 1425 481 1480 ἔλαβε.
538 1429 931 1482 μετακαλεσάμενος
978 1433 1025 1473 δὲ
1051 1430 1123 1473 τὸν
1147 1429 1310 1486 Δανιὴλ
1339 1429 1445 1485 μετὰ
1477 1428 1613 1486 πάσης

92 1509 144 1536 ao
158 1492 439 1548 δορυφορίας,
470 1491 583 1537 εἶπεν
615 1498 730 1553 αὐτῷ
766 1494 897 1550 „wide
929 1498 1040 1552 λέγει
1067 1497 1211 1553 κύριος
1236 1500 1336 1552 περὶ
1360 1499 1417 1556 τῷ
1440 1499 1613 1554 χρηστῷ

157 1560 293 1617 Κύρῳ
312 1576 324 1587 ·
395 1562 470 1602 καί
495 1560 569 1603 τὸν
597 1565 783 1617 Κροῖσον
811 1561 1033 1618 νικήσεις,”
1099 1562 1125 1605 ὃ
1153 1563 1228 1606 καί
1256 1566 1419 1619 γέγονε·
1476 1562 1658 1618 καμή-ι)

158 1630 256 1675 λους
281 1625 360 1681 γάρ
393 1624 634 1683 ἔμπροσθεν
674 1630 747 1684 τῆς
779 1628 1054 1686 παρατάξεως
1085 1633 1402 1687 προτείναντος,
1432 1631 1506 1674 καί
1529 1633 1613 1673 τῶν

257 1765 309 1799 ¹9.
335 1756 514 1802 μετακαλ.
542 1777 589 1783 —-
616 1751 709 1806 γαρ]
740 1757 834 1796 ὅθεν
857 1761 922 1794 καὶ
950 1761 1142 1805 καμήλους
1169 1761 1206 1794 F.

158 1864 260 1899 coelo
300 1864 502 1908 laberetur,
538 1867 676 1912 templo
708 1867 855 1902 condito
894 1876 1018 1903 auctor
1052 1870 1124 1903 fuit
1146 1875 1189 1903 ut
1222 1869 1342 1914 ignem
1366 1870 1420 1903 sui
1446 1869 1614 1914 religiose

159 1911 333 1946 colerent.
363 1914 518 1957 primum
558 1926 640 1960 ergo
680 1926 828 1960 regnum
853 1916 923 1950 fuit
953 1928 1064 1962 penes
1090 1917 1253 1960 Assyrios
1278 1917 1352 1951 sive
1375 1916 1612 1960 Babylonios,

159 1959 313 1993 alterum
348 1971 462 2005 penes
485 1961 631 2003 Persas,
658 1963 722 2007 qni
752 1964 930 1996 communi
955 1965 1201 2009 appellatione
1227 1964 1299 2010 ipsi
1322 1974 1469 2009 quoque
1496 1964 1614 2009 Baby-

159 2006 343 2042 loniorum
364 2018 498 2042 nomen
524 2009 718 2043 habebant.

252 2053 351 2087 Scire
384 2061 506 2089 autem
532 2056 642 2091 debes
683 2063 854 2102 regnante
882 2057 1059 2091 Phoenice
1083 2058 1192 2091 fuisse
1218 2058 1400 2104 quendam
1423 2059 1614 2092 Herculem

157 2101 308 2146 Tyrium
330 2100 605 2148 philosophum,
645 2105 708 2150 qui
735 2116 930 2150 purpuram
964 2106 1114 2141 invenit.
1139 2117 1219 2139 cum
1243 2107 1338 2139 enim
1364 2107 1462 2140 canis
1487 2106 1616 2139 oviarii

158 2149 254 2195 pilos
279 2148 350 2182 hoc
373 2150 494 2185 colore
519 2163 700 2197 respersos
724 2152 881 2193 videret,
907 2165 948 2186 ac
975 2154 1082 2186 simul
1098 2153 1398 2187 animadverteret
1420 2165 1496 2187 non
1518 2153 1617 2186 hunc

160 2196 372 2242 sanguinem
409 2209 486 2232 esse
513 2199 576 2232 sed
602 2200 733 2233 coloris
766 2200 812 2233 ad
842 2200 1051 2244 tingendum
1085 2201 1160 2246 apti
1183 2202 1368 2234 materiam
1395 2203 1493 2247 (nam
1516 2202 1616 2236 canis

159 2243 224 2276 ille
249 2243 344 2278 forte
370 2245 517 2279 fortuna
544 2258 724 2292 purpurae
753 2247 925 2281 concham
952 2253 1126 2293 repertam
1153 2248 1191 2281 in
1220 2249 1327 2282 litore
1357 2249 1617 2293 devoraverat),

159 2291 320 2335 muneris
348 2293 535 2327 cuiusdam
558 2295 670 2328 instar
695 2306 771 2328 eam
797 2296 869 2339 regi
898 2295 1041 2337 obtulit,
1069 2296 1133 2341 qui
1158 2307 1244 2329 sane
1270 2296 1408 2341 primus
1431 2307 1497 2342 per
1523 2296 1618 2329 hanc

161 2338 387 2373 occasionem
410 2352 605 2386 purpuram
631 2343 799 2387 gestavit,
824 2343 1009 2388 publicato
1035 2342 1151 2376 edicto
1176 2354 1222 2376 ne
1247 2344 1327 2389 quis
1347 2344 1438 2377 alius
1463 2343 1532 2378 hoc
1555 2354 1617 2376 co-

161 2384 239 2419 lore
265 2384 421 2421 vestium
446 2394 634 2431 uteretur3
658 2400 731 2435 quo
763 2389 807 2422 de
835 2402 993 2435 purpura
1020 2391 1159 2424 scilicet
1174 2402 1236 2424 rex
1261 2398 1525 2435 agnosceretur,
1551 2391 1614 2436 qui

161 2437 248 2466 ante
273 2433 312 2466 id
338 2437 509 2480 temporis
534 2437 668 2470 vestitu
694 2449 775 2470 cum
797 2438 947 2471 caeteris
972 2439 1150 2471 communi
1178 2438 1360 2472 utebatur.
1387 2444 1498 2484 atque
1522 2437 1614 2471 haec

161 2478 250 2523 Tyri
275 2486 330 2515 est
355 2482 515 2517 inventa.

259 2526 448 2563 Caeterum
474 2537 558 2576 post
579 2531 645 2564 illa
670 2537 830 2576 tempora
855 2543 935 2564 cum
952 2530 1101 2565 Croesus
1126 2531 1271 2565 oraculo
1297 2536 1444 2576 accepto
1473 2543 1615 2564 amnem

163 2572 292 2618 Halym
316 2578 560 2619 transiiceret,
591 2579 702 2622 Cyrus
727 2580 764 2612 in
790 2579 908 2622 fugam
932 2590 970 2612 se
996 2579 1215 2624 proripuisse
1240 2579 1464 2624 perhibetur.
1491 2590 1615 2611 verum

166 2633 256 2655 uxor
280 2633 360 2657 eum
387 2624 432 2657 ab
456 2624 526 2659 hoc
563 2626 731 2660 instituto
758 2627 927 2666 retraxit,
961 2637 1040 2659 eum
1064 2627 1259 2660 Danielum
1287 2625 1491 2659 carceribus
1515 2637 1615 2658 man-

165 2669 324 2714 cipatum
350 2671 478 2705 adduci
504 2672 624 2718 deque
658 2684 694 2706 re
720 2679 795 2706 tota
817 2674 955 2706 consuli
995 2673 1147 2707 iuberet.
1175 2674 1215 2707 id
1240 2685 1318 2706 cum
1344 2674 1478 2706 factum
1503 2680 1614 2713 esset,

166 2723 344 2762 resumpto
371 2717 479 2763 Cyru·
522 2721 641 2754 animo
671 2721 826 2754 camelos
863 2721 901 2754 in
931 2721 1005 2754 acie
1040 2721 1152 2766 prima
1179 2721 1381 2756 collocavit.
1414 2718 1484 2755 hoo
1508 2720 1615 2754 modo
