1826 3120
589 140 875 182 summum
912 137 1049 182 PARS
1090 141 1160 182 iv.
1455 118 1569 187 485

118 235 240 292 21}ss
266 238 374 281 ἀλλὰ
401 240 476 281 καί
501 241 737 282 τελευτῶσα
752 239 889 295 ἔλεγεν
911 242 1042 296 μηδὲν
1072 243 1131 298 τῷ
1146 236 1349 297 Παυλίνῳ
1375 239 1574 290 συνιδεῖν,

118 305 160 344 εἰ
203 305 274 347 καί
312 306 542 361 φιλοτίμως
569 303 656 360 εἶχε
693 306 800 363 πρὸς
832 303 958 348 αὖτὸν
997 307 1048 347 οὔ
1076 307 1238 361 μικρῶς
1267 302 1339 348 ἅτε
1369 303 1576 362 συνεργη-

118 385 280 424 σαντα,
323 371 443 426 ἡνίκα
482 373 735 427 Πουλχερία
763 373 824 431 τῷ
860 373 1071 431 Θεοδοσιίρ
1108 374 1254 415 δοῦναι
1283 370 1443 427 ταύτην
1469 371 1575 428 πρὸς

119 436 270 488 λέχους
300 437 516 480 κοινωνίαν
547 436 807 493 ἐφρόντιζεν.

81 501 106 543 5
219 499 347 557 τΌτι-ην
376 506 421 546 δὲ
460 503 482 545 ὅ
524 503 748 553 Θεοδόσιος
786 500 907 554 οὗτος
946 507 1234 560 κεκρυμμένην
1273 505 1424 560 οἷρετὴν
1460 503 1618 546 ἐκέκ-Ι)

117 584 241 623 τητο,
274 571 398 624 δῆλον
425 573 633 613 ἐντεῦθεν.
691 573 878 625 μοναχός
903 588 966 621 τις
994 570 1065 626 ἔτη
1092 571 1134 625 μ’
1167 571 1398 620 δουλεύσας
1424 568 1479 621 ὦς
1512 574 1580 612 δεῖ

115 635 173 692 τῷ
213 638 300 693 θεῷ’
328 635 515 690 ὕπέλαβέ
541 653 584 678 τι
621 639 730 692 μέγα
766 637 865 692 περὶ
902 634 1079 692 ἑαυτοῦ,
1111 637 1183 679 καί
1209 640 1325 693 ζητεῖ
1349 641 1503 690 μαθεῖν
1532 638 1577 679 ἐν

114 702 214 759 ποίᾳ
243 700 356 754 τάξει
386 705 578 758 κέκτηται
611 704 743 746 αὐτὸν
772 703 793 744 ὃ
822 703 936 756 θεός,
965 707 1037 745 καί
1064 705 1271 758 μανθάνει
1299 701 1440 757 ὅμοιος
1469 700 1576 746 εἶναι

119 767 333 826 Θεοδοσι’ῳ
362 771 420 826 τῷ
446 773 629 823 βασιλεῖ’.
689 767 862 824 ἀπαίρει
891 770 1036 813 λοιπὸν
1076 770 1182 826 πρὸς
1210 771 1340 813 αὐτόν
1359 804 1369 822 ,
1401 771 1474 812 καί
1502 772 1573 825 ζη-

53 839 187 875 tote?
204 837 359 887 μαθεῖν
399 835 476 891 την
519 835 674 892 ἄρετην
713 837 860 879 αὐτοῦ.
926 837 1061 887 uate
1103 836 1306 891 βασιλεύς
1333 837 1470 878 πολλοί
1496 840 1576 890 μὲν

116 895 232 957 αὐτῷ
261 901 533 954 ἀπεκάλυψεν
575 904 699 958 ἕτερα
718 935 730 957 ,
771 899 860 945 οἷον
889 903 1178 959 ξηροκοιτιάν,
1213 905 1464 956 ἐνδυμενιάν
1487 906 1575 957 τρί-

111 982 250 1020 χινον,
282 964 447 1023 ἆποχην
474 968 694 1023 γυναικός,
726 969 947 1024 νηστείαν,
983 968 1290 1025 ἐλεημοσύνην,
1323 972 1573 1023 &watempa-

110 1031 231 1086 ye'mr,
262 1035 335 1075 καί
362 1030 442 1075 ὅσα
466 1037 657 1078 τοιαῦτα.
714 1035 736 1076 ὅ
768 1037 815 1077 δὲ
853 1034 1041 1090 μοναχὸς
1071 1034 1410 1090 οἷπαρεσκόμενος
1441 1038 1572 1090 δῆθεν

111 1105 197 1149 τοῖς
224 1100 591 1156 ἀπαριθμηθεῖσιν
610 1134 622 1155 ,
654 1101 843 1156 ἐβιάζετο
871 1101 945 1145 τὸν
978 1105 1157 1156 βασιλέα
1193 1104 1322 1145 εἰπεῖν
1356 1104 1428 1143 καί
1453 1101 1565 1158 εἴπερ
1582 1112 1617 1146 Ρ.
1632 1114 1700 1147 262

54 1169 157 1211 15η-
182 1168 322 1223 ἕτερον
359 1170 505 1221 μεῖζον
540 1170 623 1209 τῶν
663 1169 892 1223 εἰρημένων
932 1172 1135 1223 κέκτηται.
1192 1172 1262 1210 καί
1288 1167 1330 1216 ὃς
1360 1167 1496 1221 ἔλεγεν
1525 1170 1569 1211 ἐν

111 1233 247 1290 ἡμέρᾳ
284 1231 457 1275 ἱππικοῦ
502 1233 688 1289 θεάτρου
728 1237 949 1289 καθῆσθαι
977 1237 1055 1287 μὲν
1093 1237 1136 1276 ἐν
1166 1238 1223 1293 τῷ
1249 1234 1426 1289 συνήθει
1455 1234 1568 1293 τόπῳ

111 1300 268 1353 αὐτοῦ,
304 1298 365 1356 μη
406 1301 654 1351 ἐνατενίζειν
683 1303 729 1342 δὲ
755 1304 816 1357 τῷ
841 1301 1033 1358 θεάτρῳ,
1061 1295 1362 1357 καλλιγραφεῖν
1393 1303 1438 1343 δὲ
1465 1300 1569 1355 πρὸς

109 1366 300 1421 τούτοις,
331 1368 404 1408 καί
431 1364 543 1408 οὕτω
570 1364 643 1421 τὴν
674 1365 782 1422 ζωὴν
802 1367 936 1408 αὐτοῦ
960 1374 1051 1416 ταῖς
1077 1368 1206 1416 ἰδίαις
1232 1367 1356 1422 χερσὶ
1384 1384 1569 1422 συγκρα-

108 1436 212 1475 ret».
251 1427 432 1475 τούτων
460 1430 645 1483 α’κοὺσας
674 1433 695 1475 ὅ
727 1432 911 1488 μοναχὸς
940 1431 1150 1490 τοσαύτην
1178 1435 1346 1486 ἐδέξατο
1378 1433 1570 1490 ἔκπληξιν

110 1591 256 1640 (Latine
283 1590 542 1637 benignitatem
568 1591 716 1638 dixeris)
742 1597 863 1635 „tuam
890 1592 1014 1635 Sinni,
1041 1598 1078 1626 et
1099 1593 1190 1626 muri
1217 1591 1486 1635 Hierosolymae
1511 1593 1568 1626 in·-

109 1639 365 1674 staurentur.'’.
389 1651 470 1678 cum
504 1646 722 1681 moreretur,
758 1640 852 1673 nihil
879 1652 915 1673 se
940 1640 1009 1674 sibi
1035 1640 1080 1673 de
1112 1640 1259 1674 Paulino
1284 1641 1461 1673 consciam
1490 1652 1569 1674 esse

111 1687 223 1726 dixit,
250 1686 320 1719 nisi
358 1686 456 1731 quod
482 1686 664 1720 hominem
696 1688 944 1732 magnifecerit
983 1694 1019 1721 et
1053 1689 1090 1720 in
1127 1688 1244 1732 pretio
1273 1687 1442 1720 habuerit
1482 1699 1567 1732 pro-

108 1741 235 1780 pterea
273 1733 369 1778 quod
405 1745 479 1766 non
514 1746 640 1779 parum
678 1734 716 1766 id
750 1736 919 1779 temporis
961 1735 1159 1768 adiumenti
1195 1735 1398 1776 attulisset,
1423 1746 1504 1767 cum
1528 1746 1565 1768 se

110 1781 299 1816 Pulc-heria
321 1780 531 1814 Theodosio
561 1781 660 1814 fratri
687 1781 770 1814 dare
797 1783 867 1815 tori
894 1787 1097 1814 consortem
1122 1782 1322 1815 moliretur.

203 1829 370 1862 Ceterum
399 1829 438 1861 in
461 1828 531 1861 hoc
558 1828 768 1861 Theodosio
797 1835 969 1874 quantum
999 1829 1146 1862 latentis
1174 1834 1211 1861 et
1234 1829 1395 1861 occultae
1423 1828 1567 1861 virtutis

110 1876 308 1916 exstiterit,
337 1875 397 1908 vel
422 1875 506 1911 hinc
532 1875 653 1920 colligi
680 1881 813 1921 potest.
841 1882 918 1909 erat
951 1875 1098 1921 quidam
1121 1875 1303 1908 solitariae
1331 1876 1424 1908 vitae
1449 1881 1566 1908 secta—

109 1929 187 1965 tor,
214 1924 382 1970 quicum
409 1923 479 1955 deo
506 1922 552 1965 40
577 1928 675 1956 totos
701 1934 811 1956 annos
838 1923 888 1957 ita
913 1924 1096 1956 serviisset
1120 1928 1161 1955 ut
1186 1922 1307 1963 decet,
1332 1934 1494 1967 magnam
1519 1922 1565 1955 de

109 1983 147 2005 se
173 1970 354 2017 quandam
379 1970 589 2015 opinionem
617 1975 841 2014 conceperat.
872 1971 996 2016 itaque
1035 1981 1248 2014 cognoscere
1274 1969 1443 2015 cupiebat
1472 1981 1564 2014 quo-

108 2030 191 2051 nam
218 2030 257 2051 se
280 2018 359 2050 loco
386 2017 473 2051 deus
512 2017 672 2050 haberet.
700 2018 924 2061 significatur
947 2019 979 2050 ei
1004 2017 1178 2050 divinitus
1205 2018 1414 2061 imperatori
1442 2017 1566 2050 Theo-

110 2066 212 2099 dosio
227 2076 350 2110 parem
376 2076 465 2099 esse.
492 2070 712 2110 quapropter
731 2064 777 2097 ad
796 2065 1048 2109 imperatorem
1066 2076 1102 2097 se
1129 2064 1279 2105 confert,
1304 2065 1403 2098 illius
1430 2070 1565 2110 quanta

106 2114 217 2146 virtus
244 2113 339 2146 foret
367 2112 554 2157 explorare
580 2113 718 2146 nititur.
747 2112 781 2144 ei
806 2112 983 2156 permulta
1008 2112 1180 2156 patefacit
1206 2113 1423 2156 imperator,
1463 2111 1565 2145 verbi

109 2161 219 2205 gratia
234 2159 332 2205 quod
346 2159 454 2192 aridis
467 2165 608 2192 tantum
625 2159 712 2192 cibis
728 2158 924 2203 degustatis
945 2158 1094 2192 cubaret
1108 2160 1150 2203 *)‚
1171 2159 1269 2204 quod
1296 2170 1420 2203 aspera
1444 2165 1566 2192 utere-

107 2214 168 2242 tur
186 2207 360 2247 interula,
400 2207 501 2251 quod
528 2206 726 2239 abstineret
759 2206 803 2238 ab
829 2206 950 2239 uxoris
977 2205 1223 2251 amplexibus,
1250 2207 1349 2251 quod
1372 2207 1564 2246 ieiunaret,

110 2254 208 2300 quod
233 2254 497 2298 benignitatem
524 2259 707 2287 exerceret
732 2253 769 2285 in
794 2264 991 2298 pauperes,
1021 2252 1118 2298 quod
1141 2253 1302 2287 iustitiae
1327 2255 1501 2286 rationem
1526 2255 1565 2286 in

110 2301 314 2336 actionibus
347 2301 419 2334 suis
454 2301 629 2341 haberet,
662 2301 806 2345 aliaque
841 2301 939 2333 talia.
984 2312 1064 2333 cum
1097 2300 1184 2334 haec
1207 2306 1413 2334 enumerata
1440 2312 1565 2346 parum

110 2349 285 2382 monacho
310 2348 569 2389 satisfacerent,
595 2349 847 2393 imperatorem
876 2347 982 2380 fateri
1008 2348 1134 2392 coegit,
1157 2360 1240 2381 num
1256 2348 1342 2393 quid
1371 2348 1426 2381 his
1452 2348 1564 2380 maius

112 2395 158 2429 ab
182 2396 259 2441 ipso
284 2402 536 2441 praestaretur.
566 2401 642 2429 tum
668 2396 862 2439 imperator
889 2394 1064 2440 „quibus”
1091 2395 1142 2428 ait
1165 2395 1319 2436 „diebus
1346 2395 1564 2440 equestrium

44 2447 57 2463 ¹
113 2445 344 2476 certaminum
386 2443 591 2487 spectacula
637 2442 872 2482 exhibentur,
914 2441 1081 2488 equidem
1118 2448 1291 2476 consueto
1330 2443 1410 2475 loco
1437 2441 1567 2482 sedeo,

112 2502 235 2524 verum
261 2491 383 2523 oculos
410 2491 447 2522 in
474 2490 551 2534 ipsa
577 2490 780 2534 spectacula
807 2489 942 2521 defixos
968 2500 1041 2522 non
1066 2489 1216 2523 habeo.''
1241 2496 1426 2535 praeterea
1451 2490 1569 2522 fassus

114 2543 169 2571 est
196 2549 231 2570 se
251 2537 362 2571 libros
390 2537 574 2581 eleganter
605 2538 645 2569 ac
669 2536 802 2569 munde
822 2535 1036 2578 describere,
1063 2542 1170 2582 atque
1199 2537 1267 2570 hoc
1287 2542 1392 2582 pacto
1417 2536 1568 2569 suismet

116 2584 340 2619 laborantem
361 2584 527 2618 manibus
554 2584 662 2619 vitam
686 2585 873 2618 sustinere.
904 2583 1036 2630 quibus
1067 2583 1202 2618 auditis
1227 2590 1414 2629 tantopere
1439 2594 1566 2616 mona-

205 2686 239 2731 *)
262 2685 350 2731 quid
387 2688 419 2720 si
444 2686 488 2720 ad
511 2688 719 2767 χαμευνίαῖ
743 2687 863 2731 potius
904 2688 1119 2732 respexerit,
1147 2693 1209 2720 aut
1234 2686 1355 2720 duram
1380 2686 1418 2720 in.
1447 2697 1567 2722 assere

210 2739 326 2766 storea
349 2740 457 2768 matta
480 2741 541 2769 aut
568 2734 664 2769 nuda
705 2746 799 2768 mmo
830 2733 989 2769 cubandi
1013 2735 1215 2769 rationem?
1246 2735 1344 2768 Lanu.
