1826 3120
572 175 856 216 ANNALHJM
896 174 1032 217 PARS
1073 176 1106 216 1.
1492 177 1563 230 9⁹⁷

1541 213 1555 232 Ι

111 267 200 316 οἶδε
228 274 310 316 ποῦ
336 271 391 316 τὰ
425 269 531 315 ὅπλα
561 275 675 331 αὐτῷ
704 274 971 331 ἐκφυήσεται.
1029 274 1166 323 καλῶς
1197 267 1272 316 οὖν
1295 271 1323 315 ’ὅ
1346 273 1568 330 Ἱπποκρά-

109 355 183 396 της
213 337 328 395 ἔλεγε
358 337 539 396 ,,φύσεις
578 340 697 392 ζώων
725 341 984 383 ἅδι’δακτοι.”

226 406 283 449 Τὸ
316 408 362 449 δὲ
391 409 468 449 τοῦ
492 405 616 456 κυνὸς
639 404 969 462 μνημονευτικόν
987 408 1080 449 τίνα
1108 409 1192 450 τῶν
1213 405 1314 463 πρὸς
1329 405 1427 456 τούς
1446 403 1568 462 εύερ-

108 473 231 526 γέτας
272 471 516 528 ἀχαρίστων
554 473 605 515 οὕ
648 469 952 526 καταισχύνεις
995 468 1108 514 ’ὅπου
1135 489 1182 527 γε
1224 475 1298 515 καί
1323 476 1667 530 φονευθεῖσιρ,5,

73 538 337 587 5δεσπόταις
389 540 477 581 κατ’
516 541 697 594 ἐρημίαν
737 537 887 580 πολλοὶ
927 539 1011 580 τῶν
1049 542 1188 581 κυνῶν
1232 537 1570 590 ἑπαποθανόντες

107 606 450 660 μνημονεύονται.
516 599 598 660 ἤδη
627 606 674 647 δέ
702 619 812 655 τινες
852 606 924 647 ἑπί
950 607 1098 663 θερμῷ
1124 607 1182 664 τῷ
1209 605 1341 648 πάθει
1370 604 1442 648 καί
1469 603 1568 662 ὁδη-

107 673 178 726 γοί
223 677 311 720 τοῖς
347 673 562 727 έκζητοῧσι
600 668 700 720 τούς
747 672 900 727 φονέας
947 672 1132 726 ἐγένοντο
1149 704 1162 726 ,
1208 673 1280 714 καί
1317 669 1400 713 ύπὸ
1450 673 1570 728 δίκην

108 737 299 792 ἀχθῆναι
328 737 429 787 τούς
468 736 727 791 κακούργους
755 738 969 792 ἐποίησαν.
1046 735 1159 780 κύων
1189 735 1268 793 γάρ
1298 754 1361 787 τις
1389 739 1434 781 έν
1465 755 1569 780 παν-

109 804 260 862 δοχείῳ
304 803 375 847 τὸν
402 806 532 860 φονέα
562 800 665 846 ἰδών
703 805 781 846 τοῦ
805 805 953 859 κυρίου
986 803 1120 846 αὐτοῦ’
1137 838 1151 858 ,
1181 805 1410 847 κάντεῦθεν
1437 804 1569 860 ἄκρα-

48 875 180 914 ιοτεῖ
201 871 294 913 κατ’
319 871 453 912 αὐτοῦ’
473 868 744 925 χρησάμενος
772 869 925 927 ύλακῇ,
953 871 1031 912 οὐκ
1059 869 1224 926 ἀγαθὴν
1242 869 1434 924 ὑποψίαν
1462 869 1568 913 ἔδω-

106 951 154 977 κε
181 940 264 986 τοῖς
287 935 387 991 περὶ
413 935 573 990 αὐτοῦ,
604 938 673 994 ἐφ’
700 930 737 995 ᾧ
773 937 847 979 καί
875 938 935 987 εἰς
966 938 1104 994 κρίσιν
1132 935 1268 979 αὐτὸν
1296 938 1486 991 α’χθέντα
1511 935 1568 989 ὥς

106 1003 339 1057 κακοῦργον
371 1001 587 1044 ἐκόλασαν.

212 1068 329 1111 Ἀλλ’
378 1065 460 1123 ὅρα
497 1071 655 1126 σοφίαν
698 1071 805 1111 θεοῦ
814 1103 827 1124 ,
874 1069 964 1120 πῶς
1000 1068 1417 1127 τοῖςκσαρκοφάγοις
1445 1072 1567 1124 ζώοις

105 1130 216 1188 ὄξεῖς
242 1134 341 1186 τούς
371 1132 550 1185 ὀδόντας
579 1135 807 1191 ἐνήρμοσε·
865 1135 1066 1178 τοιούτων
1083 1135 1170 1192 γάρ.
1189 1140 1318 1194 χρεία
1341 1133 1393 1192 ἧν
1422 1137 1569 1187 αὐτοῖς

45 1204 92 1247 15
106 1200 284 1259 πρὸςτὸ
326 1205 402 1257 τῆς
428 1203 590 1258 τροφῆς
632 1199 754 1251 εἶδος.
815 1200 844 1243 οἳ
871 1204 921 1245 ’δὲ
947 1204 990 1254 ἐξ
1021 1202 1216 1258 ἡμισείας
1244 1201 1451 1246 ὥπλισται
1482 1209 1604 1254 τοΐςΒ

103 1268 279 1322 ὀδοῦσι,
306 1272 479 1317 πολλαῖς
506 1271 579 1310 καί
619 1267 830 1317 ποικίλαις
857 1269 1096 1324 α’ποθήκαις
1124 1271 1208 1311 ταῖν
1238 1271 1407 1326 τροφῶν
1434 1287 1567 1325 παρε-

104 1333 308 1378 σκεύασε·
369 1333 439 1375 διὰ
470 1332 552 1389 γάρ
581 1334 629 1375 τὸ
665 1332 780 1389 παρὰ
821 1332 899 1389 τήν
931 1334 1102 1390 πρώτην
1131 1334 1189 1390 μὴ
1223 1335 1464 1390 ἀρκούντως
1492 1353 1566 1377 κα-

103 1396 439 1442 ταλεπτύνεοθαι
468 1397 543 1454 τήν
571 1397 747 1455 τροφήν,
771 1393 926 1441 {Musa}
956 1399 1101 1449 αὐτοῖς
1134 1399 1180 1442 τὰ
1216 1403 1452 1442 καταποθὲν
1480 1403 1565 1443 πά..

101 1469 168 1508 λιν
197 1461 594 1519 ιῖναπεμπᾰζεσθαι,
627 1463 735 1507 ὥστε
763 1467 1048 1508 mamaeam-&v
1074 1468 1133 1524 τῷ
1159 1469 1413 1525 μηρυκισμιῇ
1433 1483 1565 1523 προσ·
1593 1514 1599 1518 ,

38 1553 91 1580 20
103 1534 374 1575 οικειοῦσθαι
401 1533 463 1588 τῷ
491 1534 748 1589 τρεφομένῳ.

207 1597 342 1642 Ἀλλὰ
371 1600 445 1640 καί
467 1604 554 1647 τοϊς
576 1595 720 1647 ὅπλοις
748 1597 893 1647 αὐτοῖς
909 1597 962 1640 τά
995 1599 1083 1650 ζῶα
1110 1598 1216 1653 πρὸς
1243 1594 1405 1654 ἶίλληλα
1427 1597 1563 1654 διενή-

100 1681 215 1721 νοχε.
238 1663 340 1707 >card
364 1664 415 1706 τὰ
440 1660 523 1721 ἤθη
552 1663 633 1720 γὰρ
663 1666 745 1706 τῶν
767 1666 945 1719 ψυχῶν,
976 1665 1090 1707 καθὰ
1118 1667 1191 1707 καί
1219 1664 1242 1706 ὅ
1271 1667 1564 1722 Ἀριστοτέλης

101 1841 232 1870 crates:
275 1834 485 1869 animalium
518 1839 646 1869 natura
689 1833 783 1868 nihil
825 1833 939 1868 habet
981 1845 1002 1868 a
1047 1834 1232 1876 doctrina⁷
1275 1835 1377 1869 velut
1412 1834 1560 1870 adsciti-

100 1884 202 1918 tium.

194 1929 299 1964 Canis
324 1935 445 1963 autem
470 1930 508 1963 in
536 1926 800 1962 reminiscendo
830 1929 993 1974 quemvis
1017 1927 1202 1961 hominem
1231 1939 1312 1972 erga
1333 1928 1428 1962 bene
1454 1929 1498 1963 de
1521 1941 1559 1964 se

98 1978 246 2012 meritos
270 1977 449 2022 ingratum
475 1976 613 2023 pudore
636 1988 710 2010 non
745 1975 895 2009 adficit?
926 1974 1071 2020 quando
1097 1987 1203 2008 canes
1231 1987 1306 2009 non
1330 1988 1462 2021 paucos
1487 1986 1560 2011 una

99 2036 179 2058 cum
200 2024 296 2058 heris
324 2025 396 2058 suis
424 2025 462 2057 in
488 2024 687 2058 solitudine
709 2023 819 2056 caesis
845 2022 1066 2064 occubuisse,
1090 2023 1292 2056 litterarum
1316 2027 1559 2058 monumentis

98 2072 276 2118 proditur.
302 2073 501 2117 quinetiam
528 2072 640 2117 aliqui
669 2070 804 2103 recenti
830 2069 947 2102 adhuc
970 2070 1129 2102 facinore
1157 2070 1416 2115 quaerentibus
1439 2071 1559 2105 homi-

99 2119 197 2153 cidas
226 2130 264 2153 se
289 2119 398 2153 duces
424 2119 564 2153 itineris
591 2117 848 2164 praebuerunt,
875 2122 989 2161 utque
1015 2116 1207 2150 facinorosi
1237 2117 1400 2151 homines
1426 2125 1463 2152 et
1489 2120 1558 2152 im-

98 2167 205 2212 probi
229 2166 275 2199 ad
304 2167 482 2212 supplicia
518 2165 835 2212 pertraherentur,
875 2166 1081 2196 effecerunt.
1114 2163 1246 2197 accidit
1271 2165 1366 2197 enim
1390 2166 1560 2211 aliquan-

100 2213 168 2255 do,
193 2219 235 2247 ut
258 2215 356 2247 canis
381 2215 420 2247 in
446 2213 641 2247 diversorio
667 2211 823 2258 quodam
865 2221 907 2244 eo
944 2215 1160 2256 conspecto,
1197 2212 1260 2256 qui
1289 2211 1415 2245 herum
1445 2214 1558 2259 ipsius

99 2260 355 2303 interemerat,
379 2261 546 2295 adversus
574 2261 692 2306 ipsum
719 2263 895 2304 perpetuo
921 2257 1074 2299 latrans,
1101 2259 1342 2303 suspicionem
1368 2259 1413 2293 de
1438 2260 1558 2293 homi-

99 2319 145 2341 ne
171 2309 351 2342 sinistram
382 2314 553 2342 moveret.
592 2306 824 2353 quamobrem
859 2306 888 2338 is
929 2304 974 2337 ad
997 2305 1158 2339 tribunal
1197 2305 1395 2350 deductus,
1431 2307 1559 2342 habita

100 2356 312 2402 quaestione
337 2366 402 2388 ceu
429 2367 510 2389 reus
534 2355 702 2388 facinoris
726 2359 840 2386 morte
864 2352 1038 2385 multatus
1068 2358 1133 2386 est.

190 2402 346 2448 Adspice
384 2414 467 2437 vero
510 2401 600 2435 mihi
627 2402 686 2434 dei
720 2400 945 2446 sapientiam.
969 2399 1163 2432 carnivoris
1189 2399 1405 2434 animalibus
1429 2400 1557 2434 dentes

99 2453 220 2483 acutos
259 2449 382 2492 dedit,
420 2449 519 2496 quod
559 2449 694 2483 talibus
720 2449 769 2480 eis
796 2458 885 2492 opus
921 2451 1037 2488 esset,
1067 2458 1132 2492 pro
1157 2448 1371 2480 nutrimenti
1395 2449 1557 2489 ratione,

100 2506 173 2540 quo
197 2497 390 2530 alerentur.
414 2508 508 2542 quae
532 2508 616 2530 vero
643 2495 793 2529 dimidia
817 2505 860 2527 ex
888 2499 987 2538 parte
1007 2493 1176 2527 dentibus
1203 2501 1335 2527 armata
1364 2501 1400 2527 et
1420 2496 1557 2528 instru-

101 2548 157 2575 cta
183 2549 288 2585 sunt,
316 2545 358 2576 iis
386 2545 518 2577 multas
557 2550 666 2589 atque
694 2543 807 2577 varias
843 2541 1145 2574 nutrimentorum
1170 2541 1273 2575 velut
1296 2541 1489 2585 apothecas
1518 2548 1556 2575 et

100 2588 298 2623 conditoria
324 2591 474 2636 paravit.
498 2603 580 2624 nam
605 2602 687 2623 cum
713 2589 756 2622 ab
784 2589 887 2621 initio
913 2588 1171 2621 nutrimentum
1197 2599 1271 2621 non
1299 2588 1384 2621 satis
1408 2590 1555 2622 commi-

99 2641 256 2678 nuatur,
286 2637 355 2671 hoc
395 2639 446 2671 eis
473 2637 594 2679 dedit,
622 2643 663 2670 ut
697 2636 796 2682 quod
823 2634 1108 2679 deglutiverunt,
1134 2647 1271 2668 rursum
1300 2641 1448 2679 egerant
1475 2648 1554 2668 sur-

99 2694 200 2724 sum,
224 2693 296 2728 quo
322 2695 386 2730 per
410 2685 688 2719 ruminationem
713 2683 981 2724 mollfficatmn,
1004 2682 1043 2716 in
1078 2693 1181 2715 usum
1204 2682 1391 2715 nutriendi
1417 2683 1554 2715 anima-

99 2729 143 2762 lis
170 2729 285 2763 cedat.

196 2777 308 2810 Etiam
334 2779 439 2812 armis
465 2779 549 2824 ipsis
574 2779 668 2814 inter
692 2789 729 2811 se
767 2777 935 2811 differunt
962 2776 1140 2811 animalia.
1166 2787 1247 2809 nam
1274 2787 1338 2820 pro
1364 2774 1487 2809 indole
1513 2784 1554 2807 ac

182 2847 325 2890 Glycas⁴
1277 2856 1294 2886 7
