1826 3120
1565 107 1590 129 ’Ἰ

651 127 937 168 ANNAJAUM
979 127 1114 169 PARS
1153 129 1208 169 11.
1525 126 1636 180 209

175 226 455 287 προσαγαγών
494 227 554 282 τῷ
593 228 702 285 θεῷ,
750 226 807 276 ὥς
837 222 942 269 εἶναι
986 229 1111 282 δῆλον
1151 223 1217 268 ὅτι
1245 241 1292 280 γε
1332 226 1478 268 τούτου
1505 225 1636 281 χάριν

175 296 257 340 α’νὰ
285 293 391 338 ἑπτὰ
423 293 677 347 προσέταξεν
706 295 750 344 ἐξ
778 291 958 335 ἑκάστου
1002 294 1147 347 γένους
1178 295 1261 335 τῶν
1290 294 1490 349 καθαρῶν
1516 295 1561 335 ὲν
1587 292 1638 349 τῇ

174 363 338 420 κιβωτῷ
386 360 669 415 εἰσαχθῆναι,
699 361 770 403 ἴνα
811 358 858 401 τὸ
906 362 951 402 ἓν
991 362 1097 412 ζῶον
1139 363 1184 411 ἐξ
1230 357 1406 424 ἑκάστου
1435 361 1580 414 γένους
1613 356 1637 399 o‘

176 432 277 473 Νῶε
313 430 568 484 προσφέρων
600 425 660 481 μή
702 428 937 484 διαφθείρῃ
965 426 1039 475 τὰς
1077 428 1297 481 συζυγίας.
1363 429 1564 468 τοσοῦτον
1591 427 1638 468 δὲ

139 494 252 552 5τῆν
277 498 355 538 τοῦ
386 497 484 537 Νῶε
516 495 765 548 προαίρεσιν
794 493 866 535 ἐπὶ
894 493 945 550 τῇ
973 494 1227 550 προσαγωγῇ
1255 494 1326 548 τῆς
1354 494 1509 542 θυσίας
1537 493 1639 534 οἷπε-

177 565 323 613 aggaro
352 560 373 604 ὃ
398 559 498 610 θεὸς
528 560 585 609 ὥς
615 561 688 600 καί
712 557 787 614 τὴν
804 556 975 615 γραφὴν
1004 555 1137 609 οὕτως
1165 562 1297 602 εἰπεῖν
1324 562 1426 614 „nat”
1443 556 1643 616 (ὄσφραν-

176 632 234 684 θη
265 625 410 683 κύριος
439 625 577 681 ὀσμὴν
602 624 832 682 ,εὖωὸιάςθ
886 623 996 677 μετὰ
1030 622 1198 680 γνώμης
1226 625 1372 668 λοιπὸν
1402 626 1547 680 ὑγιοῦς
1572 623 1646 667 καὶ

177 693 291 750 ἡμᾶς
319 693 365 736 τὸ
395 694 480 735 πᾶν
513 692 773 747 ἐργάζεσθαι
798 689 901 745 χρή.
959 693 1000 734 εἰ
1025 693 1070 733 δὲ
1098 690 1171 746 μή,
1203 688 1281 734 κᾶν
1312 691 1453 734 ὁτιοῦν
1483 692 1682 747 προσά-Β
1707 721 1710 723 Α

179 765 338 815 ξωμεν,
369 757 748 814 ἀποστραφήσεται
788 756 891 801 αὐτὸ
933 755 956 798 ὁ
987 755 1101 807 θεός.
1159 755 1240 813 ὅρα
1270 755 1349 814 γάρ
1382 754 1448 800 ὅτι
1477 757 1551 800 καί
1579 760 1645 800 ἐν·

119 830 325 878 ιοταῦθα
361 825 386 882 ἦ
430 828 510 867 τοῦ
539 826 704 866 δικαίου
746 819 878 879 οἷρετή
922 822 995 866 τὸν
1036 823 1193 866 καπνὸν
1234 825 1307 867 καί
1355 823 1432 880 τήν
1474 824 1646 866 κνίσσαν

182 890 320 950 ὀσμὴν
344 894 527 940 εὐωδίας
554 889 791 946 εἰργάσατο.
816 891 912 933 ἀλλ’
939 892 1012 934 ε’πί
1037 891 1119 933 τῶν
1134 892 1348 933 Ἰουδαίων
1373 891 1497 946 ἦτῶν
1513 906 1646 946 προσ-

185 962 376 1015 αγόντων
422 961 601 1013 πονηρία
648 956 693 1000 τὸ
722 958 924 1012 θυμίαμα
955 955 1000 999 τὸ
1034 958 1192 1008 ευίὄὸες
1213 960 1431 1013 βδέλυγμα
1458 954 1646 1015 ὀφθῆναι

180 1023 508 1084 παρεσκεύασεν.

291 1094 340 1136 'O
368 1093 446 1145 μὲν
467 1088 544 1134 οὖν
570 1090 768 1148 Ἰώσηπος
795 1092 867 1133 καί
892 1095 982 1134 κατ’
1002 1089 1132 1134 αὐτὸν
1160 1089 1231 1133 τόν
1251 1092 1413 1146 κόρακα
1442 1089 1515 1134 τόν
1543 1091 1647 1133 ἀπο-

124 1161 368 1213 ,5λυθέντα
408 1157 525 1213 παρὰ
568 1160 647 1201 τοῦ
687 1161 787 1201 Νῶε
829 1160 908 1200 τοῦ
948 1159 1054 1200 ἰδεῖν
1093 1159 1133 1200 εἰ
1173 1157 1219 1200 τὸ
1264 1155 1383 1214 ’ὕδωρ
1415 1157 1647 1212 ἐκόπασεν,

184 1225 500 1279 ἐναντιούμενος
530 1228 726 1282 φαίνεται
756 1227 808 1282 τῇ
835 1227 913 1267 τοῦ
940 1227 1138 1274 Μωσέως
1169 1223 1344 1283 ἱστορίᾳ.
1376 1225 1647 1280 ὑποστρέψαι

182 1292 361 1349 καὶγὰρ
403 1290 508 1348 πρὸς
528 1290 605 1346 τήν
648 1290 830 1345 κιβωτὸν
869 1293 979 1347 λέγει
1023 1291 1095 1334 τὸν
1123 1289 1309 1346 κόρακα,
1352 1289 1409 1341 ὥς
1436 1292 1506 1335 ἐπὶ
1533 1290 1646 1349 πάσῃ

182 1363 236 1418 τῇ
261 1362 314 1418 γῇ
341 1361 419 1401 τοῦ
461 1354 618 1407 ὓδατος
645 1356 708 1399 ἔτι
746 1357 1031 1411 λιμνάζοντος.
1100 1357 1122 1400 ὅ
1156 1360 1202 1399 δὲ
1238 1361 1403 1413 Μωσῆς
1430 1356 1531 1413 περὶ
1555 1358 1688 1400 τού-Ο

183 1443 269 1469 των
296 1423 403 1468 οὕτω
437 1426 567 1481 φησίν
609 1427 711 1478 „zai
741 1425 789 1466 οὗ
792 1442 823 1479 χ
854 1422 1117 1480 ὑπέστρεψεν
1156 1424 1177 1466 ὁ
1209 1422 1339 1480 κόραξ
1367 1428 1446 1474 ἕως
1476 1419 1529 1468 οὗ
1556 1427 1648 1481 ἐξη-

121 1491 380 1548 2οράνθηῆ
423 1494 518 1547 γῆ.”
587 1490 696 1533 κατὰ
737 1490 817 1546 γάρ
856 1493 982 1533 τοῦτο
1014 1490 1088 1533 καί
1124 1490 1376 1547 περιστερὰν
1405 1491 1650 1534 ἀπέστειλεν

185 1557 375 1615 ὕστερον,
401 1557 473 1600 ἅτε
503 1555 555 1611 δὴ
580 1561 882 1613 παλινοστῆσαι
911 1559 988 1600 τοῦ
1007 1558 1184 1613 κόρακος
1213 1556 1315 1613 πρὸς
1334 1557 1459 1602 αὕτὸν
1488 1559 1547 1615 μὴ
1575 1562 1649 1601 θε-

186 1625 406 1682 λήσαντος.
439 1624 548 1667 ἄλλα
579 1626 653 1666 καί
671 1623 907 1679 ἱστορικούς
934 1623 1094 1680 εἰσάγει
1119 1624 1238 1676 τινας
1267 1623 1287 1667 ὃ
1318 1624 1525 1681 Ἰώσηπος,
1553 1627 1766 1681 περίνῃς)

187 1708 225 1734 τι
256 1692 452 1746 λέγοντας
482 1686 578 1746 ὅρος
606 1693 678 1746 τῆς
703 1690 928 1747 Ἀρμενίας
967 1691 1233 1748 ὑψηλότατον
1265 1694 1310 1735 ἐν
1336 1696 1396 1752 τῷ
1422 1695 1499 1735 τοῦ
1526 1710 1650 1736 κατα-

187 1885 404 1921 mundorum
445 1895 616 1930 pecorum
641 1895 772 1930 genere
815 1884 884 1918 deo
909 1886 1073 1920 victimas
1099 1888 1264 1920 offerens.
1292 1898 1335 1920 ex
1360 1898 1432 1933 quo
1459 1889 1650 1934 perspicue

189 1935 276 1969 licet
298 1933 504 1978 intelligere
528 1938 720 1978 propterea
744 1932 855 1966 fuisse
878 1939 1110 1979 praeceptum
1127 1940 1168 1968 ut
1190 1940 1339 1980 septena
1362 1935 1399 1967 in
1429 1947 1546 1969 arcam
1569 1938 1651 1970 ani-

189 1982 299 2017 malia
330 1985 574 2022 sumerentur,
611 1991 657 2013 ne
681 1979 758 2013 Noa
789 1991 901 2013 unum
943 1981 1077 2014 animal
1102 1992 1145 2014 ex
1172 1982 1299 2028 quovis
1325 1993 1455 2026 genere
1483 1983 1551 2017 deo
1576 1997 1653 2018 ma-

190 2036 291 2064 ctans
320 2029 399 2075 ipsa
420 2028 522 2074 paria
549 2027 771 2061 distraheret
794 2033 905 2074 atque
931 2034 1187 2075 corrumperet.
1212 2035 1392 2063 caeterum
1418 2042 1535 2077 usque
1559 2032 1651 2065 adeo

192 2078 281 2112 deus
310 2077 350 2111 in
375 2076 561 2110 oblatione
594 2075 702 2109 huius
729 2076 894 2109 sacrificii
928 2075 1029 2110 Noae
1062 2076 1223 2111 studium
1253 2089 1294 2110 ac
1319 2078 1543 2113 voluntatem
1567 2091 1653 2125 pro-

190 2126 310 2166 bavit,
334 2129 376 2158 ut
399 2123 457 2157 his
484 2124 538 2158 uti
567 2123 686 2156 verbis
711 2123 857 2157 litterae
889 2135 1009 2157 sacrae
1042 2136 1117 2158 non
1147 2124 1394 2159 dubitaverint
1419 2126 1526 2172 (Gen.
1551 2129 1572 2161 8
1592 2128 1652 2173 21)

139 2212 142 2215 Δ
191 2173 418 2216 „delectatus
445 2176 501 2205 est
535 2170 624 2204 deus
650 2170 772 2205 odoris
796 2171 896 2204 illius
927 2171 1138 2206 suavitate.”
1162 2179 1385 2218 quapropter
1410 2186 1475 2207 nos
1504 2185 1652 2220 quoque

192 2221 287 2255 nihil
311 2231 386 2253 non
411 2219 530 2252 animo
557 2229 642 2252 sano
671 2224 707 2252 et
732 2229 823 2264 puro
850 2218 1042 2262 faciamus,
1081 2219 1218 2266 absque
1244 2231 1316 2266 quo
1345 2220 1477 2262 fuerit,
1504 2223 1652 2255 omnino

194 2269 282 2302 deus
302 2266 526 2300 aversabitur
543 2266 786 2312 quodcunque
803 2266 951 2300 tandem
970 2279 990 2300 a
1008 2266 1113 2301 nobis
1129 2270 1311 2303 offeratur.
1335 2281 1417 2302 nam
1443 2269 1545 2303 vides
1571 2269 1654 2303 heic

193 2317 363 2350 virtutem
400 2315 489 2347 iusti
516 2313 673 2347 hominis
700 2313 744 2346 de
770 2314 849 2359 ipso
875 2314 974 2348 fumo
1000 2325 1041 2348 ac
1074 2315 1202 2349 nidore
1232 2316 1480 2350 suavissimum
1505 2317 1654 2350 odorem

196 2364 372 2404 effecisse,
405 2373 484 2395 cum
517 2361 614 2407 apud
656 2361 809 2395 Iudaeos
846 2363 1001 2407 pravitas
1031 2364 1259 2398 offerentium
1285 2364 1422 2398 faceret
1444 2371 1485 2399 ut
1507 2365 1653 2399 suffitus

196 2412 302 2446 etium
330 2409 629 2454 fragrantissimus
653 2421 674 2442 a
698 2409 767 2442 deo
792 2409 925 2455 piaculi
948 2410 1029 2444 loco
1055 2410 1256 2445 duceretur.

289 2458 478 2491 Caeterum
509 2457 548 2490 in
583 2457 790 2490 narratione
828 2457 872 2490 de
909 2468 1033 2500 corvo,
1068 2460 1131 2505 qui
1155 2471 1176 2493 a
1211 2459 1291 2493 Noa
1324 2459 1492 2493 dimissus
1521 2459 1590 2493 fuit
1612 2465 1654 2494 ut

197 2505 399 2551 exploraret
424 2515 469 2536 an
494 2515 587 2550 aqua
612 2504 824 2546 defecisset,
860 2505 1034 2551 Iosephus
1058 2505 1231 2542 historiae
1254 2507 1365 2540 Mosis
1392 2512 1516 2552 aperte
1541 2507 1654 2540 refra-

197 2558 308 2596 gatur.
335 2557 592 2586 commemorat
625 2553 721 2585 enim
760 2563 906 2586 corvum
941 2553 1044 2587 illum
1068 2554 1115 2590 ad
1149 2566 1265 2588 arcam
1300 2555 1513 2596 revertisse,
1547 2555 1652 2600 quasi

198 2611 290 2644 aqua
316 2611 380 2645 per
418 2610 561 2632 omnem
584 2604 760 2632 terrarum
794 2600 918 2633 orbem
960 2600 1077 2635 adhue
1103 2607 1335 2647 restaguaret.
1359 2607 1396 2635 at
1419 2602 1537 2636 Moses
1564 2602 1653 2636 haec

200 2647 238 2680 in
264 2646 358 2680 hunc
384 2646 530 2680 modum
551 2652 673 2681 narrat
697 2658 795 2688 „non
821 2647 972 2682 revertit
988 2660 1125 2691 corvus,
1146 2649 1262 2684 donec
1286 2649 1330 2682 ab
1357 2649 1461 2695 aquis
1477 2650 1654 2683 exsiccata

199 2699 296 2727 terra
324 2695 428 2727 foret.
451 2706 532 2728 narn
558 2695 623 2727 illa
647 2695 725 2740 ipsa
755 2694 800 2728 de
841 2706 947 2729 causa
971 2696 1173 2731 columbam
1199 2697 1370 2742 deinceps
1398 2698 1530 2739 emisit,
1553 2698 1653 2743 quod

202 2752 328 2776 corvus
349 2740 467 2775 redire
500 2741 687 2776 noluisset.
715 2741 809 2776 idem
835 2742 1011 2790 Iosephus
1035 2744 1165 2791 probat
1190 2745 1402 2780 auctoritate
1426 2745 1653 2791 quorundam
