1826 3120
564 160 848 203 ANNALIUM
889 161 1022 202 PARS
1062 162 1093 200 r.
1488 162 1502 195 ι
1520 162 1549 216 7

101 267 176 313 καὶ
204 270 343 323 τρίτον
363 265 585 318 ἐπιζητεῖν,
617 257 666 304 οὗ
695 265 767 317 τῆς
799 263 902 311 θέας
935 262 957 303 ὁ
987 261 1192 318 μακάριος
1221 263 1398 312 Παῦλος
1429 263 1555 317 ἠξίου·

102 350 159 378 το.
216 335 290 376 καί
319 331 444 375 αὐτὸν
472 328 552 385 γὰρ
585 330 658 371 τὸν
703 328 810 385 α’έρα
837 333 979 371 καλεῖν
1007 327 1159 371 εἴωθεν
1187 327 1370 384 ου’ρανόν
1399 330 1423 384 ἦ
1453 345 1555 384 γρα-

103 400 163 458 φή
186 417 197 429 ·
267 397 347 453 ,,τὰ
375 395 562 440 πετεινὰ”
602 395 682 450 γάρ
714 411 820 452 φησι
858 397 962 448 „rofi
1002 396 1244 451 ου’ρανοῦ,”
1289 397 1362 438 καί
1399 396 1558 449 »δώσει

102 465 248 522 κύριος
276 462 359 507 dni>
387 466 462 519 τῆς
494 459 648 518 δρόσου
673 464 747 503 τοῦ
773 462 994 517 ου’ρανοῦ.”
1037 460 1140 503 αὐτὸ
1170 463 1292 504 τοῦτο
1324 463 1398 504 καί
1424 459 1446 503 ὁ
1467 465 1558 504 Λα-

34 567 47 579 ,
66 529 316 587 δμασκηνὸς
338 527 531 584 Ἰωάννης
557 529 603 570 ἐν
629 530 684 586 τῷ
710 529 883 585 εἰκοστῷ
911 528 1045 569 αὐτοῦ’
1065 529 1284 586 κεφαλαίῳ
1302 530 1554 583 παρίστησι,

103 604 214 653 τρεῖς
259 594 368 640 εἶναι
405 597 536 650 λέγων
581 593 815 648 οὐρανούς,
864 593 1018 636 αὐτίκα
1063 592 1135 636 τὸν
1170 596 1214 644 ἐξ
1253 595 1327 636 οὐκ
1357 588 1486 637 ὄντων
1514 597 1559 646 ἐξ

105 665 239 721 ἀρχῆς
266 662 558 720 παραχθέντα,
590 660 663 703 τὸν
689 661 733 711 ἐξ
761 659 933 702 ὑδάτων
961 676 1006 702 τε
1035 658 1218 715 λαβόντα
1248 660 1323 717 τήν
1352 661 1558 704 σύστασιν

103 731 176 773 καί
201 728 332 772 αὐτὸν
359 727 430 771 τὸν
460 728 584 782 ἀέρα.
645 728 720 768 καί
747 728 872 782 δηλοῖ
891 729 1012 770 τοῦτο
1041 726 1065 783 ἦ
1095 726 1238 783 γραφὴ
1267 731 1445 782 λέγουσα
1475 727 1556 782 „toi

102 794 269 839 πετεινὰ
297 795 369 838 τοῦ
396 794 613 850 οὖρανοῦ.”
670 791 855 848 πρόσεχε
880 787 972 835 οὖν.
1034 790 1055 834 ὃ
1087 795 1247 849 πρῶτος
1270 796 1347 847 μὲν
1374 794 1455 850 γὰρ
1485 794 1556 836 οὐ·
1569 812 1641 855 p‚9

43 881 90 908 10
103 863 232 919 ρανὸς
260 861 283 904 ὅ
310 861 416 917 ὖπὲρ
446 862 630 917 κεφαλῆς
660 859 760 915 ἡμῖν
790 860 1096 916 ὗφηπλωμένος
1121 856 1230 916 ἀήρ,
1258 860 1452 916 δεύτερος
1482 862 1560 903 av*-

102 928 150 971 τὸ
177 927 223 972 τὸ
253 929 501 983 στερέωμα,
538 926 610 968 καί
635 927 770 981 τρίτος
812 926 835 967 o‘
864 928 908 978 ἐξ
939 926 1017 968 οὐκ
1047 921 1174 968 ὅντων
1202 927 1292 967 κατ’
1324 925 1463 982 α’ρχάς
1490 942 1558 982 γε·

100 991 255 1051 γονώς,
294 995 355 1043 εἰς
394 991 440 1036 ὃν
477 992 527 1049 δὴ
571 993 646 1034 καί
686 992 707 1033 ὅ
747 990 968 1047 πάμμεγας
1003 989 1170 1048 ἡρπάγη
1196 994 1387 1042 Παῦλος.
1444 994 1485 1036 εἰ
1513 994 1560 1035 δὲ

103 1061 177 1104 καί
202 1061 372 1110 πλείους
401 1056 802 1116 ου’ρανούςόΔαβίδ
827 1059 1085 1115 ὑπεμφαίνει
1113 1061 1245 1114 λέγων
1269 1060 1450 1114 „aivam
1481 1060 1562 1102 αὖ·

100 1126 175 1170 τὸν
205 1125 245 1169 οἱ
277 1126 458 1181 ου’ρανοί
486 1127 571 1168 τοὸν
603 1127 841 1182 ου’ρανῶν,”
878 1124 935 1181 μή
967 1124 1196 1179 θαύμαζε*
1228 1125 1254 1180 ἡ
1286 1123 1368 1182 γὰρ
1393 1123 1563 1183 Ἔβραῒς

44 1194 259 1249 ι5γλῶττα
286 1194 581 1248 πληθυντικῶς
610 1193 804 1249 ἐκφέρειν
833 1190 958 1234 εἴωθε
987 1191 1040 1234 τὰ
1071 1189 1200 1245 ἑνικά,
1228 1192 1285 1241 ὥς
1316 1189 1338 1233 ὂ
1369 1195 1562 1247 χρυσοῦς

103 1258 181 1315 τὴν
207 1260 398 1313 γλῶτταν
442 1264 586 1315 φησίν.
657 1256 770 1301 οὕτω
803 1261 881 1312 μὲν
912 1254 986 1301 οὖν
1024 1258 1189 1314 νοήσεις
1218 1257 1292 1300 καί
1317 1257 1422 1300 ἔνθα
1451 1261 1562 1314 λέγει

106 1328 194 1383 »τῷ
221 1324 510 1368 καταδιελόντι
535 1324 612 1381 τὴν
629 1324 822 1381 ἐρυθρὰν
838 1322 1059 1368 θάλασσαν
1085 1326 1145 1374 εἷς
1174 1325 1403 1382 διαιρέσεις
1417 1327 1449 1352 ·”
1481 1327 1561 1379 μία

102 1393 183 1447 γὰρ
219 1393 352 1434 ἐκεῖσε
383 1391 590 1447 διαίρεσις
631 1395 801 1447 γέγονε,
836 1393 910 1434 καί
945 1391 996 1433 οὔ
1034 1393 1201 1434 πολλαί.
1260 1396 1384 1433 καλεῖ
1412 1393 1460 1437 δὲ,
1490 1390 1561 1434 τὸν

104 1458 300 1515 δεύτερον
328 1458 510 1514 ου’ρανὸν
539 1460 759 1514 στερέωμα
781 1455 807 1513 ἦ
833 1457 977 1514 γραφή
1005 1459 1111 1513 πρὸς
1139 1453 1461 1513 ἆντιὸιαστολὴν
1485 1459 1560 1500 τοῦ
1569 1464 1595 1496 Β

41 1529 306 1581 ποπροτέρου
347 1527 532 1581 ου’ρανοῦ
566 1523 641 1567 καὶ
676 1525 809 1566 αὐτοῦ
843 1526 921 1567 τοῦ
964 1521 1148 1574 ὕδατος·
1220 1523 1326 1574 εἰκὸς
1363 1524 1444 1579 γὰρ
1484 1522 1560 1567 τόν

105 1593 259 1636 ἐκεῖνον
297 1591 676 1649 λεπτομερέστερον
703 1594 826 1645 σῶμα
855 1588 1077 1646 τυγχάνειν
1104 1593 1178 1635 καί
1202 1592 1558 1648 εἰλικρινέστερον.

200 1709 232 1754 4.
259 1705 350 1744 αὐτὰ
378 1728 422 1735 -
448 1707 618 1758 οὐρανοῦ
644 1714 874 1743 accesserunt
898 1720 917 1743 e
943 1708 984 1743 V.

108 1815 306 1851 secundum
345 1816 416 1850 hoc
451 1816 591 1850 coelum
625 1827 817 1862 negemus,
856 1822 897 1851 ut
919 1818 1066 1852 tertium
1103 1822 1290 1862 praeterea
1316 1818 1559 1863 inquiramus,

107 1865 210 1898 cuius
234 1863 413 1910 inspectio
448 1864 558 1898 beato
585 1864 696 1897 Paulo
721 1864 881 1909 contigit.
917 1865 1053 1910 quippe
1078 1864 1196 1909 ipsum
1221 1868 1305 1898 aeta
1329 1875 1475 1910 quoque
1500 1865 1562 1898 lit-

109 1917 211 1946 terne
231 1922 352 1946 sacrae
388 1911 530 1945 coelum
558 1912 741 1957 appellare
775 1917 1064 1954 consueverunt,
1089 1911 1191 1945 verbi
1214 1913 1327 1956 gratia
1354 1923 1433 1944 cum
1460 1912 1564 1944 aiunt

108 1960 251 2006 (Psalm.
277 1960 298 1993 8
323 1959 360 2006 9)
389 1959 576 2001 „volucres
602 1959 695 1992 coeli
711 1960 742 2000 ,'’
779 1959 866 1992 item
889 1958 995 2002 (Gen.
1023 1969 1064 2003 27
1091 1958 1150 2004 39)
1183 1959 1382 2004 „largiatur
1400 1958 1468 1992 tibi
1495 1958 1563 1991 do-

107 2007 227 2041 minus
263 2017 379 2040 rorem
413 2007 539 2040 coeli.”
573 2006 687 2040 tradit
711 2006 779 2039 hoc
811 2006 929 2051 ipsum
961 2010 998 2039 et
1033 2004 1212 2039 Iohannes
1246 2007 1490 2039 Damascenus
1517 2015 1563 2039 πο

109 2055 251 2100 capite,
289 2054 388 2100 quod
431 2059 485 2087 est
523 2053 568 2087 de
597 2054 723 2096 coelo3
753 2064 834 2099 ,quo
861 2052 1009 2098 quidem
1036 2053 1075 2086 iu
1098 2054 1217 2099 capite
1241 2053 1361 2087 coelos
1390 2064 1466 2086 esse
1488 2058 1562 2086 tres

108 2102 183 2144 ait,
208 2102 378 2135 nimirum
411 2100 505 2134 illud
529 2101 645 2147 primo
672 2101 832 2142 coelum,
857 2099 956 2147 quod
980 2110 1098 2133 rerum
1123 2101 1230 2134 initio
1261 2100 1306 2134 de
1330 2100 1448 2134 nihilo
1475 2111 1563 2133 con-

110 2149 226 2182 ditum
260 2149 394 2191 fuerit,
434 2148 568 2182 deinde
606 2149 760 2182 alterum
787 2159 830 2181 ex
865 2148 968 2193 aquis
994 2148 1148 2190 factum,
1189 2148 1298 2182 tertio
1333 2148 1414 2181 loco
1442 2148 1561 2193 ipsum

109 2201 217 2239 aera,
254 2196 299 2230 ‹le
336 2207 408 2242 quo
443 2196 723 2241 intelligendum
755 2206 870 2229 sacras
907 2195 1047 2229 litteras
1071 2195 1197 2241 loqui,
1225 2207 1304 2229 cum
1338 2195 1431 2228 coeli
1455 2195 1562 2228 volu-

109 2255 208 2278 crum
235 2244 458 2278 mentionem
492 2243 642 2277 faciunt.
668 2244 791 2289 itaque
823 2242 932 2275 velim
955 2242 1217 2276 animadvertas
1243 2242 1383 2276 coelum
1405 2243 1562 2288 primum

110 2302 187 2325 esse
210 2291 307 2325 hunc
342 2296 425 2326 aera
462 2302 569 2336 supra
605 2296 713 2336 caput
748 2296 909 2324 nostrum
943 2290 1179 2336 explicatum,
1204 2289 1402 2324 secundum
1423 2290 1468 2323 ab
1495 2290 1561 2323 illo

110 2340 228 2384 ipsum
257 2339 540 2381 firmamentum,
580 2340 728 2372 tertium
759 2337 798 2370 id
831 2336 931 2383 quod
956 2336 1000 2371 de
1024 2337 1142 2372 nihilo
1169 2338 1350 2383 principio
1375 2337 1563 2371 conditum

111 2386 201 2428 suit,
230 2387 268 2419 in
294 2386 393 2431 quod
426 2387 534 2419 etiam
570 2397 720 2431 magnus
748 2385 811 2418 ille
845 2384 976 2418 Paulus
1002 2391 1058 2419 est
1081 2386 1262 2430 abreptus.
1287 2396 1409 2431 neque
1433 2385 1563 2418 mirum

110 2432 180 2467 tibi
204 2433 370 2467 videatur
393 2433 569 2467 Davidem
604 2433 722 2467 videri
745 2433 865 2477 plures
892 2433 999 2466 etiam
1023 2433 1143 2467 coelos
1169 2438 1346 2475 statuere,
1373 2443 1482 2478 quum
1507 2432 1565 2464 in·-

111 2481 193 2526 quit
213 2481 355 2527 (psalm.
388 2480 450 2524 148
476 2481 512 2525 4)
551 2481 647 2526 „ipsi
673 2480 856 2514 coelorum
892 2480 985 2513 coeli
1010 2479 1203 2515 dominum.
1231 2480 1446 2514 celebrate.”
1481 2491 1565 2512 nam

111 2527 287 2562 Hebraica
320 2529 442 2573 lingua
481 2539 585 2561 voces
613 2529 721 2562 etiam
752 2527 949 2572 singulares
974 2539 1123 2561 numero
1159 2527 1407 2562 multitudinis
1439 2528 1564 2560 efferre

113 2576 317 2616 consuevit,
354 2581 396 2609 ut
431 2575 703 2620 Chrysostomus
747 2575 806 2608 ait.
842 2575 894 2607 sic
930 2580 967 2607 et
983 2575 1077 2608 illud
1103 2575 1258 2620 accipies
1285 2573 1384 2620 quod
1408 2573 1564 2607 Davides

114 2621 212 2655 idem
240 2623 332 2656 dixit
367 2623 509 2670 (Psalm.
540 2623 600 2661 135
633 2624 687 2668 13)
712 2623 800 2668 „qui
822 2621 968 2654 rubrum
992 2633 1090 2656 mare
1125 2622 1248 2656 divisit
1279 2623 1316 2654 in
1343 2622 1521 2655 sectiones
1534 2622 1564 2653 :¹³

114 2680 196 2702 nam
220 2670 331 2703 sectio
359 2675 498 2704 tantum
521 2682 593 2703 una
617 2670 711 2711 fuit,
736 2681 809 2702 non
833 2669 966 2714 plures.
992 2675 1030 2704 et
1055 2676 1187 2704 vocant
1212 2670 1474 2703 firmamentum
1502 2669 1565 2700 lit-

114 2722 214 2749 terae
254 2728 372 2751 sacrae
406 2717 546 2751 coelum
583 2717 778 2751 secundum
816 2716 863 2749 ad
898 2716 1026 2761 prioris
1062 2718 1156 2751 coeli
1201 2716 1491 2757 distinctionem,
1530 2721 1566 2747 et

116 2763 228 2809 ipsius
254 2764 363 2798 etiam
388 2770 514 2812 aquae.
551 2776 636 2800 vero
673 2765 770 2800 enim
796 2769 1076 2801 consentaneum
1101 2770 1157 2801 est
1178 2764 1320 2800 coelum
1346 2763 1440 2798 illud
1465 2762 1565 2809 prius

205 2835 351 2880 Glycas.
978 2856 988 2863 .
1294 2841 1314 2866 2
