1826 3120
680 144 959 185 ANNAJAUM
1002 146 1135 186 mus
1178 148 1227 186 u.
1556 129 1627 183 30
1643 149 1662 182 1

223 248 368 298 βαινε,
413 242 485 285 καί
523 244 720 297 τελεύτα,
765 242 875 285 διότι
914 244 1174 300 ἠπειθήσατε
1204 247 1262 303 τῷ
1305 243 1465 302 ῥήματί
1484 260 1567 299 μου
1598 246 1670 288 ἐπὶ

220 313 302 352 τοῦ
330 306 485 359 ὕδατος
512 312 584 366 τῆς
614 310 890 365 ἅντιλογιάς.”
945 309 1080 353 πάντα
1108 313 1243 354 ταῦτα
1272 314 1492 368 πεποίηκεν
1516 309 1542 366 ἦ
1571 315 1666 354 ..925-

220 388 313 430 ψις.
372 377 628 426 ἐπιτιθέντες
660 375 742 431 γάρ
787 377 992 419 Ἰουδαῖοι
1017 379 1075 434 τῷ
1109 378 1213 435 θείῳ
1242 381 1420 431 Μωσεῖ,
1455 373 1526 420 ὅτε
1552 378 1665 420 ἄθυ-

218 445 312 496 μαῖν
338 438 392 498 ἦν
420 441 492 485 διὰ
521 441 598 497 τὴν
626 445 699 497 τῆς
716 441 906 496 Ζῑῑῖαριάμ
936 440 1146 497 τελευτήν,
1174 446 1248 486 καί
1268 443 1510 498 βιαζόμενοι
1534 443 1664 500 χάριν

183 505 391 562 ὅῦδατος,
420 507 476 558 (ὃς
507 510 551 550 ἐν
571 510 623 565 τῇ
650 510 780 566 βίβλῳ
809 511 892 551 τῶν
923 508 1116 564 α’ριθμιδν
1141 511 1396 564 γέγραπται,
1425 511 1665 566 ἠνάγκασαν

217 574 295 630 τὴν
317 577 553 631 ἀμφιβολον
580 575 738 629 ἐκείνην
766 576 955 629 προϊέναι
990 572 1150 629 φωνήν.
1210 572 1317 632 ἄφες
1345 576 1563 619 λοιπόντὰ
1590 578 1665 619 τοῦ

213 639 441 697 Ἰωσήπου,
471 638 535 682 ὅτι
564 640 636 681 καί
664 639 767 681 κατα
797 637 934 680 πάντα
961 645 1051 688 ταῖς
1074 638 1209 696 ἱεραῖς
1237 649 1421 699 γραφαῖς
1450 643 1701 689 ἐναντιού-(ζ

215 723 325 760 ,aava
356 708 596 763 φαίνονται·
668 708 742 747 καί
765 704 847 760 γάρ
887 705 954 747 d‘za'
989 706 1112 748 θείαν
1141 706 1264 763 ὀργὴν
1290 707 1580 764 ἐτελεύτησεν,
1611 711 1664 751 ου’

215 772 301 829 μὴν
330 772 399 815 διὰ
427 775 583 827 γῆρας,
612 771 668 820 ὦς
697 773 851 820 ἐκεῖνος
874 770 1015 827 φησίν.
1041 768 1107 813 ὅτι
1140 774 1186 814 δὲ
1214 774 1291 815 τοῦ
1316 776 1422 816 θεοῦ
1449 774 1662 829 ὀργισθέν-

154 854 283 890 εοτος
310 838 383 882 ἐπὶ
407 844 496 888 τοῖς
522 835 793 887 κατασκόποις
822 837 895 893 ἔτη
932 839 1239 894 τεσσαράκοντα
1264 842 1476 895 διέτριψεν
1508 838 1531 882 ὅ
1562 840 1662 892 λαὸς

214 908 259 949 ἐν
285 908 338 963 τῇ
361 905 528 963 ἐρήμῳ,
558 903 631 947 καί
657 905 702 946 ἐν
727 906 783 961 τῷ
812 904 1130 963 Δευτερονομίῳ
1157 907 1276 948 τοῦτο
1303 910 1452 964 σαφῶς
1478 907 1662 963 δεδήλω-

211 989 300 1014 ται.
358 970 479 1026 ἡνίκα
512 969 595 1027 γάρ
633 970 654 1012 ὃ
685 973 854 1025 Μωσῆς
889 969 941 1013 τά
974 976 1192 1014 τελευταῖα
1235 975 1292 1029 τῷ
1320 977 1408 1032 λαῷ
1434 976 1659 1028 διελέγετο,

212 1039 287 1081 καί
309 1038 411 1080 τάδε
450 1039 556 1091 πρὸς
595 1043 680 1087 τοῖς
712 1033 855 1087 ἄλλοις
889 1036 1025 1092 ἔλεγεν
1051 1034 1266 1093 »ἤλθομεν
1294 1041 1369 1081 καί
1396 1041 1494 1094 πρὶν
1522 1043 1581 1090 εἰς
1609 1041 1657 1082 τὸ

175 1129 178 1131 Δ
211 1107 391 1160 περᾶσαι
428 1107 501 1145 καί
538 1106 950 1160 κατακληρονομῆσαι
983 1105 1057 1160 τὴν
1085 1105 1347 1148 Χανανίτιδα
1384 1108 1505 1162 γῆν.”
1570 1107 1658 1149 ἀλλ’

150 1172 251 1214 15οἱ
279 1170 530 1227 διάστροφοι
559 1174 708 1213 ἐκεῖνοι
735 1171 990 1214 κατάσκοποι
1033 1175 1106 1215 καί
1135 1171 1158 1214 ὅ
1189 1176 1268 1216 τοῦ
1292 1177 1397 1216 λαοῦ
1425 1174 1657 1229 γογγυσμὸς

208 1237 279 1294 ἔτη
303 1238 343 1292 μ’
378 1240 718 1294 περιπλανᾶσθαι
747 1236 900 1287 αὐτούς
936 1241 980 1281 ὲν
1007 1241 1057 1297 τῇ
1085 1238 1226 1296 ἐρήμῳ
1254 1238 1463 1295 πεποίηκε.
1519 1243 1656 1284 ταῦτα

209 1306 255 1348 δὲ
297 1304 404 1360 πρὸς
444 1303 601 1353 αὕτούς
643 1303 779 1359 ἔλεγεν
815 1305 859 1346 ἐν
895 1307 948 1362 τῇ
989 1307 1162 1363 δευτέρᾳ
1203 1306 1472 1364 ὑποστροφῇ,
1501 1309 1583 1349 τῶν
1610 1305 1696 1360 μί)

208 1373 315 1413 ἑτῶν
342 1370 501 1427 δηλαδὴ
543 1370 858 1426 συμπληρώσει.
925 1372 1104 1426 πρόσεχε
1134 1371 1301 1415 λοιπόν·
1356 1376 1548 1429 φαίνεται
1571 1374 1652 1429 γὰρ

207 1440 402 1480 ἐντεῦθεν
431 1436 495 1479 ὅτι
531 1438 571 1479 εἰ
605 1438 664 1492 μὴ
694 1439 791 1479 θεία
832 1433 881 1492 ἦν
911 1436 1014 1493 ὄργὴ
1047 1441 1120 1494 τῆς
1148 1442 1231 1480 τῶν
1259 1437 1532 1483 κατασκόπων
1561 1442 1654 1482 δια-

143 1517 195 1543 20
207 1507 392 1559 στροφῆς
423 1503 557 1546 ἕνεκεν
575 1537 587 1555 ,
616 1504 660 1545 ἑν
687 1507 848 1559 βραχεῖ
870 1505 1046 1560 διῆλθον
1068 1504 1142 1560 τὴν
1169 1503 1322 1560 ἔρημον
1350 1506 1424 1548 καί
1445 1504 1518 1548 τὸν
1540 1506 1654 1562 Ἰορ-

207 1568 335 1625 δάνην
363 1571 575 1623 ἐπέρασαν
608 1565 675 1611 ἄν.

321 1637 487 1678 Οὐκοῦν
520 1634 590 1691 ἔτη
616 1635 656 1690 μ’
684 1640 1003 1693 περιπατοῦντες
1032 1637 1136 1680 κατὰ
1166 1638 1242 1694 τὴν
1268 1638 1421 1695 ἔρημον
1441 1637 1487 1681 τὸ
1514 1638 1649 1692 μάννα

204 1804 395 1844 propterea
435 1798 532 1844 quod
564 1799 681 1833 verbis
707 1802 795 1834 meis
831 1802 876 1834 ad
901 1813 1028 1847 aquam
1053 1803 1159 1847 iurgii
1183 1801 1290 1835 fidem
1319 1813 1392 1835 non
1418 1801 1648 1836 habueritis.’'

204 1852 316 1891 atque
351 1845 439 1879 haec
476 1847 596 1879 omnia
632 1848 677 1880 de
714 1848 868 1893 quadam
902 1850 1108 1882 adflictione
1131 1849 1294 1894 profecta
1325 1854 1433 1882 erant.
1459 1861 1542 1882 nam
1567 1861 1647 1883 cum

202 1893 359 1927 Hebraei
389 1893 434 1926 ad
461 1893 598 1927 Mosem
631 1896 884 1936 convolarent,
918 1897 996 1941 ipso
1022 1902 1169 1941 propter
1191 1897 1327 1929 Mariae
1353 1897 1482 1929 sororis
1509 1896 1647 1930 obitum

201 1942 316 1982 tristi,
344 1946 381 1974 et
406 1941 586 1974 violenter
607 1952 687 1974 eum
710 1949 878 1987 urgerent
902 1943 948 1976 ob
973 1954 1086 1989 aquae
1114 1943 1305 1984 defectum,
1334 1943 1426 1976 sicut
1448 1943 1487 1976 in
1511 1943 1646 1977 Nume-

203 1999 322 2022 rorum
346 1988 439 2021 libro
466 1989 705 2033 perscriptum
730 1990 901 2033 legimus,
927 1990 1018 2023 hanc
1044 1991 1076 2023 ei
1093 2002 1216 2024 vocem
1242 1991 1482 2024 dubitationis
1500 1991 1646 2035 plenam

203 2041 440 2069 extorserunt.
476 2042 696 2081 quapropter
723 2037 862 2070 missam
893 2037 947 2070 fac
976 2037 1122 2083 Iosephi
1144 2039 1405 2077 narrationem,
1430 2048 1522 2083 quae
1544 2050 1646 2083 pror-

202 2094 262 2116 sus
288 2083 419 2116 litteris
459 2084 565 2116 sacris
593 2083 772 2117 adversari
806 2084 957 2118 videtur.
1005 2085 1123 2118 Moses
1150 2086 1244 2118 enim
1274 2091 1420 2130 propter
1440 2086 1528 2118 iram
1553 2085 1646 2119 divi-

202 2141 284 2163 nam
310 2130 379 2163 hoc
417 2130 526 2163 modo
551 2136 713 2164 mortuus
740 2137 810 2174 est,
845 2143 919 2165 non
945 2131 991 2165 ob
1016 2133 1212 2166 senectutis
1236 2133 1384 2173 molem,
1410 2132 1645 2178 quemadmo-

202 2177 286 2211 dum
311 2178 375 2210 ille
409 2177 529 2211 tradit.
554 2178 654 2223 quod
678 2185 798 2212 autem
833 2179 901 2213 deo
930 2185 1077 2224 propter
1100 2180 1342 2225 exploratores
1369 2180 1460 2213 irato
1485 2182 1642 2224 populus

201 2225 304 2258 annis
330 2224 566 2270 quadraginta
591 2226 630 2259 in
654 2226 851 2270 solitudine
877 2232 1111 2261 commoratus
1136 2228 1193 2268 sit,
1220 2228 1330 2261 etiam
1353 2228 1391 2260 in
1416 2227 1644 2260 Deuterono-

200 2273 271 2305 mio
298 2273 486 2317 perspicue
515 2272 705 2306 indicatur.
730 2286 807 2306 cum
834 2275 929 2306 enim
953 2274 1071 2307 Moses
1098 2280 1255 2308 extrema
1280 2275 1443 2308 oratione
1468 2275 1643 2319 populum

199 2319 466 2364 alloqueretur,
489 2320 585 2353 inter
610 2320 681 2353 alia
709 2322 827 2355 verbis
850 2321 1056 2355 huiusmodi
1086 2333 1169 2355 usus
1196 2328 1250 2356 est
1272 2322 1508 2363 „accessimus
1533 2323 1641 2355 etiam

199 2372 306 2400 antea
331 2367 514 2400 traiecturi
538 2367 683 2409 flumen,
714 2375 749 2402 et
778 2374 906 2402 terram
931 2368 1205 2403 Chananitidem
1230 2370 1460 2414 occupaturi:
1487 2368 1552 2402 sed
1579 2380 1642 2401 ex-

198 2413 397 2458 ploratores
433 2414 490 2446 illi
521 2416 678 2459 perversi
714 2417 914 2461 populique
947 2416 1105 2450 fremitus
1138 2419 1335 2451 effecerunt
1359 2422 1401 2450 ut
1423 2416 1525 2449 annis
1551 2427 1642 2460 qua-

200 2461 361 2505 draginta
385 2471 450 2505 per
483 2462 715 2496 solitudinem
746 2463 1031 2508 obvagaremur.”
1066 2475 1157 2509 quae
1182 2463 1328 2509 quidem
1356 2463 1462 2498 verba
1486 2463 1640 2507 protulit

199 2508 237 2541 in
261 2509 372 2542 altera
399 2509 602 2542 reversione
629 2509 674 2543 ad
699 2511 886 2544 Iordanem
904 2537 912 2551 ,
941 2522 1019 2544 cum
1043 2511 1127 2544 anni
1152 2512 1291 2545 scilicet
1310 2510 1543 2556 quadraginta
1566 2509 1636 2542 iam

198 2556 366 2600 completi
393 2562 522 2589 essent.
551 2563 658 2602 atque
685 2557 782 2599 heic,
810 2569 961 2602 quaeso,
987 2558 1073 2591 mihi
1100 2560 1254 2592 animum
1280 2558 1467 2591 advertito.
1493 2556 1638 2590 videtur

198 2603 293 2635 enim
318 2602 476 2636 futurum
502 2603 613 2636 fuisse
640 2610 680 2637 ut
701 2606 770 2637 nisi
795 2605 915 2638 divina
940 2606 1048 2639 istaec
1072 2606 1123 2638 ira
1153 2606 1414 2639 intercessisset
1440 2603 1486 2636 ob
1513 2604 1636 2649 explo-

198 2655 354 2682 ratorum
387 2651 657 2693 perversitatem
685 2657 760 2684 orta
777 2679 785 2692 ‚
828 2652 925 2685 brevi
954 2652 1143 2686 admodum
1168 2654 1338 2699 temporis
1364 2652 1480 2697 spatio
1507 2651 1636 2685 solitu-

199 2697 318 2730 dinem
341 2703 590 2740 peragrarent,
617 2710 657 2731 ac
681 2699 867 2732 Iordanem
894 2700 1109 2733 traiicerent.

290 2743 588 2779 Caeterumvdum
622 2747 723 2780 annis
750 2748 794 2791 4ο
819 2758 883 2792 per
915 2747 1144 2782 solitudinem
1171 2747 1254 2780 hinc
1280 2746 1364 2780 inde
1393 2745 1629 2785 oberrabant,
