1826 3120
596 155 880 199 mmmmm
922 159 1058 199 PARS
1084 161 1152 199 iv.
1468 139 1498 194 5
1515 160 1528 193 ι
1544 139 1576 194 3

133 250 352 311 προφανὴς
374 258 448 312 τῆς
478 259 610 301 αυ”τοῦ
638 261 902 313 παρανομίας
930 257 993 316 ἢν,
1027 260 1080 316 ἢν
1097 262 1226 303 ἐποίει
1246 261 1293 319 τῇ
1313 261 1409 318 Idci.»
1434 274 1583 302 συνευ-

131 319 355 375 ναζόμενος
383 323 558 381 οἷνεψιᾷ.

238 388 368 430 ’Μετὰ
398 391 445 431 δὲ
489 391 635 432 τοῦτον
663 392 985 443 Κωνσταντῖνος
1013 391 1108 442 υἱὸς
1148 394 1282 434 αὐτοῦ
1311 390 1403 442 ἔτος
1433 390 1497 434 ἓν·
1554 388 1582 446 ἦ

114 450 212 515 1γοὶρ
242 455 379 495 αὐτοῦ’
402 454 584 510 μητρυιά
616 458 819 511 Μαρτῖνα
859 457 937 499 σὺν
965 458 1083 515 αὐτῷ
1111 459 1166 516 τῷ
1195 459 1361 516 Πύρρῳ
1398 461 1582 513 θανατη-

95 517 269 574 5φόρον
298 521 416 578 αὐτῷ
444 520 717 576 κεραννύουσι
744 523 983 578 φάρμακον.
1040 521 1140 565 ὅθεν
1163 525 1242 565 τοῦ
1259 525 1581 567 Κωνσταντίνου

132 582 208 625 τὸν
233 586 351 638 βίον,
383 586 442 636 ὥς
470 585 655 642 εἴρηται,
685 589 1065 642 καταλιμπάνοντος
1095 591 1170 644 τῆς
1196 593 1413 644 βασιλείας
1431 589 1583 631 αὐτίκα

132 650 159 704 ἦ
192 653 392 705 ῙΙἸαρτΐνα
420 652 735 709 ἐπιδράσσεται,
767 656 841 696 καί
865 658 952 708 μετ’
983 657 1116 710 αὐτῆς
1137 656 1409 712 Ἡρακλωνιῖς
1437 656 1456 698 ὃ
1486 662 1628 704 παῖςῙ)

131 715 277 771 αὐτῆς.
332 718 425 760 ἀλλ’
467 721 533 760 ἐπ’
574 720 711 774 ὀλίγον
738 721 812 762 τοῦ
839 721 1018 775 κράτους
1047 721 1382 776 ἀπογευσάμενοι
1409 725 1462 780 τῇ
1490 723 1723 780 &stov-2¹4

132 783 226 839 δίκῃ
257 787 602 839 περιπίπτουσιν,
633 781 734 827 ἄλλο
764 785 1039 842 κερδάναντες
1058 790 1190 843 μηδὲν
1217 784 1245 842 ἢ
1274 787 1320 829 τὸ
1353 791 1473 830 κακοί
1501 805 1585 844 φα-

71 850 254 903 ιονῆναι
272 865 282 876 ·
342 850 443 905 ῥῖνα
469 855 548 903 μὲν
586 850 666 906 γὰρ
691 849 988 907 Ἡρακλωνᾶς,
1028 853 1052 908 ἦ
1084 855 1130 896 δὲ
1159 857 1366 909 Μαρτῖιά
1391 857 1586 908 γλῶτταν

133 915 416 969 ζημιωθέντες
441 919 501 966 εἰς
527 915 602 972 τὴν
630 916 862 973 ὑπερορίαν
891 913 1105 974 ἤχθησαν.
1136 922 1226 961 κατ’
1254 921 1387 961 ἐκεῖνο
1418 921 1464 961 δὲ
1493 936 1588 961 και-

131 982 210 1034 ροῦ
251 982 298 1022 ἐν
330 984 585 1039 Καθαργένῃ
614 985 667 1039 τῇ
710 983 829 1025 πόλει
858 985 1048 1039 λοιμικῆς
1093 984 1218 1027 νόσου
1261 984 1484 1041 συμβάσης
1515 985 1589 1027 καί

127 1044 292 1088 πολλῶν
314 1046 591 1103 θνησκόντων,
629 1048 887 1105 στρατιώτης
914 1067 977 1099 τις
1006 1046 1167 1100 ἄσωτος
1195 1050 1339 1106 λαβών
1366 1051 1441 1107 τὴν
1473 1053 1587 1094 ἰδίαν

126 1119 306 1167 γυναῖκα
334 1117 509 1169 ἐξῆλθεν
534 1117 579 1157 ἐν
605 1116 855 1174 προαστείῳ,
887 1117 1052 1158 κᾰκεῖσε
1081 1119 1135 1175 τῇ
1162 1119 1238 1159 τοῦ
1263 1118 1454 1173 γεωργοῦ
1479 1119 1587 1174 γυνῇ

67 1176 365 1234 ιδπεριπεσών
397 1182 650 1236 ἐτελεύτησε.
724 1182 779 1237 τῇ
826 1184 872 1225 δὲ
914 1184 1117 1238 ἐπαύριον
1157 1182 1424 1237 ψαλλόμενος
1463 1188 1589 1240 φωνῇ’

125 1243 288 1303 μεγάλῃ
332 1244 504 1302 ἔκραξεν
527 1248 754 1303 »ἐλεήσατέ
781 1264 836 1301 με
847 1251 887 1302 ,”
926 1248 1000 1290 καί
1025 1249 1212 1299 αἰἀστὰς
1239 1251 1463 1306 διηγήσατο
1496 1253 1584 1299 πῶς

127 1327 170 1353 τε
198 1311 270 1353 ὑπ’
299 1314 483 1368 ἀγγέλων
518 1315 646 1368 μέχρι
690 1316 769 1355 τοῦ
814 1318 887 1370 τῆς
915 1318 1113 1370 πορνείας
1156 1319 1354 1357 τελωνίου
1383 1317 1629 1371 ἑφέρετο,Ρ.
1644 1336 1710 1371 277

133 1377 206 1420 καὶ
233 1374 348 1427 ὅπως
378 1379 539 1421 ἐκεῖθεν
563 1378 644 1421 ὑπὸ
671 1378 882 1433 δαιμόνων
911 1384 1147 1437 κατηνέχθη
1178 1382 1235 1430 εἷς
1264 1380 1339 1424 τὸν
1365 1378 1483 1439 ᾅδην,
1512 1385 1586 1424 καί

131 1445 255 1486 τίνων
282 1447 415 1487 ἐκεῖσε
438 1448 579 1500 γέγονε
605 1446 776 1502 θεατής.
844 1446 1074 1490 κάντεῦθεν
1115 1445 1266 1490 ἑαυτὸν
1303 1451 1376 1490 καί
1403 1447 1582 1499 πολλοὺς

61 1522 116 1550 20
129 1509 356 1567 ὠφελήσας
385 1513 587 1555 α’πέθανε.

236 1576 364 1620 Μετὰ
393 1579 440 1620 δὲ
461 1575 738 1633 εΗρακλωνιῖν
755 1576 960 1628 Κώνστας
989 1578 1013 1621 ὅ
1042 1578 1135 1630 υἱὸς
1153 1582 1479 1623 Κωνσταντίνου
1509 1584 1582 1623 καί

122 1640 288 1699 ἔγγονος
309 1643 563 1700 (Ηρακλείου
593 1643 664 1701 ἔτη
693 1642 764 1697 κζ’.
796 1644 888 1688 τότε
916 1648 990 1689 καί
1016 1645 1037 1688 ὃ
1067 1646 1422 1704 ψευδοπροφήτης
1443 1646 1580 1691 Μωσέ-

122 1847 250 1881 faciem
289 1849 403 1893 ipsam
444 1849 634 1882 emitteret.
672 1847 741 1882 hoc
783 1853 860 1883 erat
879 1854 1130 1894 argumentum
1168 1848 1297 1894 flagitii
1320 1849 1548 1884 manifestum
1563 1878 1573 1893 ‚

121 1894 220 1942 quod
247 1895 368 1928 fratris
393 1895 468 1929 filia
493 1895 561 1928 sibi
586 1896 709 1929 iuncta
734 1902 1013 1941 perpetraverat.

211 1943 366 1988 Imperio
393 1948 475 1987 post
498 1943 615 1988 ipsum
639 1943 895 1978 Constantinus
920 1944 1015 1976 filius
1036 1954 1130 1976 anno
1155 1943 1280 1977 saltem
1305 1954 1378 1976 uno
1404 1945 1572 1989 praefuit.

120 1990 252 2023 etenim
277 1990 433 2023 Martina
468 2001 621 2023 noverca
654 1996 690 2023 et
721 1990 874 2033 Pyrrhus
904 1990 1015 2024 letale
1047 2001 1224 2024 venenum
1260 1990 1293 2023 ei
1320 1992 1570 2036 propinarunt.

118 2042 340 2082 quapropter
363 2038 599 2071 Constantino
626 2037 730 2070 rebus
756 2037 919 2070 humanis
945 2043 1123 2083 exempt0‚
1140 2038 1296 2071 Mai-tina
1319 2049 1403 2070 mox
1426 2039 1569 2084 imperii

117 2085 405 2128 procurationem
438 2085 607 2130 suscipit,
649 2084 820 2117 adiuncto
844 2085 914 2117 sibi
940 2085 1141 2117 Heraclona
1166 2085 1254 2118 filio.
1278 2096 1401 2119 verum
1425 2086 1569 2131 perexi-

117 2141 224 2174 guum
249 2131 295 2164 ad
319 2137 459 2177 tempus
487 2143 529 2165 eo
557 2132 666 2176 potiti
702 2132 795 2164 iusto
823 2131 882 2164 dei
907 2131 1042 2165 iudicio
1065 2133 1269 2176 perlerunt‚
1294 2132 1434 2165 nullum
1464 2133 1567 2167 aliud

117 2179 298 2212 consecuti
324 2179 461 2212 lucrum
487 2189 594 2224 quam
632 2178 730 2224 quod
755 2178 937 2223 improbos
963 2190 1001 2212 se
1026 2178 1263 2212 declararunt.
1288 2190 1370 2212 narn
1394 2180 1566 2213 Heracle-

115 2236 179 2258 nas
204 2226 340 2259 amissis
377 2225 522 2259 naribus
539 2251 549 2267 ,
572 2226 729 2259 Martina
767 2226 890 2270 lingua
916 2227 1075 2270 praecisa
1097 2227 1135 2259 in
1161 2227 1324 2260 exsilium
1347 2227 1443 2260 missi
1469 2233 1562 2260 sunt.

115 2271 247 2306 accidit
269 2273 325 2306 his
350 2273 572 2317 temporibus
594 2278 636 2306 ut
660 2285 739 2306 cum
758 2273 930 2318 pestilens
949 2272 1093 2306 morbus
1107 2273 1319 2318 Carthagine
1344 2280 1564 2317 grassaretur

115 2330 156 2352 ac
188 2320 294 2353 multi
313 2319 477 2353 homines
502 2326 738 2361 morerentur,
762 2320 864 2352 miles
889 2319 1036 2365 quidam
1059 2331 1183 2365 parum
1208 2322 1396 2354 continens
1420 2327 1563 2365 sumpta

116 2377 234 2400 secum
258 2378 368 2400 uxore
397 2379 460 2399 sua
500 2367 539 2400 in
583 2367 796 2400 suburbium
833 2377 871 2400 se
909 2367 1101 2403 conferret.
1133 2368 1287 2401 ibicum
1311 2368 1349 2401 in
1375 2369 1561 2413 amplexus

114 2413 277 2447 mulieris
301 2413 506 2454 cuiusdam,
533 2425 625 2459 quae
650 2415 827 2458 agricolae
860 2414 991 2446 coniux
1018 2419 1115 2454 erat,
1149 2415 1319 2456 venisset,
1346 2426 1428 2448 mox
1452 2417 1562 2448 vitam

115 2460 246 2494 amisit.
266 2461 381 2494 altero
414 2466 534 2494 autem
561 2461 620 2494 die
660 2462 815 2506 psalmos
839 2462 1030 2494 concinens
1055 2461 1127 2495 alta
1151 2473 1238 2495 voce
1267 2462 1444 2494 clamabat
1467 2462 1562 2502 „mi-

115 2507 282 2540 seremini
303 2509 407 2541 mei.'’
431 2507 564 2541 deinde
587 2519 733 2552 surgens
757 2507 926 2541 narrabat
952 2519 1024 2553 quo
1049 2514 1154 2553 pacto
1169 2509 1212 2542 ab
1226 2510 1362 2553 angelis
1391 2509 1435 2541 ad
1464 2520 1560 2541 scor-

115 2555 262 2587 tationis
287 2566 400 2600 usque
418 2555 594 2588 telonium
613 2555 753 2588 delatus
779 2555 923 2595 fuisset,
942 2566 983 2588 ac
1008 2566 1126 2589 rursus
1150 2557 1251 2589 illinc
1270 2568 1288 2588 a
1313 2557 1415 2588 malis
1442 2556 1558 2598 geniis

115 2601 161 2634 ad
189 2613 309 2634 orcum
332 2614 446 2647 usque
465 2602 684 2647 deportatus,
708 2613 870 2647 quasque
898 2613 953 2635 res
971 2603 1052 2635 istic
1077 2603 1330 2648 conspexisset.
1358 2602 1425 2635 hoc
1449 2602 1556 2635 modo

115 2659 196 2680 cum
223 2647 292 2681 sibi
317 2660 356 2682 ac
381 2650 504 2683 multis
529 2649 609 2682 aliis
634 2649 855 2682 indicatione
883 2659 947 2682 sua
971 2650 1190 2695 profuisset,
1216 2656 1365 2683 naturae
1391 2649 1556 2683 debitum

115 2695 531 2777 perscgggtthemdonam
544 2743 719 2777 Constans
735 2742 959 2778 Constantini
974 2743 1011 2777 F.
1027 2744 1183 2778 Heraclii
1199 2743 1240 2778 N.
1260 2743 1359 2776 annis
1378 2753 1419 2790 27
1440 2743 1554 2790 impe-

186 2812 331 2855 Glycas.
1259 2812 1301 2847 33
