1826 3120
575 134 863 177 ANNALmM
903 132 1039 175 PARS
1076 135 1109 173 1.
1456 105 1567 165 '2d3

118 240 196 282 aial
215 254 254 281 τι
280 238 326 280 τὸ
356 237 496 290 κακόν,
528 237 670 294 ἐπειδὴ
703 237 991 280 α’νυπόστατον
1018 235 1091 278 καὶ
1118 235 1186 292 ἐφ’
1205 231 1359 276 ἑαυτοῦ
1376 231 1434 287 μὴ
1462 227 1572 286 ὗφὲ-

115 320 251 361 στηκε.

59 419 63 425 ,
240 373 434 421 Τοιοῦτος
464 365 540 414 οὖν
567 366 694 427 ἤγουν
723 367 888 425 ἇγαθὸς
917 367 999 411 ὑπὸ
1031 371 1133 411 θεοῦ
1165 369 1404 425 παραχθείς
1429 365 1451 408 ὃ
1478 361 1574 407 διά-

80 446 81 450 ’
117 442 240 493 βόλος
267 440 343 493 τῆς
370 441 584 492 περιγειόυ
613 437 771 489 τάξεως
795 436 866 478 καί
892 437 966 490 τῆς
994 437 1069 491 γῆς
1097 437 1360 492 ἐνεχειρίσθη
1387 431 1464 488 την
1490 447 1573 488 φυ-

82 503 250 559 5λακὴν
278 507 379 560 παρ’
406 506 551 546 αὐτοῦ.
607 502 665 559 μή
696 502 863 558 ἐνέγκας
900 504 947 544 δὲ
978 499 1052 543 τόν
1081 517 1127 543 τε
1154 499 1369 558 φωτισμὸν
1397 500 1471 541 καί
1497 495 1574 552 τὴν

119 568 248 626 τιμὴν
278 569 330 626 ἢν
361 569 385 611 ὅ
411 569 510 619 θεὸς
539 570 655 627 αὐτῷ
681 571 926 623 ἐχαρίσατο,
957 570 1003 610 ἐκ
1031 570 1108 609 τοῦ
1138 566 1241 610 κατὰ
1271 564 1401 623 φύσιν
1430 567 1494 614 εἰς
1524 561 1571 606 τό
1586 571 1619 606 Ρ.
1639 581 1698 615 ¹⁰7

120 636 238 692 παρὰ
268 637 397 693 φύσιν
424 635 584 691 ἐτράπη
603 667 614 689 ,
659 635 732 676 καί
759 634 924 690 ἐπήρθη
954 632 1060 675 κατὰ
1089 636 1163 676 τοῦ
1193 631 1461 688 πεποιηκότος
1492 629 1574 672 αὕ-

119 704 191 746 τὸν
218 704 347 745 θεοῦ·
418 702 591 756 ,,θήσω”
633 700 704 742 καί
729 699 808 756 γάρ
844 696 934 741 εἶπε
973 700 1074 754 ,,τὸν
1101 699 1255 755 θρόνον
1283 715 1367 752 μου
1393 699 1464 740 ε’πί
1493 699 1577 739 τῶν

118 771 327 826 νεφελῶν,
377 771 450 810 καί
477 766 625 820 ἔσομαι
658 763 802 819 ὅμοιος
830 769 886 823 τῷ
914 766 1124 824 ὑψι’στῳ.”
1179 764 1299 808 ἔνθεν
1327 780 1392 816 τοι
1417 763 1490 806 καί
1518 763 1577 811 ὥς

61 850 110 877 10
123 833 317 891 ἀστραπή
364 835 467 876 κατὰ
499 833 577 888 τὴν
620 835 698 875 τοῦ
727 831 875 888 κυρίου
903 831 1048 889 φωνὴν
1078 835 1123 875 ἐκ
1153 833 1227 874 τοῦ
1261 833 1447 886 ου’ρανοῦ
1472 829 1575 871 κατὰ

119 902 195 958 γῆς
220 899 352 944 ἔπεσε.
380 899 714 955 συναπεσπάσθη
737 901 783 942 δὲ
814 901 932 956 αὐτῷ
951 899 1024 941 καί
1042 900 1243 941 συνέπεσε
1269 899 1428 956 πλῆθος
1456 892 1576 938 ἄπει-

121 983 196 1023 ρον
218 969 300 1010 τῶν
327 966 403 1008 ὑπ’
431 963 559 1009 αὐτὸν
586 968 847 1021 τεταγμένων
870 966 1067 1020 ἀγγέλων.
1093 967 1218 1008 τοῦτο
1246 965 1293 1007 δὲ
1323 965 1396 1005 καί
1425 959 1447 1004 ὅ
1474 977 1578 1018 προ-

120 1031 253 1091 φήτης
284 1034 458 1083 Ἡσαΐας
485 1031 641 1083 ἔδειξεν
666 1031 795 1083 οὕτως
824 1031 953 1074 εἰπών
985 1034 1101 1086 ,,παῖς
1129 1033 1320 1083 ἐξέπεσεν
1350 1027 1576 1084 ὅἙωσφό-

121 1116 192 1156 ρος
221 1097 242 1141 ὃ
272 1097 317 1142 τό
347 1101 463 1154 πρωῒ
487 1100 731 1152 α’νατέλλων,
759 1099 833 1140 καί
861 1100 1084 1153 συνετρίβη
1113 1100 1173 1146 εἰς
1199 1096 1274 1152 τὴν
1302 1098 1379 1151 γῆν
1390 1097 1427 1147 ,’”
1477 1095 1579 1136 Ἑω-

60 1165 108 1206 15
121 1165 280 1222 σφόρον
309 1167 356 1207 δὲ
385 1164 518 1207 αὐτὸν
545 1167 738 1207 ἐκάλεσεν
759 1167 812 1206 δι’
839 1163 890 1220 ἣν
920 1164 1002 1205 ἀπὸ
1024 1167 1129 1205 θεοῦ
1157 1162 1254 1216 ἔσχε
1282 1159 1574 1217 λαμπρότητα.

122 1230 287 1282 τούτοις
320 1228 395 1274 οὖν
417 1231 661 1281 ἀκολούθως
689 1234 763 1273 καί
787 1233 845 1288 τῷ
872 1228 1054 1288 θεολόγῳ
1075 1232 1115 1272 Γ
1113 1228 1292 1286 ρηγορίῳ
1322 1230 1612 1282 διει’ληπται.Β

117 1298 361 1354 Ἑωσφόρον
387 1297 468 1353 γὰρ
509 1294 638 1340 αὐτόν
683 1294 770 1340 εἶπε
800 1296 872 1339 διὰ
909 1296 984 1352 τὴν
1012 1294 1311 1351 λαμπρότητα,
1353 1292 1501 1343 σκότος
1530 1296 1578 1336 δὲ
1624 1341 1634 1346 ,

123 1364 196 1406 διὰ
222 1363 299 1419 την
342 1364 520 1420 ἔπαρσιν
549 1366 623 1406 καί
647 1362 868 1418 γενόμενον
905 1362 978 1404 καί
1005 1363 1237 1416 λεγόμενον.
1295 1359 1434 1403 ἔκτοτε
1464 1362 1511 1402 δὲ
1539 1358 1581 1400 οἱ

124 1429 359 1486 α’κάθαρτοι
389 1432 584 1484 δαίμονες
604 1429 675 1472 τόν
703 1432 799 1472 καθ’
827 1429 947 1484 ἡμῶν
975 1429 1220 1479 ἀνεδέξαντο
1250 1426 1446 1480 πόλεμον.
1505 1427 1580 1467 ου’-

60 1510 112 1538 20
126 1498 171 1539 δὲ
201 1494 279 1551 γάρ
325 1497 547 1550 ἀνέχονται
586 1495 688 1545 τούς
728 1497 980 1551 ἀνθρώπους
1020 1496 1129 1550 ὁρᾶν
1166 1497 1301 1537 ἐκεῖσε
1330 1491 1584 1542 σπεύδοντας

125 1563 315 1605 ἀνελθεῖν
344 1559 443 1605 ὅθεν
471 1565 734 1616 κακοβούλους
762 1564 953 1614 ἐξέπεσον
970 1596 982 1615 ,
1015 1562 1071 1611 ὥς
1104 1560 1128 1602 o‘
1154 1562 1285 1615 μέγας
1315 1562 1421 1616 φησί
1447 1562 1585 1602 Βασί-

126 1634 251 1679 λειος.
282 1631 428 1684 δοχεῖα
457 1632 529 1672 καί
556 1630 637 1685 γὰρ
669 1630 804 1684 πάσης
842 1624 955 1678 ὄντες
987 1629 1132 1678 κακίας
1161 1627 1234 1670 καί
1261 1624 1335 1683 την
1362 1628 1435 1668 τοῦ
1469 1624 1582 1682 φθό-

131 1850 168 1872 se
201 1838 342 1884 aliquid
375 1845 565 1885 propterea
603 1838 702 1884 quod
737 1838 975 1872 substantiam
1013 1836 1150 1871 nullam
1193 1835 1306 1869 habet
1344 1846 1411 1869 nec
1445 1846 1511 1881 per
1541 1846 1582 1868 se

131 1886 306 1920 subsistit.

225 1934 325 1967 Talis
361 1945 466 1977 ergO,
491 1934 657 1966 nimirum
685 1932 817 1972 bonus,
853 1944 872 1964 a
899 1931 966 1964 deo
991 1929 1157 1963 conditus
1193 1929 1380 1970 diabolus,
1404 1928 1582 1962 terrestris

132 1980 267 2014 ordinis
296 1987 332 2014 et
355 1982 467 2025 ipsius
497 1981 587 2014 adeo
614 1987 727 2013 terrae
752 1979 950 2012 custodiam
977 1990 996 2010 a
1025 1977 1094 2010 deo
1120 1977 1187 2010 sibi
1212 1976 1413 2010 mandatam
1429 1976 1584 2020 accepit.

132 2040 213 2061 cum
243 2034 362 2061 autem
391 2029 483 2060 ferre
508 2040 580 2060 non
622 2033 742 2072 posset
768 2026 1046 2059 illustrationem
1074 2031 1110 2057 et
1135 2024 1334 2065 honorem,
1359 2035 1467 2069 quem
1493 2023 1584 2056 deus

133 2076 167 2108 ei
193 2076 338 2120 largitus
365 2076 501 2115 fuerat,
530 2075 574 2108 de
602 2075 755 2108 naturali
782 2079 877 2106 statu
904 2074 940 2106 in
966 2064 1123 2105 alienufn
1147 2083 1166 2104 a
1193 2078 1320 2105 natura
1346 2083 1410 2104 sua
1437 2069 1582 2103 exorbi-

131 2123 244 2163 tavit,
272 2123 513 2167 adversusque
542 2135 644 2156 suum
670 2122 834 2166 opificem
864 2121 957 2153 fastu
984 2119 1138 2165 quodam
1165 2120 1280 2153 elatus
1308 2125 1375 2153 est.
1399 2118 1582 2160 „colloca-

131 2169 200 2202 bo”
226 2171 346 2215 inquit
369 2170 439 2215 (Es.
474 2169 511 2212 14
547 2170 599 2216 14)
632 2170 787 2211 „solium
822 2179 941 2200 meum
976 2168 1014 2200 in
1045 2166 1229 2208 nubibus,
1267 2170 1303 2199 et
1326 2177 1492 2210 supremo
1516 2176 1582 2210 par

135 2218 230 2249 ero-'⁷
258 2229 361 2262 quam
389 2216 536 2262 quidem
565 2217 612 2249 ob
639 2228 780 2250 causam
806 2216 913 2248 etiam
942 2215 1091 2259 fulguris
1106 2215 1219 2247 instar
1247 2213 1292 2246 de
1315 2214 1417 2246 coelo
1443 2214 1482 2246 in
1509 2218 1581 2245 ter-

134 2275 210 2297 ram
235 2264 390 2305 cecidit,
426 2265 479 2297 uti
511 2264 675 2297 dominus
712 2264 789 2308 ipse
822 2263 983 2307 loquitur
1017 2262 1112 2306 (Luc.
1145 2273 1182 2294 10
1214 2262 1280 2307 18).
1307 2267 1433 2306 estque
1458 2259 1582 2293 avulsa

135 2323 214 2344 cum
241 2323 295 2352 eo,
317 2312 497 2357 simulque
524 2312 623 2356 lapsa
647 2310 844 2344 multitudo
869 2309 1044 2355 quaedam
1069 2309 1276 2353 angelorum
1301 2309 1369 2353 ipsi
1397 2308 1582 2341 subiecto-

136 2370 212 2391 rum
243 2359 396 2391 infinita.
433 2359 647 2402 significavit
682 2359 751 2390 hoc
779 2362 878 2390 vates
915 2357 1033 2390 Esaias
1056 2356 1116 2402 (14
1149 2356 1202 2401 14)
1231 2355 1328 2388 hisce
1352 2356 1471 2388 verbis
1495 2355 1582 2398 „qni

137 2404 304 2450 delapsus
331 2413 385 2439 est
399 2406 541 2438 Lucifer
565 2407 641 2447 ille,
667 2406 730 2450 qui
758 2404 894 2449 pridem
919 2403 1112 2445 oriebatur,
1134 2409 1321 2449 terraeque
1339 2403 1463 2435 allisus
1482 2401 1581 2434 est?''

138 2452 340 2485 Luciferum
365 2454 549 2498 appellans
574 2453 620 2486 ob
650 2453 879 2498 splendorem
906 2451 1074 2484 divinitus
1102 2451 1135 2484 ei
1163 2461 1382 2484 concessum.
1412 2448 1583 2482 consimi-

138 2498 188 2530 lia
213 2499 401 2543 Gregorius
425 2501 488 2533 ille
514 2500 702 2544 theologus
727 2499 890 2539 tradidit,
930 2511 1008 2531 cum
1033 2498 1223 2531 luciferum
1244 2498 1361 2531 vocari
1387 2497 1437 2529 ait
1460 2496 1584 2540 splen-

140 2545 236 2578 doris
261 2549 315 2580 sui
342 2559 464 2588 causa,
492 2549 553 2592 qui
581 2549 693 2590 caligo
736 2547 906 2591 deinceps
939 2551 1084 2590 propter
1106 2546 1301 2578 elationem
1331 2545 1444 2576 sactus
1472 2544 1519 2576 sit
1547 2548 1586 2576 et

141 2593 352 2637 appelletur.
378 2595 574 2628 secundum
604 2595 694 2627 haec
719 2595 849 2639 impuri
882 2594 976 2636 genii
999 2593 1137 2626 bellum
1163 2592 1348 2626 adversum
1375 2602 1440 2624 uos
1463 2601 1586 2623 susce-

139 2645 281 2684 perunt„
315 2648 501 2685 nequeunt
530 2643 625 2675 enim
665 2653 782 2686 aequo
816 2641 932 2673 auimo
970 2641 1045 2686 pati
1084 2646 1122 2673 ut
1146 2640 1309 2673 homines
1341 2650 1384 2672 eo
1421 2638 1584 2671 studiose

140 2686 401 2721 contendentes
432 2689 595 2730 videant,
622 2689 717 2722 uude
747 2690 815 2733 ipsi
851 2689 1001 2733 pessimo
1025 2688 1176 2721 consilio
1203 2686 1434 2726 deciderunt,
1458 2697 1585 2730 quem-

142 2733 334 2768 admodum
355 2746 501 2780 magnus
528 2738 591 2771 ille
605 2736 757 2774 Basilius
774 2736 832 2770 ait.
864 2736 997 2782 quippe
1022 2747 1102 2770 cum
1123 2736 1236 2770 omnis
1259 2733 1501 2781 improbitatis
1529 2743 1585 2766 re-
