1826 3120
592 117 879 158 ANNALiUM
934 118 1072 160 PARS
1109 121 1163 160 ιι.
1492 101 1606 174 249

149 215 449 271 κατηναλωσαν
478 214 528 259 τὰ
557 233 869 271 παρακειμένα,
902 218 1176 296 πρρσποιήσει
1204 218 1281 261 τοῦ
1308 223 1470 274 φαγεῖν.
1499 219 1608 262 ἀλλὰ

148 285 222 325 καί
251 282 526 339 Θεοδώρητος
569 279 678 324 ου’τω
725 283 854 339 φησίν
895 301 1023 338 „oure
1052 287 1103 341 τῇ
1145 283 1271 341 φύσει
1302 279 1452 340 ανδρες
1483 280 1606 340 ἧσαι,

147 350 240 392 ἀλλ’
272 347 446 391 ἐδόκουν
476 345 607 402 εἶναι,
639 345 736 391 ου’τε
768 349 927 407 ἔφαγον
946 367 1004 400 ως
1037 347 1280 407 ἄνθρωποι,
1313 351 1403 394 ἀλλ’
1433 350 1649 395 ἐδόκουνῦ

148 414 310 458 ἐσθίειν
346 418 397 473 τῇ
429 409 528 469 όψει
557 417 642 458 τῶν
683 415 899 470 ὁρώντων,
933 413 1271 470 ἀναλισκομένων
1294 421 1378 461 τῶν
1406 422 1607 473 προτιθε-

109 483 284 535 5μένων
311 481 419 523 κατὰ
461 481 582 524 θείαν
613 484 673 524 ἐν
659 485 853 538 έργειαν.7
922 484 961 525 εἰ
989 485 1035 524 δὲ
1066 501 1134 525 και
1165 487 1273 538 λέγει
1307 486 1332 540 ἦ
1364 484 1509 542 γραφὴ
1542 482 1608 528 ὅτι

146 550 386 604 παρέθηκεν
431 550 577 598 αὐτοῖς
610 550 682 590 καί
711 548 891 605 ἔφαγον,
934 548 1080 591 καινὸν
1110 550 1257 592 οὐδέν·
1315 549 1417 601 ἴσως
1444 551 1525 607 γάρ
1555 551 1601 594 τὸ

146 611 394 670 οἷνηλωσθαι
425 612 582 664 αὐτούς
612 621 763 670 φαγεῖν
801 632 914 658 ειπεν
942 616 966 670 ἡ
995 633 1154 671 γραφη.
1220 616 1293 658 καί
1319 625 1429 673 τρεῖς
1456 622 1535 672 μὲν
1563 620 1607 661 έν

145 681 197 738 τῇ
235 682 364 739 σκηνῇ
409 680 632 738 φαίνονται
673 677 849 736 ἄνδρες,
882 681 1072 738 καθάπερ
1105 681 1128 724 ὄ
1154 699 1345 738 χρυσους
1371 685 1448 740 τήν
1475 686 1607 741 γλῶτ-

144 763 225 791 ταν
253 750 381 803 φησί,
424 745 501 789 dv'o
537 748 583 789 δὲ
621 746 692 789 επί
718 746 884 802 Σόδομα
925 752 1244 804 παραγίνονται.
1302 751 1393 793 ἐκεῖ
1413 755 1492 804 μὲν
1522 752 1603 808 γὰρ

85 831 133 862 ιο
145 830 217 856 και
246 812 284 856 οἱ
315 809 481 869 αγγελοι
504 830 574 855 και
604 813 627 854 ὅ
655 812 816 856 τούτων
850 815 1053 870 δεσπότης
1070 833 1172 857 κατα
1203 815 1354 858 ταύτὸν
1380 813 1601 873 ὤφθησαν.

145 882 236 923 ἀλλ’
266 881 303 923 οἱ
330 883 410 934 μὲν
445 897 500 930 ως
531 880 741 936 ὑπηρέται
772 882 1082 935 ἀπεστέλλοντο,
1113 882 1135 924 ὁ
1169 884 1216 924 δὲ
1245 881 1380 936 ἑμειιε
1410 883 1600 941 καθάπερ

143 949 267 1004 φίλος
285 947 396 1005 φίλῳ
414 946 645 1001 μονονουχὶ
673 948 1042 1003 κοινολογούμενος
1068 951 1127 1007 τῷ
1158 951 1306 1007 δικαίῳ
1337 946 1444 1003 ἅπερ
1479 949 1603 1004 effuca-

143 1019 189 1056 λε
216 1019 375 1055 ποιεῖν·
443 1016 524 1067 „ov'
567 1013 656 1068 μὴ”
692 1013 772 1069 γάρ
802 1031 907 1071 φησι
947 1013 1128 1070 ,,κρυ’ψω
1167 1014 1249 1057 α’πό
1292 1015 1489 1072 Ἀβραὰμ
1527 1019 1603 1059 τοῦ

90 1110 92 1116 1
141 1077 288 1130 παιδός
315 1096 401 1133 μου
445 1078 475 1121 ὃ
510 1083 650 1134 μέλλω
680 1083 895 1136 ποιῆσαι.”
964 1080 1178 1138 Κύριλλος
1213 1084 1259 1124 δὲ
1293 1082 1314 1124 ὁ
1343 1085 1476 1137 μέγας
1505 1086 1644 1139 περίΙ)

82 1146 130 1189 15
143 1163 302 1190 τουτων
340 1144 466 1190 ου’τω.
534 1150 636 1201 „nac
655 1155 766 1201 τρεῖς
805 1152 883 1202 μὲν
917 1150 960 1190 ἐν
993 1151 1107 1206 α’ρχῇ
1135 1151 1193 1208 τῷ
1217 1148 1415 1204 Ἀβραὰμ
1445 1153 1600 1204 προσέ-

139 1218 270 1268 βαλον
297 1216 342 1257 έν
370 1217 423 1271 τῇ
454 1215 556 1270 δρυῒ
582 1217 633 1272 τῇ
654 1218 824 1271 ΠΙαμβρ
829 1218 869 1272 ᾗ,
901 1214 977 1257 δύο
1007 1218 1052 1258 δὲ
1082 1222 1170 1266 τοῖς
1198 1216 1401 1270 Σοδόμοις
1429 1219 1600 1274 ἐπεφοί-

138 1297 284 1337 τησαν.
343 1281 443 1323 ovo&
472 1281 551 1336 γὰρ
587 1279 606 1322 ὃ
640 1281 780 1337 πατὴρ
813 1289 952 1338 κρινεῖ
966 1279 1129 1335 οὐδένα,
1159 1300 1300 1325 πασαν
1331 1284 1376 1324 δὲ
1404 1301 1480 1338 την
1509 1283 1598 1339 κρί-
1611 1292 1653 1327 V.
1669 1297 1731 1330 103

140 1363 209 1390 σιν
228 1349 383 1390 δέδωκε
411 1351 466 1390 τιῦ
493 1347 587 1404 υἱῷ,
615 1365 723 1391 κατα
753 1347 828 1405 τὴν
866 1348 1011 1406 φωνὴν
1041 1347 1174 1391 αὖτοῦ
1202 1350 1279 1391 τοῦ
1307 1350 1470 1404 κυρι’,ου
1499 1368 1600 1392 συν-

143 1415 265 1464 όντος
305 1416 497 1470 φυσικῶς
538 1414 613 1457 καὶ
652 1419 729 1457 τοῦ
766 1414 887 1471 ἁγίου
933 1415 1211 1469 πνευᾏιιατοςῗ
1281 1412 1347 1458 ὅτι
1375 1417 1421 1458 δὲ
1455 1415 1475 1457 ὁ
1509 1416 1598 1467 υἱὸς

78 1482 214 1522 nouat*
254 1480 299 1524 τὸ
332 1483 498 1535 πνεῦμα
528 1483 601 1524 ἐπὶ
629 1480 800 1536 Σόδομα
840 1482 1111 1538 ἐπορεύοντο,
1143 1482 1215 1525 καί
1243 1483 1268 1538 ἦ
1299 1485 1374 1525 τοῦ
1398 1483 1600 1537 Ἀβραάμ

140 1549 254 1599 ξενία
296 1549 446 1604 σαφῶς
474 1551 687 1606 παριστᾷ,
735 1546 929 1605 καθάπερ
959 1546 981 1589 ὅ
1011 1551 1142 1603 μέγας
1172 1552 1300 1606 φησίν
1329 1548 1596 1599 Ἀθανάσιος.

429 1611 443 1627 t

141 1615 183 1658 εἰ
208 1612 267 1670 μὴ
298 1613 379 1671 γάρ
421 1631 442 1656 ο
475 1613 569 1664 υἱὸς
598 1617 671 1658 καί
703 1613 750 1658 τὸ
783 1617 951 1669 πνεῦμα
980 1611 1112 1671 ἦσαν,
1142 1616 1218 1658 οὐκ
1244 1611 1299 1659 [ἲν
1326 1617 1383 1673 τῷ
1413 1618 1500 1674 θεῷ
1527 1615 1601 1658 καί

141 1811 287 1857 angelos
324 1812 433 1845 sacris
470 1812 509 1845 in
541 1812 675 1846 litteris
709 1813 909 1847 comedisse
936 1814 1051 1847 audis.
1085 1814 1218 1847 etenim
1247 1814 1283 1848 vi
1310 1814 1466 1859 quadam
1492 1815 1600 1848 inad-

140 1859 329 1905 spectabili
372 1860 539 1904 apposita
576 1859 643 1893 sub
675 1871 717 1893 eo
754 1867 942 1906 praetextu
980 1861 1242 1902 absumebant,
1268 1862 1373 1906 quasi
1402 1863 1452 1895 eis
1475 1873 1600 1896 vesce-

140 1913 273 1940 rentur.
301 1913 338 1940 et
350 1907 592 1940 Theodoritus
619 1909 670 1941 ait
692 1907 758 1941 hos
784 1919 904 1953 neque
925 1914 1055 1941 natura
1079 1909 1188 1941 fuisse
1215 1908 1391 1949 homines,
1416 1909 1479 1942 sed
1506 1910 1600 1943 hanc

139 1966 224 2000 prae
250 1965 286 1988 se
315 1955 442 1988 tulisse
466 1955 642 2000 speciem3
666 1967 734 1988 nec
758 1961 798 1988 ut
821 1955 986 1988 homines
1013 1955 1231 1997 comedisse,
1261 1956 1397 2001 quippe
1425 1957 1488 2001 qui
1514 1968 1600 1990 oeu-

139 2002 185 2035 lis
212 2002 421 2035 intuentum
456 2002 646 2036 comedere
670 2003 902 2044 viderentur,
940 2014 1021 2035 cum
1047 2003 1191 2036 interim
1230 2003 1352 2036 divina
1382 2003 1538 2048 quadam
1565 2005 1600 2037 vi

139 2050 324 2094 appositos
357 2049 456 2083 cibos
498 2050 741 2084 absumerent.
775 2050 844 2083 iam
874 2050 973 2095 quod
996 2051 1046 2083 ita
1086 2050 1230 2083 litterae
1255 2061 1375 2083 sacrae
1402 2051 1600 2096 loquantur

139 2097 245 2142 quasi
269 2098 432 2142 apposita
456 2097 691 2138 comederint,
716 2097 812 2130 nihil
838 2103 892 2131 est
919 2108 1062 2131 novum.
1084 2109 1167 2130 nam
1190 2109 1254 2147 par
1280 2103 1334 2131 est
1364 2098 1511 2132 credere
1535 2111 1599 2132 vo-

140 2144 214 2177 cari
236 2144 549 2178 manducationem
581 2146 695 2190 ipsam
737 2145 896 2178 ciborum
935 2140 1234 2190 absumptionem.
1262 2150 1332 2178 tres
1358 2157 1505 2191 quoque
1530 2147 1597 2179 viri

140 2193 326 2237 conspecti
353 2198 438 2226 sunt
462 2192 500 2225 in
539 2192 801 2233 tabernaculo,
842 2198 883 2225 ut
911 2191 1154 2235 Chrysostomi
1179 2191 1297 2226 verbis
1325 2198 1490 2234 utamur,
1517 2206 1597 2226 cuni

141 2237 212 2272 duo
250 2245 389 2272 tantum
419 2239 574 2272 Sodoma
616 2241 790 2274 venerint.
827 2251 908 2272 narn
945 2240 1026 2273 istic
1060 2240 1207 2285 quidem
1246 2241 1430 2285 conspecti
1456 2247 1600 2275 suntet

139 2286 258 2330 angeli
287 2287 396 2320 simul
422 2292 459 2320 et
484 2298 607 2320 eorum
634 2287 820 2320 dominus:
848 2287 928 2319 heic
952 2298 1036 2320 vero
1063 2287 1119 2320 illi
1149 2293 1321 2332 tanquam
1349 2289 1505 2321 ministri
1534 2289 1590 2321 ab·

140 2332 325 2378 legantur,
351 2341 520 2368 manente
550 2335 647 2379 apud
672 2334 912 2368 Abrahamum
934 2334 1092 2375 domino,
1118 2341 1154 2368 et
1189 2340 1331 2368 tantum
1354 2347 1429 2368 non
1455 2336 1493 2368 in
1519 2348 1597 2369 ino-

141 2390 215 2413 rem
239 2382 345 2414 amici
374 2394 454 2414 cum
479 2383 614 2424 amico,
639 2383 716 2415 viro
740 2383 948 2422 iustissimo,
975 2381 1019 2414 de
1049 2382 1092 2415 iis
1117 2393 1211 2428 quae
1237 2382 1394 2416 facturus
1421 2389 1498 2416 erat
1523 2383 1596 2416 dis-

140 2433 293 2462 serente.
322 2440 454 2474 egone,
483 2430 605 2475 inquit
629 2430 737 2474 (Gen.
770 2431 808 2462 18
841 2430 920 2474 17),
945 2434 986 2462 ut
1007 2428 1246 2463 Abrahamum
1278 2430 1451 2462 famulum
1474 2442 1595 2463 meum

141 2475 255 2508 celem
293 2455 363 2509 deo
362 2477 404 2509 iis
431 2488 524 2522 quae
549 2489 626 2510 sum
653 2476 835 2510 facturus?
861 2477 967 2509 aliter
996 2476 1064 2510 hac
1096 2476 1142 2510 de
1171 2488 1209 2510 re
1239 2478 1392 2521 Cyn-illus
1419 2477 1594 2522 loquitur.

139 2526 231 2563 tres,
266 2524 338 2564 ait,
375 2523 472 2569 apud
510 2536 682 2569 quercum
718 2523 902 2558 Mambrae
936 2522 1174 2558 Abrahamum
1209 2530 1475 2565 convenerunt,
1514 2536 1595 2558 cuni

139 2568 294 2603 Sodoma
319 2570 390 2604 duo
418 2577 561 2605 tantum
585 2573 829 2616 pervenerint
854 2576 956 2616 pater
988 2571 1083 2604 enim
1109 2583 1183 2605 non
1207 2571 1344 2605 iudicat
1368 2582 1595 2616 quenquam,

139 2627 206 2649 ceu
231 2616 395 2651 dominus
420 2619 497 2663 ipse
525 2619 688 2664 loquitur
710 2619 801 2662 (Ioh.
831 2619 850 2651 5
878 2618 956 2663 22),
982 2618 1046 2652 sed
1070 2630 1176 2652 omne
1202 2619 1378 2653 iudicium
1407 2619 1484 2651 filio
1509 2630 1596 2652 con—-

140 2663 258 2705 cessit,
281 2664 338 2697 cui
365 2666 512 2711 spiritus
537 2667 645 2700 etiam
675 2672 816 2699 sanctus
840 2666 1055 2700 nami-aliter
1077 2666 1191 2700 adest.
1220 2673 1257 2700 et
1280 2666 1392 2699 filium
1417 2677 1497 2698 cum
1522 2668 1597 2711 spi-

115 2711 212 2750 sritu
238 2690 392 2745 Sodoma
414 2724 452 2746 se
478 2715 678 2759 recepisse,
705 2714 790 2746 satis
813 2712 969 2758 intelligi
986 2712 1030 2747 de
1054 2713 1226 2760 hospitali
1252 2714 1466 2759 exceptione
1482 2714 1597 2748 Abra-
