1826 3120
586 125 870 165 ANNALHJM
909 122 1044 164 PARS
1084 123 1117 162 1.
1429 180 1431 182 Ι
1497 121 1562 177 91

126 227 214 271 ἔστι
239 226 499 275 θεάσασθαι,
537 221 599 274 οἷς
631 226 904 281 ἕφιζὰνουσιν
938 224 1128 267 Ἀττικαί
1153 220 1404 280 συχνότερον
1427 224 1618 276 μέλισ-Β

125 310 214 337 σαι.
276 295 476 336 ἐντεῦθεν
524 291 598 334 καί
619 293 878 347 δριμυτέραν
908 290 997 345 ἔχει
1026 290 1101 345 τήν
1129 285 1350 347 ὄσφρησιν.
1406 286 1470 331 διὸ
1499 306 1577 331 κα-

125 361 263 416 θάπερ
294 359 395 417 ἱερῷ
423 358 505 402 τινὶ
524 355 703 415 Ἀττικῷ
721 363 836 411 ,μυῖα
867 358 942 399 οιῗκ
970 355 1224 414 §madefiat
1252 359 1402 410 μέλιτι.

235 428 278 469 Γ
274 425 422 469 ι’νωσκε
460 427 507 467 δὲ
547 423 652 480 πρὸς
691 422 851 472 τούτοις
887 419 953 463 δ’τι
991 429 1117 476 μυῖαι
1165 424 1239 465 καί
1277 426 1475 476 μέλισσαι
1507 421 1581 464 καί

91 497 114 540 5
126 493 343 550 μύρμηκες
383 490 467 533 ὑπὸ
509 490 653 535 ἐλαίου
692 487 973 543 ἀπόλλυνται,
1019 487 1130 530 διότι
1169 488 1222 531 ‘cci
1269 485 1579 532 ἆναπνευστικὰ

127 559 247 603 στενὰ
278 557 393 614 ἔχει,
422 556 469 600 τὸ
501 559 548 599 δὲ
575 555 713 599 ἔλαιον
740 555 938 611 γλίσχρον
966 552 1203 611 ἐμφράττει
1233 555 1361 598 αὐτά.
1391 555 1582 610 πάσχου-

128 644 170 670 σι
201 627 249 669 δὲ
276 626 402 669 τοῦτο
430 622 504 666 καί
531 621 570 665 οἱ
597 617 717 679 ὄφεις
745 619 828 663 ύπὸ
849 624 930 664 τῶν
957 620 1238 677 βαρυόδμων·
1295 620 1340 664 τὸ
1370 621 1451 678 γὰρ
1482 628 1581 676 παρ’

129 693 273 744 αι’·τοῖς
325 690 575 746 στενόπορον
609 691 692 733 τῶν
723 690 1061 732 α’ναπνευστικῶν
1089 689 1374 745 ἐμφράττεται
1403 687 1483 731 ὑπὸ
1512 690 1585 743 τῆς

128 760 210 803 τῶν
236 759 518 813 θυμιωμένων
545 756 795 811 παχύτητος.
850 757 923 797 ἐπὶ
942 754 1026 811 ,γάρ
1054 753 1183 812 τούτῳ
1214 754 1286 797 καὶ
1310 754 1358 798 τὸ
1389 758 1463 811 τῆς
1488 754 1583 797 ἑλά-

71 846 118 872 ιο
131 843 214 883 φου
240 820 365 881 κέρας
390 823 658 877 θυμιώμενον
686 822 834 881 φεύγει
866 821 939 864 καί
964 825 1124 876 μᾶλλον
1147 819 1170 863 ὅ
1201 814 1330 879 ὄφις(
1380 825 1584 864 λειποθυ-

129 899 224 948 μεῖν
253 890 336 947 γοὶρ
366 887 497 932 αὐτόν
527 890 761 944 α’ναγκάζει.

237 960 328 1001 {Eut
356 958 462 999 πᾶσι
501 957 547 998 δὲ
578 957 744 1005 τούτοις
771 960 857 1004 τοῖς
885 955 1046 1011 ὀρνέοις
1073 954 1309 1011 οὕρηδόχον
1339 955 1487 997 κύστιν
1512 953 1687 1008 καίΡ.48

128 1023 311 1082 νεφρούς
350 1022 378 1079 ἧ
420 1022 549 1081 φύσις
594 1022 670 1064 οὔκ
709 1021 887 1076 ἔδωκεν,
934 1020 1001 1064 ὅτι
1042 1025 1198 1078 πολλῆς
1226 1020 1465 1076 ’ὑγρότητος
1496 1020 1585 1063 ἔδει

129 1090 235 1148 πρὸς
275 1092 437 1146 γένεσιν
473 1092 556 1132 τῶν
597 1090 773 1145 πτερῶν.
842 1088 949 1131 ἀλλὰ
978 1091 1053 1131 καί
1076 1087 1124 1131 τὸ
1154 1087 1448 1144 γυμνάζεσθαι
1476 1088 1582 1130 uacci

72 1166 118 1207 15
131 1159 208 1215 τὴν
232 1160 380 1214 πτῆσιν
422 1158 682 1209 ἐξαναλίσκει
724 1154 899 1212 ταύτην.
973 1155 1121 1211 ἔχουσι
1150 1157 1196 1198 δὲ
1226 1157 1300 1198 καί
1324 1154 1401 1210 την
1429 1153 1585 1209 κόπρον

132 1227 325 1277 ἐξιοῦσαν
352 1224 433 1267 σύν
463 1224 660 1280 ὑγρότητι
688 1224 739 1265 οὔ
769 1222 966 1280 μετρίως.
1021 1225 1096 1265 καί
1122 1222 1273 1266 τούτου
1302 1221 1431 1279 χάριν
1459 1221 1586 1277 οὔρη-

133 1291 261 1347 ὅόχον
287 1290 430 1333 κύστιν
460 1288 485 1346 ἡ
518 1289 647 1347 φύσις
679 1296 767 1340 τοῖς
795 1290 954 1345 ὀρνέοις
982 1289 1059 1331 οὐκ
1087 1288 1253 1332 ἔδωκεν.

230 1353 369 1412 Ἔχεις
401 1356 493 1400 ἰδοῦ
521 1359 594 1399 καί
621 1356 673 1398 τὰ
705 1359 780 1411 τῆς
808 1359 994 1414 πέμπτης
1021 1356 1195 1411 ἡμέρας.

237 1424 305 1466 Ἐν
337 1425 384 1466 δὲ
422 1425 471 1481 τῇ
498 1425 589 1480 ἕκτῃ
634 1423 771 1481 ἡμέρᾳ
807 1425 852 1464 ἐκ
879 1423 951 1477 τῆς
981 1423 1054 1477 γῆς
1081 1422 1216 1477 ἐξάγει
1240 1421 1292 1464 τοὶ
1321 1420 1581 1476 τετράποδα·

67 1493 232 1546 20‚,aeat'
256 1485 374 1533 εἶπε”
415 1487 495 1545 γάρ
536 1505 666 1545 φησιν
698 1488 750 1542 ,,ὄ
791 1488 892 1538 θεὸς
925 1490 1161 1542 ε’ξαγαγέτω
1192 1488 1217 1543 ἧ
1244 1489 1298 1543 γῆ
1327 1484 1475 1542 ψυχὴν
1503 1487 1622 1537 {ca-B

224 1615 258 1647 6.
281 1614 469 1660 γλίσχρον
498 1609 542 1648 ὄν
566 1611 706 1660 ἐμφρίέ
836 1624 870 1656 9.
904 1611 1015 1647 τοῦτο
1040 1612 1075 1646 Ρ.

136 1729 230 1763 dere.
255 1737 336 1761 nam
362 1727 482 1771 thymo
507 1727 659 1760 Atticam
687 1727 869 1760 abundare
890 1727 1063 1768 videmus,
1091 1727 1148 1760 cui
1173 1725 1309 1758 herbae
1327 1729 1368 1758 ut
1393 1723 1587 1769 plurimum

135 1788 222 1822 apes
247 1775 388 1809 Atticae
426 1773 597 1807 insident.
631 1785 702 1819 quo
735 1775 776 1808 fit
800 1780 840 1808 ut
864 1775 937 1807 mel
967 1775 1123 1807 Atticum
1153 1773 1261 1806 etiam
1286 1771 1431 1805 odorem
1455 1770 1589 1803 habeat

135 1824 316 1857 acriorem.
341 1822 470 1855 iccirco
495 1822 596 1854 melli
619 1821 762 1862 Attico,
798 1827 969 1866 tanquam
999 1832 1119 1862 sacro,
1144 1830 1284 1852 muscae
1308 1830 1381 1851 non
1406 1817 1587 1850 insident:

136 1871 201 1905 sed
223 1876 264 1904 ut
288 1870 440 1902 maxime
467 1881 546 1901 cum
569 1869 722 1913 strepitu
741 1869 1006 1909 circumvolent,
1035 1868 1079 1900 ab
1106 1867 1310 1911 direptione
1334 1871 1456 1899 tamen
1482 1864 1589 1898 labo-

137 1930 215 1953 rum
235 1918 312 1963 apis
325 1912 466 1950 Atticae
489 1921 666 1949 arcentur.

229 1966 374 1999 Praeter
404 1964 494 1997 haec
529 1964 620 1997 scire
659 1961 791 2002 debes,
826 1973 964 1995 muscas
993 1965 1029 1994 et
1057 1971 1142 2005 apes
1169 1966 1205 1994 et
1231 1960 1392 1994 formicas
1417 1959 1499 1992 oleo
1526 1969 1589 1994 ex-

137 2013 265 2058 tingui.
289 2024 373 2046 nam
394 2023 479 2046 vasa
505 2010 636 2057 quibus
663 2009 851 2054 respiratio
873 2009 914 2042 fit
936 2014 1020 2041 sunt
1041 2009 1092 2042 eis
1117 2013 1284 2052 angusta,
1310 2018 1402 2052 quae
1433 2006 1478 2039 ab
1505 2007 1587 2040 oleo

138 2066 266 2094 natura
297 2060 398 2093 lento
430 2060 646 2105 viscosoque
672 2057 776 2090 facile
813 2056 1059 2090 obstruuntur.
1084 2054 1179 2089 idem
1205 2055 1434 2100 serpentibus
1458 2053 1591 2087 accidit

139 2106 375 2141 offerentibus
411 2118 448 2141 se
474 2107 581 2140 rebus
608 2117 758 2151 quarum
800 2104 913 2148 gravis
938 2108 991 2136 est
1023 2103 1124 2136 odor.
1149 2103 1283 2136 etenim
1299 2102 1467 2146 ,angustia
1490 2112 1590 2134 mea-

139 2162 242 2189 tuum
276 2155 316 2188 iu
347 2155 398 2188 eis
434 2154 659 2200 respirationi
701 2152 960 2185 destinatorum
990 2161 1055 2196 per
1078 2150 1260 2184 suffituum
1301 2149 1497 2183 crassitiem
1523 2148 1590 2181 ob-

140 2203 301 2236 struitur.
343 2213 414 2248 qua
439 2203 516 2247 ipsa
541 2201 586 2235 de
617 2211 720 2234 causa
750 2200 791 2234 fit
819 2205 860 2232 ut
882 2209 991 2232 cornu
1019 2198 1202 2231 cervinum
1225 2208 1374 2242 serpens
1397 2197 1508 2240 magis
1536 2201 1590 2229 et-

140 2252 210 2284 iam
234 2249 348 2295 fugiat
371 2261 477 2296 quam
502 2260 557 2283 res
590 2249 672 2282 illas
695 2247 880 2281 odoratas:
905 2246 1039 2292 quippe
1064 2251 1266 2291 serpentem
1290 2244 1328 2280 id
1354 2255 1499 2290 prorsus
1526 2255 1589 2276 ex-

139 2298 286 2331 animat.

233 2345 347 2391 Supra
374 2345 494 2379 omnia
516 2343 621 2378 nobis
646 2343 684 2376 in
709 2342 778 2375 hoc
803 2341 934 2382 etiam,
959 2340 1037 2382 fili,
1064 2345 1118 2373 est
1143 2338 1411 2385 inquirendum.
1435 2339 1588 2372 vesicam

140 2393 241 2426 illam
274 2405 345 2439 qua
384 2393 489 2426 urina
514 2392 715 2436 excipitur,
751 2390 911 2433 itemque
935 2398 1036 2421 renes
1060 2387 1185 2422 avibus
1208 2388 1337 2421 iccirco
1361 2391 1487 2421 natura
1514 2396 1588 2417 non

143 2439 264 2482 dedit,
289 2439 388 2486 quod
414 2439 459 2473 ad
481 2438 730 2485 producendas
771 2447 905 2482 pennas
930 2435 1043 2468 multo
1073 2435 1221 2468 humore
1249 2446 1339 2480 opus
1357 2439 1451 2475 erat.
1478 2438 1588 2476 atque

143 2488 252 2521 etiam
287 2489 365 2533 ipsa
393 2487 537 2520 volandi
564 2485 773 2520 exercitatio
811 2482 916 2516 facile
941 2482 1125 2516 humorem
1149 2482 1187 2517 in
1215 2483 1266 2516 eis
1290 2482 1458 2515 absumit.
1484 2490 1589 2525 prae-

142 2540 240 2568 terea
289 2547 369 2569 cum
416 2541 551 2568 stercus
599 2537 794 2567 excernuut
812 2558 820 2572 ‚
860 2541 933 2563 non
978 2542 1103 2576 parum
1142 2530 1300 2564 humoris
1349 2527 1457 2561 simul
1504 2526 1589 2560 exit.

144 2583 374 2627 quamobrem
399 2583 523 2616 urinae
547 2580 812 2627 receptaculum
836 2578 874 2611 in
899 2577 1023 2613 avibus
1047 2584 1174 2613 natura
1209 2589 1283 2611 non
1302 2574 1475 2609 condidit.

234 2630 287 2664 En
313 2630 423 2664 habes
447 2635 484 2663 et
506 2631 654 2675 quintae
682 2628 756 2662 diei
785 2637 903 2671 opera.

235 2677 341 2712 Sexta
367 2677 425 2711 die
439 2677 526 2711 deus
556 2688 574 2710 e
589 2683 684 2711 terra
707 2674 842 2711 bestias
868 2671 1120 2718 quadrupedes
1144 2671 1323 2717 producit.
1347 2668 1469 2715 inquit
1495 2668 1592 2701 enim

143 2723 316 2760 historiae
353 2725 502 2771 scriptor
535 2724 640 2770 (Gen.
674 2736 682 2756 ι
715 2722 773 2768 24)
805 2720 922 2763 „dixit
962 2719 1070 2763 deus,
1107 2719 1192 2754 edat
1214 2718 1322 2753 tellus
1358 2717 1510 2751 animam
1535 2715 1588 2748 vi-
