1826 3120
610 141 893 181 ANNALmM
933 141 1068 184 PARS
1112 144 1148 182 ι..
1475 123 1582 180 155

134 241 312 282 τὲλιπεν.
330 237 371 280 εἰ
384 238 464 293 γάρ
489 239 649 282 ἐκεῖθεν
667 241 742 282 καί
766 242 889 282 τοῦτο
919 240 1080 295 ἔλαβον,
1101 242 1200 283 ποία
1216 239 1347 298 -χάρις
1365 242 1484 296 ε’μοίς
1501 242 1584 296 ἔχω
1598 253 1623 286 ss

132 307 268 348 τοίνυν
294 302 341 346 τὸ
364 308 463 346 καθ’
491 305 703 360 ὁμοίωσιν,
735 305 858 361 ἡνίκα
885 305 1068 362 χρηστὸς
1098 309 1172 364 ἀφ’
1202 305 1356 350 ἑαυτοῦ
1379 307 1591 364 γίνομαι.”

130 372 293 426 τούτοις
321 366 397 413 οὖν
426 369 670 422 ἀκολούθως
699 371 774 415 καὶ
800 372 823 414 ὅ
842 372 1122 428 Δαμασκηνὸς
1145 374 1346 430 Ἰωάννης
1365 375 1494 432 φησίν
1523 373 1587 418 ὅτι

129 440 225 480 καθ’
260 437 463 490 ὁμοίωσιν
506 439 698 494 ἐποίησεν
739 439 852 493 ἡμᾶς
892 438 915 480 ὅ
955 438 1057 488 θεὸς
1087 437 1195 483 ὥστε
1225 441 1481 495 ὁμοιοῦσθαι
1508 443 1586 484 αὖ-

94 507 187 562 Ξτῷ
214 503 317 546 κατὰ
360 503 407 546 τὸ
457 503 636 546 δυνατὸν
678 500 915 563 ἀνθρώπῳ·
973 503 1000 560 ἦ
1031 506 1157 563 ἀρετή
1190 506 1347 563 γάρέκ
1374 510 1481 550 θεοῦ
1507 510 1586 562 μὲν

129 569 262 627 ἐδόθη
302 573 356 628 τῇ
395 569 525 628 φύσει
573 571 714 626 ἡμῶν,
758 572 827 628 ἐφ’
864 571 963 626 ἡμῖν
1001 573 1047 614 δέ
1079 574 1194 616 ἐστιν
1229 570 1255 630 ἢ
1283 576 1478 628 ἐμμεῖναι
1506 575 1584 617 αὗ-

127 640 181 695 τῇ
213 640 285 679 καί
310 634 595 691 ἀκολουθῆσαι
624 639 682 695 τῷ
707 640 811 694 θεῷ,
856 634 883 693 ἢ
914 639 1198 695 ἀποφοιτῆσαι
1227 642 1357 696 αὔτῆς
1386 641 1458 683 καί
1484 638 1583 683 ἀκο-

127 705 337 759 λουθῆσαι
362 705 419 760 τῷ
448 704 641 762 διαβόλῳ.
696 703 717 746 ὅ
747 706 794 746 δὲ
818 704 1131 762 χρυσορρήμων
1148 707 1337 762 Ἰωάννης
1367 708 1412 748 ἐν
1442 709 1491 765 τῇ
1522 710 1583 758 εἰς

127 769 205 825 τὴν
237 768 468 826 ἑξαήμερον
497 768 560 812 κα’
603 769 746 830 ὄμιλίᾳ
785 772 926 813 ,αὐτοῦ
962 772 1037 814 καί
1076 770 1178 814 τάδε
1207 772 1337 829 φησίν,
1363 769 1419 828 ,,ᾖ
1445 772 1581 832 ἡμέρᾳ

67 855 115 881 10
128 836 322 892 ἐποίησεν
349 836 372 879 ὅ
400 835 500 886 θεὸς
519 836 593 880 τὸν
615 837 763 890 Ἀδάμ,
794 841 886 879 κατ’
914 836 1054 881 εἰκόνα
1084 841 1190 881 θεοῦ
1216 842 1408 894 ἐποίησεν
1438 841 1644 904 ατῗτόν,(]ξ

128 905 345 946 τουτέστιν
382 901 463 945 ἀπὸ
505 902 672 951 πάντων
705 906 885 947 δέδωκεν
928 904 1002 960 τὴν
1033 905 1227 957 ἐξουσίαν
1255 907 1381 965 αὐτῷ.
1439 904 1578 962 ὥσπερ

126 969 208 1025 γὰρ
236 967 259 1010 ὅ
283 967 384 1020 θεὸς
409 968 487 1025 τήν
514 968 622 1012 κατὰ
643 970 810 1013 πάντων
829 966 965 1027 ἀρχήν
995 969 1101 1026 ἔχει,
1131 974 1213 1014 τῶν
1238 988 1282 1015 τε
1311 970 1471 1029 ὄρατῶν
1497 974 1579 1016 τῶν

107 1051 172 1078 τε
201 1033 406 1090 ἀοράτων,
435 1035 690 1092 δημιουργὸς
709 1035 904 1080 ἁπάντων
920 1036 1153 1093 τυγχάνων,
1177 1034 1289 1081 οὕτω
1307 1040 1378 1082 καὶ
1401 1039 1448 1082 τὸ
1474 1042 1579 1092 ζῶον

124 1104 242 1144 τοῦτο
259 1100 306 1143 τὸ
323 1101 484 1156 λογικὸν
502 1100 816 1160 δημιουργήσας
833 1103 1044 1160 ἐβουλήθη
1065 1104 1235 1147 πάντων
1252 1106 1336 1147 τῶν
1354 1105 1579 1162 ὄρωμένων

67 1166 199 1224 ι5τήν
224 1167 364 1223 ἀρχὴν
392 1167 523 1211 αὐτὸν
551 1168 674 1223 ἔχειν.
710 1168 774 1212 διὸ
809 1170 882 1212 καί
906 1170 981 1226 την
1009 1174 1083 1226 τῆς
1110 1175 1257 1227 ψυχῆς
1286 1173 1436 1215 οὐσίαν
1465 1174 1579 1231 αὐτῷ’

124 1235 369 1290 ἐχαρίσατο,
397 1238 622 1291 βουληθείς
651 1235 777 1278 αὐτὸν
797 1239 871 1278 καί
898 1236 1112 1280 ἀθάνατον
1139 1234 1246 1280 εἶναι
1274 1241 1334 1288 εἷς
1362 1237 1410 1281 τὸ
1439 1242 1578 1295 διηνε-

124 1303 206 1350 κές,
234 1300 339 1342 ἀλλὰ
367 1300 441 1343 καί
468 1300 717 1356 παραβάντα
745 1302 820 1357 τήν
846 1302 1014 1358 ἐντολήν
1046 1306 1121 1345 ου’κ
1150 1304 1400 1362 ἀπεστράφη
1429 1309 1576 1358 τέλεον,

126 1365 234 1409 ἀλλά
255 1369 329 1422 τῆς
357 1369 435 1421 μὲν
455 1364 695 1417 ἀθανασίας
724 1369 994 1425 ἀπεστέρησε,
1025 1370 1196 1428 θανάτῳ
1225 1373 1271 1414 δὲ
1292 1369 1575 1421 καταδικάσας
1590 1387 1622 1418 D

125 1435 196 1476 ἐπὶ
221 1436 293 1489 τῆς
331 1435 461 1489 αὐτῆς
491 1436 626 1490 ἀρχῆς
651 1436 813 1491 ἀφῆκεν
852 1433 975 1479 εἶναι.
1031 1435 1101 1479 διὰ
1132 1436 1212 1492 γὰρ
1243 1440 1321 1479 τοῦ
1349 1439 1577 1494 προσόντος

64 1519 114 1545 20
126 1500 241 1558 αύτῷ
267 1499 391 1556 λόγου
434 1503 506 1543 καί
531 1506 709 1556 τήμερον
751 1503 921 1544 πάντων
954 1510 1114 1559 κρατεῖ.
1170 1504 1210 1546 εἰ
1236 1503 1317 1559 γάρ
1345 1507 1419 1546 καί
1445 1507 1582 1559 θῆρας

126 1565 301 1622 ἀγρίους
341 1566 441 1625 ὁρᾷς
475 1568 686 1626 αὐθαδείᾳ
722 1571 969 1624 χρωμένους
1011 1569 1126 1613 ἔστιν
1156 1567 1227 1613 ὅτε
1264 1570 1340 1613 καί
1364 1571 1583 1626 ὁρμῶντας

129 1634 310 1684 ἀναιδῶς
339 1636 425 1676 κατ’
455 1637 610 1688 αὐτοῦ,
640 1633 698 1690 μὴ
729 1635 954 1690 θαύμαζε,
984 1633 1052 1679 ὅτι
1074 1635 1150 1679 καί
1178 1639 1304 1680 τοῦτο
1329 1636 1433 1681 κατὰ
1459 1637 1583 1680 θείαν

130 1846 230 1892 quod
264 1845 563 1888 similitudinem,
597 1847 685 1880 mihi
723 1848 881 1893 reliquit.
906 1859 989 1882 nam
1014 1849 1043 1882 si
1069 1848 1140 1882 hoc
1166 1859 1311 1894 quoque
1336 1848 1497 1882 indidem
1523 1861 1582 1883 ac-

130 1894 233 1939 cepi,
270 1905 451 1938 quaenam
477 1893 565 1927 mihi
592 1906 760 1927 concessa
796 1901 850 1929 est
876 1895 1018 1940 gratia?
1042 1902 1263 1941 quapropter
1288 1896 1346 1929 dei
1375 1897 1584 1930 similitudi-

127 1953 209 1974 nem
237 1941 363 1983 refero,
387 1953 467 1974 cum
489 1953 533 1975 ex
547 1942 684 1987 meipso
710 1942 825 1975 bonus
846 1943 904 1975 fio.
932 1943 988 1975 his
1010 1949 1249 1977 consentanea
1271 1943 1448 1977 Iohannes
1475 1946 1583 1978 etiam

127 1988 368 2022 Damascenus
410 1989 540 2030 tradit,
584 1989 691 2022 deum
715 2002 780 2023 nos
813 1989 859 2022 ad
894 1989 1168 2023 similitudinem
1196 1990 1426 2032 condidisse,
1456 1997 1496 2025 ut
1517 2004 1583 2037 pro

126 2036 265 2069 viribus
296 2036 460 2070 humanis
498 2037 531 2070 ei
565 2038 700 2071 similes
737 2037 936 2070 evadamus.
973 2038 1109 2083 quippe
1151 2038 1264 2071 virtus
1291 2050 1310 2071 a
1338 2037 1406 2072 deo
1435 2039 1583 2084 quidem

127 2094 295 2117 concessa
320 2089 374 2117 est
399 2089 548 2117 naturae
576 2091 745 2126 nostrae,
769 2096 891 2117 verum
915 2084 954 2118 in
978 2090 1156 2129 potestate
1182 2091 1303 2118 nostra
1329 2086 1437 2119 situm
1465 2092 1520 2120 est
1543 2092 1583 2121 ut

126 2131 185 2164 vel
212 2132 251 2164 in
280 2142 322 2164 ea
345 2143 613 2176 perseveremus
641 2138 676 2166 et
700 2131 943 2177 obsequamur
968 2131 1059 2173 deo,
1091 2133 1148 2166 vel
1176 2133 1220 2166 ab
1250 2144 1290 2166 ea
1315 2133 1521 2168 recedamus
1545 2140 1583 2168 et

127 2178 369 2223 obsequamur
410 2179 568 2214 diabolo.
594 2179 770 2213 Iohannes
796 2179 1062 2223 Chrysostomus
1088 2180 1126 2213 in
1150 2181 1310 2213 oratione
1336 2181 1417 2215 XXI
1446 2181 1491 2214 de
1518 2193 1581 2215 sex

129 2225 270 2258 dierum
295 2226 463 2271 operibus
489 2226 577 2259 haec
601 2227 710 2260 verba
728 2228 881 2272 profert:
907 2238 978 2272 quo
1005 2227 1063 2260 die
1088 2226 1176 2260 deus
1201 2227 1374 2261 Adamum
1404 2229 1581 2270 condidit,

128 2273 174 2305 ad
201 2274 391 2318 imaginem
419 2273 478 2306 dei
504 2274 670 2308 condidit
698 2286 790 2315 eum,
817 2274 885 2307 hoc
910 2280 984 2315 est,
1010 2276 1167 2307 omnium
1192 2281 1411 2320 potestatem
1435 2275 1469 2309 ei
1493 2288 1581 2309 con-

128 2321 242 2354 cessit.
282 2332 364 2353 nam
396 2321 487 2354 sicut
521 2322 712 2368 imperium
749 2322 836 2355 deus
870 2321 980 2354 habet
1011 2322 1047 2355 in
1076 2323 1195 2355 onmia
1222 2328 1293 2356 tam
1318 2322 1581 2369 adspectabilia

129 2378 236 2412 quam
264 2368 586 2413 inadspectabilia,
615 2376 787 2414 tanquam
813 2370 1059 2402 universorum
1093 2370 1238 2415 opifex,
1267 2370 1318 2404 ita
1344 2383 1424 2404 cum
1450 2372 1582 2404 animal

130 2413 198 2448 hoe
222 2416 371 2448 rationis
397 2416 576 2462 particeps
606 2417 846 2458 condidisset,
879 2415 1013 2450 habere
1040 2417 1156 2462 ipsum
1181 2417 1298 2451 voluit
1324 2418 1515 2464 imperium
1545 2419 1581 2451 in

132 2472 186 2494 res
209 2463 412 2504 universas,
450 2475 686 2510 quaecunque
715 2465 781 2498 sub
817 2463 1023 2508 adspectum
1047 2464 1187 2498 cadunt.
1216 2465 1344 2499 iccirco
1359 2471 1402 2512 vet
1428 2466 1582 2498 essenti-

132 2519 187 2542 am
208 2511 344 2544 animae
377 2511 446 2556 ipsi
471 2512 619 2556 largitus
646 2518 722 2553 est,
759 2513 813 2545 uti
831 2522 938 2556 quem
974 2511 1210 2546 immortalem
1233 2523 1377 2557 prorsus
1405 2524 1480 2545 esse
1505 2513 1582 2546 vel-

134 2556 194 2588 let.
221 2558 418 2601 quinetiam
445 2559 651 2593 mandatum
677 2560 790 2605 ipsius
826 2565 1080 2603 transgressum
1108 2572 1181 2593 non
1207 2561 1351 2593 omnino
1378 2565 1582 2601 aversatur,

135 2602 198 2635 sed
238 2604 506 2640 immortalitate
547 2607 739 2651 spoliatum
777 2611 813 2639 et
853 2605 898 2639 ad
923 2612 1071 2640 mortem
1107 2607 1382 2640 condemnatum
1407 2619 1519 2653 prope
1543 2608 1582 2641 in

136 2649 262 2683 eodem
288 2653 437 2696 imperio
466 2654 648 2700 relinquit.
673 2665 754 2687 nam
779 2655 886 2686 homo
910 2664 974 2698 per
997 2655 1183 2696 rationem,
1207 2666 1276 2699 qua
1302 2653 1486 2698 praeditus
1516 2660 1582 2695 est,

136 2697 241 2730 etiam
277 2697 386 2732 hodie
428 2706 554 2734 cuncta
592 2702 629 2734 in
659 2706 836 2746 potestate
878 2712 940 2734 sua
967 2702 1108 2736 retinet.
1136 2712 1342 2747 quanquam
1369 2702 1463 2735 enim
1489 2703 1581 2737 feras

134 2749 287 2789 agrestes
323 2758 578 2793 nonnunquam
617 2759 681 2793 pro
725 2749 842 2783 lubitu
870 2759 932 2782 suo
967 2748 1126 2784 videmus
1151 2750 1188 2783 in
1212 2749 1396 2783 hominem
1422 2749 1578 2807 irruere,
