1826 3120
561 195 847 240 ANNAmUM
889 198 1025 242 PARS
1061 195 1133 241 m.
1443 178 1556 237 385

103 297 198 341 υἱόν
237 297 367 354 αὕτῆς
413 296 485 340 τὸν
527 298 807 352 πρωτότοκον.
879 299 900 341 ὃ
941 303 1020 353 μὲν
1058 295 1133 342 οὖν
1171 301 1304 355 μέγας
1330 299 1559 348 Βασίλειός

105 380 234 422 φησιν
263 361 324 406 ὅτι
347 359 440 406 οὔτε
463 363 545 419 πρὸ
574 367 650 406 τοῦ
675 364 800 407 τόκου
831 362 930 409 οὔτε
957 366 1064 421 μετὰ
1094 366 1170 409 τὸν
1208 365 1326 410 τόκον
1352 360 1458 422 ἔγνω
1484 364 1558 421 τ’ἦν

102 429 311 486 πάναγνον
341 429 364 471 ὅ
392 430 564 486 Ἰωσήφ.
631 430 678 472 τό
720 431 801 487 γάρ
843 434 921 482 ἕως
963 427 1016 474 οὗ
1043 434 1261 488 πολλαχοῦ
1287 434 1361 488 τῆς
1391 434 1560 489 γραφῆς

102 497 300 554 α’όριστον
318 494 506 552 εὕρηται,
534 496 592 546 ὦς
621 492 723 540 ὅταν
742 500 853 553 λέγει
876 500 978 552 „nai
1003 495 1084 553 οὔχ
1104 498 1366 555 ὑπέστρεψεν
1387 499 1409 540 ὅ
1428 501 1560 554 κόραξ

66 563 183 614 ὅὲως
211 558 266 606 οὗ
293 562 507 619 ἐξηράνθη
533 563 560 619 ἧ
578 565 677 618 yffi-’⁹
705 563 778 606 καὶ
798 564 880 620 γὰρ
905 564 927 606 ὅ
947 562 1076 620 κόραξ
1097 565 1199 608 ου’ὃὲ
1213 565 1322 619 μετὰ
1344 565 1389 608 τό
1408 567 1563 622 ξηραν-

104 632 236 686 θῆναι
262 628 338 685 τήν
357 634 435 685 γῆν
454 630 707 686 ὑπέστρεψε.
764 630 836 674 καί
871 634 1063 686 α’λλαχοῦ
1085 629 1229 685 ,,εἶπεν
1264 633 1286 673 ὅ
1329 631 1473 687 κύριος
1508 628 1567 691 τῷ

105 700 238 754 κυρίῳ
263 711 364 751 μου,
390 694 527 739 κάθου
551 698 597 738 ἐκ
623 698 767 749 δεξιῶν
781 713 879 752 μου,
907 700 986 747 ἓως
1001 694 1056 741 ἄν
1075 700 1143 740 θῶ
1164 697 1264 748 τοὺς
1288 699 1472 754 ἐχθρούς
1489 713 1565 740 σου
1579 704 1613 739 Ρ.
1630 704 1698 738 208

104 760 337 805 ὖποπόδιον
359 765 446 805 τῶν
468 764 755 811 ποδῶνσουῇ
795 762 910 819 εἴπερ
940 766 1016 806 οὐκ
1046 760 1099 820 ἦν
1128 764 1336 819 ’ἀόριστον
1383 763 1427 807 τὸ
1456 767 1565 817 Τέως,

107 830 334 884 ε’γερθῆναι
378 827 524 871 λοιπὸν
552 827 727 889 εἴπαμεν
756 831 828 873 τόν
867 831 1011 886 κύριον
1038 831 1143 884 μετ-α’
1179 829 1226 872 τὸ
1266 834 1443 886 τεθῆναι
1467 830 1568 880 τούς

50 894 296 952 Ιοέχθροιὶς
319 896 456 937 αὐτοῦ
483 892 565 936 ὖπό
596 895 695 945 τούς
726 894 857 946 πόδας
886 897 1040 939 αὐτοῦ.
1111 896 1220 939 α’λλοὶ
1261 898 1336 940 καί
1372 896 1395 938 ὅ
1425 898 1565 951 σωτὴρ

109 959 296 1017 Χριστός
323 967 409 1010 τοῖς
437 964 650 1017 μαθηταῖς
692 963 831 1004 αὐτοῦ’
859 961 974 1018 ἔλεγε
1002 964 1104 1017 „nat”
1135 962 1286 1016 ἔσομαι
1316 965 1425 1016 μεθ’·
1444 962 1568 1016 ὑμῶν

106 1027 249 1076 πάσας
273 1026 349 1076 τὰς
377 1027 541 1083 ἡμέρας
565 1030 643 1078 ἕως
662 1030 738 1082 τῆς
766 1028 1048 1079 συντελειἀς.”
1103 1030 1144 1072 εἶ
1161 1024 1236 1072 οὖν
1266 1029 1341 1071 οὐκ
1367 1025 1420 1084 ἧν
1447 1028 1568 1082 οἷόριε

107 1109 206 1137 στον
232 1091 281 1136 τὸ
312 1095 413 1147 ἕως,
457 1092 565 1147 μετὰ
595 1093 674 1149 τὴν
702 1098 945 1138 συντέλειαν
972 1094 1120 1138 λοιπὸν
1150 1097 1204 1138 ου’
1230 1097 1454 1138 συνέσεται
1481 1100 1568 1146 τοῖς
1580 1104 1624 1141 V.
1643 1105 1699 1138 161

108 1164 323 1216 μαθηταῖς
349 1159 370 1203 ὃ
397 1161 602 1217 Χριστός.
627 1161 700 1204 καί
724 1161 810 1218 μην
839 1160 861 1202 ὄ
892 1165 1069 1212 Παῦλος
1097 1161 1207 1205 οὕτω
1240 1162 1370 1219 φησίν
1399 1163 1569 1218 „sigma-

49 1224 330 1283 ιόγησόμεθα
374 1229 420 1270 ἐν
458 1230 654 1284 νεφέλαις
682 1229 742 1277 εἰς
782 1226 1019 1284 α’ποὶντησιν
1046 1231 1125 1271 τοῦ
1167 1231 1317 1285 κυρίου
1346 1229 1407 1279 εἷς
1436 1231 1570 1284 α’ἐρα,

110 1295 184 1336 καί
210 1291 320 1336 οὕτω
345 1293 522 1336 πάντοτε
550 1293 630 1336 σὺν
650 1294 780 1353 κυρίῳ
810 1292 1044 1348 ἑσόμεθα.”
1099 1295 1173 1338 καὶ
1199 1297 1336 1338 ταῦτα
1363 1298 1442 1349 μὲν
1468 1298 1570 1338 τοῦ-

111 1376 185 1402 τον
211 1357 302 1414 ἔχει
330 1359 406 1402 τόν
442 1358 598 1415 τρόπον
615 1391 627 1414 ,
669 1357 690 1402 ὃ
722 1363 768 1402 δὲ
795 1361 928 1415 μέγας
956 1360 1212 1412 Ἀθανάσιός
1241 1378 1373 1417 φησιν
1403 1359 1470 1404 ὅτι
1495 1362 1610 1408 οὕκΒ

113 1428 337 1481 ἐγίνωσκεν
380 1426 516 1481 αὐτὴν
559 1429 732 1482 α’ληθιὸς
770 1429 849 1477 ἕως
905 1423 956 1470 οὗ
1000 1427 1114 1470 ἔτεκε
1160 1426 1234 1470 τόν
1273 1426 1427 1483 κόριον.
1494 1427 1573 1470 οὐκ

113 1487 207 1549 ᾔδει
235 1495 280 1535 τί
303 1491 350 1535 τὸ
382 1494 427 1535 ἐν
456 1493 577 1550 αὐτῇ.
635 1492 762 1547 μόνον
791 1491 862 1536 ὅτε
893 1492 1026 1547 ἔτεκε,
1057 1495 1144 1537 τότε
1173 1493 1224 1551 δὴ
1256 1494 1330 1536 καί
1354 1497 1571 1550 ἐγνώρισε.

51 1573 102 1600 20
113 1558 207 1601 τότε
235 1556 340 1613 ἔγνω
367 1558 390 1600 ὅ
416 1557 572 1615 Ἰωσὴφ
601 1560 663 1609 τίς
690 1557 716 1614 ἦ
744 1559 920 1613 δύναμις
950 1563 1025 1615 τῆς
1044 1561 1278 1614 παρθένου.
1335 1559 1431 1603 τότε
1454 1560 1574 1616 ἔγνω,

116 1621 187 1667 ὅτε
219 1623 461 1681 ἐξελόχευσε
501 1627 578 1669 καὶ
602 1627 654 1669 τὰ
692 1629 776 1669 τῶν
799 1629 935 1682 λεχιόν
974 1623 1026 1669 ου’
1056 1625 1328 1683 κατενόησεν,
1370 1623 1437 1670 ὅτε
1463 1625 1572 1683 γάλα

208 1763 242 1798 9.
268 1751 437 1798 εἴπωμεν
448 1750 465 1784 ?

118 1855 263 1902 peperit
284 1852 399 1887 filium
416 1865 518 1887 suum
541 1854 833 1899 primogenitum.
859 1860 967 1898 atque
985 1853 1055 1887 hoc
1072 1854 1153 1886 loco
1166 1862 1313 1897 magnus
1336 1854 1401 1886 ille
1421 1853 1575 1888 Basilius

118 1904 170 1936 ait
187 1900 380 1947 Iosepluuu
408 1912 475 1934 nec
502 1907 584 1934 ante
610 1908 750 1946 partum
773 1912 840 1934 nec
863 1913 882 1934 a
902 1907 1007 1946 partu
1036 1900 1268 1934 castissimam
1297 1900 1389 1933 hanc
1402 1901 1578 1945 virginem

118 1950 336 1994 cognovisse.
348 1961 430 1982 narn
444 1949 661 1981 vocabulum
677 1948 804 1989 donec⁷
818 1949 880 1989 ait,
892 1948 1015 1981 multis
1032 1949 1069 1980 in
1083 1948 1171 1980 locis
1186 1958 1361 1980 sacrarum
1375 1948 1577 1982 litterarum

119 1997 312 2031 indefinite
328 1997 485 2041 positum
504 1997 691 2041 reperitur.
714 1995 813 2028 verbi
834 1996 944 2040 gratia
965 2007 1044 2028 cum
1063 1995 1196 2028 dicitur
1219 1996 1324 2040 (Gen.
1345 1997 1366 2029 8
1382 1995 1417 2040 7)
1433 2007 1576 2041 „neque

121 2054 282 2077 reversus
305 2049 360 2077 est
375 2055 513 2084 corvus,
539 2043 655 2076 donec
678 2044 853 2076 exsiccata
873 2048 926 2076 est
952 2043 1078 2076 terra.’'
1103 2042 1270 2075 nimirum
1286 2053 1332 2075 ne
1351 2049 1478 2087 postea
1495 2044 1578 2088 qui-

120 2091 202 2124 dem
224 2102 331 2135 quam
356 2092 533 2124 exsiccata
561 2097 654 2124 terra
679 2091 785 2131 foret,
811 2101 935 2123 corvus
958 2090 1022 2122 ille
1051 2098 1212 2123 reversus
1230 2095 1294 2122 est.
1324 2091 1412 2122 item
1440 2091 1478 2122 in
1504 2091 1577 2123 alio

121 2139 202 2172 loco
216 2138 357 2185 (Psalm.
381 2138 587 2184 109)‚‚dixit
607 2137 774 2171 (lominus
793 2137 940 2170 domino
967 2148 1060 2178 meO,
1081 2136 1166 2170 sede
1181 2136 1227 2169 ad
1241 2148 1356 2170 meam
1381 2137 1578 2178 dexteram,

120 2187 237 2219 donec
262 2191 343 2219 tuos
368 2185 490 2218 hostes
520 2185 718 2219 scabellum
751 2185 885 2230 pedum
906 2190 1050 2217 tuorum
1091 2185 1276 2217 effecero.”
1301 2184 1431 2229 quodsi
1460 2184 1578 2219 donec

118 2233 308 2266 indefinite
333 2244 407 2266 non
431 2238 634 2278 usurpatur,
659 2238 771 2266 restat
795 2238 836 2265 ut
861 2231 1017 2265 dicamus
1043 2231 1208 2264 desinere
1234 2231 1418 2264 dominum
1439 2232 1578 2273 sedere,
1630 2228 1645 2243 ⁸

120 2286 353 2325 posteaquam
378 2280 502 2313 hostes
532 2281 645 2325 ipsius
671 2279 736 2313 sub
762 2279 874 2324 pedes
904 2280 981 2312 eius
1007 2279 1162 2312 subiecti
1188 2279 1334 2312 fuerint.
1365 2280 1482 2321 §etiam
1523 2279 1580 2312 di-

121 2328 269 2372 scipulis
295 2328 368 2360 suis
408 2333 567 2360 servator
603 2327 697 2361 dixit
732 2327 945 2368 „adfuturus
974 2337 1052 2358 sum
1089 2326 1191 2359 vobis
1230 2331 1429 2371 perpetuo,
1463 2326 1580 2359 donec

123 2375 257 2408 saeculi
294 2375 376 2408 finis
405 2375 596 2420 'appetat.”
634 2375 663 2408 si
699 2386 767 2407 vox
802 2372 917 2408 donec
959 2373 1147 2407 indefinita
1181 2385 1254 2407 non
1299 2380 1374 2414 est,
1413 2374 1580 2418 sequitur

123 2421 305 2455 Christum
344 2433 363 2454 a
399 2421 525 2455 mundi
563 2422 869 2454 consummatione
906 2420 1093 2465 discipulis
1136 2421 1210 2454 suis
1246 2431 1320 2453 non
1358 2420 1579 2454 adfuturum.

124 2469 226 2514 atqui
264 2469 396 2502 Paulus
422 2471 452 2515 (ι
484 2468 608 2502 Thess.
634 2470 656 2511 4
688 2470 741 2514 16)
780 2469 830 2502 ait
873 2468 1034 2501 futurum
1069 2473 1111 2502 ut
1144 2469 1182 2501 in
1216 2469 1333 2501 nubes
1371 2468 1510 2513 abrepti
1544 2474 1582 2501 et

125 2516 242 2560 ipsum
270 2517 307 2548 in
332 2520 413 2550 akira
439 2515 584 2549 domino
617 2527 864 2556 occurramus,
907 2520 1016 2560 atque
1049 2515 1099 2549 ita
1123 2521 1301 2560 perpetuo
1329 2527 1407 2548 cum
1432 2515 1580 2547 domino

126 2564 244 2596 simus.
273 2564 362 2596 haec
386 2575 405 2596 a
430 2563 561 2596 Basilio
588 2564 638 2597 sic
665 2562 810 2608 prodita
848 2567 944 2597 sunt.
968 2568 1005 2597 at
1027 2574 1173 2607 magnus
1200 2563 1263 2595 ille
1289 2562 1506 2595 Athanasius
1531 2562 1583 2595 ait

127 2620 252 2655 reapse
277 2610 469 2655 Iosephum
503 2621 577 2643 non
612 2610 819 2654 cognovisse
857 2610 970 2654 ipsam
987 2635 995 2650 ‚
1024 2609 1138 2642 donec
1163 2610 1347 2642 (lominum
1372 2609 1582 2654 peperisset.

128 2656 317 2701 ignorabat
343 2658 482 2691 scilicet
510 2657 598 2702 quid
624 2657 718 2690 illud
743 2662 837 2690 esset
872 2657 971 2701 quod
996 2663 1072 2690 erat
1100 2658 1136 2690 in
1163 2658 1250 2701 ipsa.
1277 2657 1402 2689 saltem
1429 2656 1493 2689 ubi
1518 2667 1584 2701 pe-

127 2704 304 2750 perisset,
340 2706 492 2746 agnovit.
527 2711 612 2737 tunc
648 2705 816 2736 nimirum
858 2704 1040 2738 intellexit
1073 2704 1244 2749 Iosephus
1279 2714 1371 2747 quae
1403 2703 1455 2736 vis
1490 2708 1585 2737 esset

130 2752 229 2784 illius
254 2751 410 2795 virginis.
435 2758 521 2785 tunc
557 2753 725 2795 cognovit
760 2763 835 2783 eam
870 2757 1011 2795 partum
1047 2750 1202 2784 edidisse
1239 2751 1356 2783 nullas
1391 2751 1460 2783 tori
1486 2750 1583 2794 leges

108 2803 336 2843 expertam,
365 2809 444 2832 eum
478 2799 532 2832 lae
556 2810 650 2834 novo
686 2805 722 2832 et
746 2798 920 2834 inusitato
961 2797 1067 2833 modo
1100 2810 1246 2833 manans
1280 2797 1526 2843 suppeditavit.
1549 2803 1586 2830 et

206 2869 350 2912 (Ἡγίας.
1288 2868 1330 2898 23
