1826 3120
572 147 855 190 ANNALIUM
895 146 1030 189 PARS
1059 142 1092 187 1‘.
1479 148 1544 201 77

114 265 205 306 χων
228 250 388 304 ἀκμαί,
435 254 522 299 τοῖς
551 250 597 293 δὲ
625 253 782 299 λοιποῖς
811 247 1089 306 [ἀναγκαίως]
1121 247 1223 305 πρὸς
1251 247 1327 304 τὴν
1351 248 1426 291 τοῦ
1454 248 1551 301 βίου

117 314 372 371 διεξαγωγὴν
411 316 437 371 ἦ
473 317 554 359 τῶν
598 317 738 358 ποδιὸν
780 314 990 370 ὑπηρεσία
1028 313 1272 370 δεδώρηται.
1346 315 1478 369 ὀλίγοι
1506 315 1554 356 δὲ

114 382 197 425 τῶν
221 381 404 438 ὄρνίθων
442 380 669 430 κακόποδές
706 382 835 434 εἰσιν,
881 374 979 421 οὔτε
1016 382 1204 434 βαδίζειν
1235 376 1330 423 οἷῖτε
1359 379 1555 436 ἀγρεύειν

114 454 202 499 τοῖς
230 448 352 491 ποσίν
379 446 618 503 ἐπιτήδειοι,
644 446 701 496 ὥς
729 445 776 488 αἱ
801 445 1016 500 χελιδόνες
1044 447 1116 489 καί
1143 445 1186 489 αἱ
1217 448 1460 503 δρεπανίδες
1490 450 1555 488 λε·-

80 515 303 570 5γόμεναι,
335 510 397 564 οἷς
424 513 448 570 ἦ
477 512 612 570 τροφή
643 511 723 555 ἀπὸ
748 514 833 556 ταῖν
861 515 907 556 ἐν
934 514 992 569 τῷ
1020 513 1116 569 α’έρι
1142 515 1439 571 ἐμφερομένων
1466 515 1556 556 ἑπι-

117 581 324 637 νενόηται.
664 613 666 616 -
1118 620 1120 622 .

229 645 428 703 Πρόσεχε
473 645 630 686 λοιπόν.
684 639 789 699 ἄλλη
827 645 900 686 καί
934 642 1013 699 γὰρ
1058 645 1289 700 κατασκευὴ
1317 651 1404 694 τοῖς
1431 661 1557 700 σπερ-

115 712 312 768 μολόγοις
350 708 488 766 ἔρνεσι
530 712 604 753 καί
636 706 740 766 ἄλλη
778 715 864 759 τοῖς
899 709 1196 766 σαρκοβόροις,
1232 713 1287 768 τῷ
1315 710 1452 769 τρόπῳ
1482 713 1557 766 τῆς

116 780 282 834 διαίτης
310 779 451 820 αὐτῶν
478 780 719 833 πρέπουσα,
760 772 927 830 ὄνύχων
957 777 1092 830 ἀκμαί
1121 778 1192 818 καί
1213 781 1352 831 χεῖλος
1380 775 1558 832 α’γκύλον

58 844 189 888 luxae*
215 842 370 900 πτερόν
402 842 498 897 ὀξύ,
527 839 632 885 ὥστε
665 843 740 885 καί
779 846 1074 899 συλληφθῆναι
1103 843 1260 900 ῥαδίως
1286 843 1333 885 τὸ
1361 843 1554 899 θήραμα.

117 909 189 953 διὰ
220 909 300 966 γὰρ
343 911 466 952 τοῦτο
505 908 577 951 καὶ
607 906 877 964 σκληρότεροι
918 910 1001 951 τῶν
1040 907 1158 960 ζώων
1188 909 1226 951 οἷ
1254 904 1403 964 ὄνυχες
1430 904 1458 965 ἢ
1483 914 1560 953 τοῦ

116 976 341 1032 ἀνθρώπου
357 993 370 1006 ·
426 974 748 1030 μαλθακώτεροι
777 974 851 1016 καί
874 974 952 1031 γὰρ
982 970 1097 1032 οὗτοι
1123 976 1179 1034 τῷ
1199 976 1406 1035 α’νθρώπῳ
1435 986 1588 1025 nate-G

116 1041 435 1098 σκευάσθησαν,
481 1039 548 1084 ὅτι
579 1058 623 1084 τε
665 1041 738 1083 καί
768 1040 814 1083 τὸ
863 1044 998 1097 δέρμα
1030 1039 1177 1084 τούτου
1205 1042 1558 1100 μαλθακώτερον,

118 1110 194 1167 ἀφ’
221 1103 274 1151 οὗ
302 1109 375 1151 καὶ
411 1107 451 1151 οἱ
480 1103 628 1162 ὄνυχες
655 1107 729 1164 τὴν
757 1111 917 1162 γένεσιν
947 1106 1119 1162 ἔχουσι,
1166 1110 1240 1151 καί
1266 1106 1329 1152 ὅτι
1357 1109 1460 1166 πρὸς
1488 1108 1562 1166 τὴν

59 1177 271 1231 ιόχρῆσιν
300 1172 461 1233 ἑκάστῳ
489 1177 571 1217 τῶν
602 1169 719 1225 ζώων
751 1170 779 1229 ἦ
811 1190 857 1216 τε
885 1175 1110 1230 σκληρότης
1139 1179 1223 1217 τῶν
1250 1174 1413 1230 ὀνύχων
1437 1177 1510 1219 καί
1535 1175 1560 1233 ἦ

121 1239 391 1298 μαλθακότης
432 1240 683 1295 δεδώρηται.
760 1239 867 1282 ἄλλα
897 1243 971 1282 καί
995 1244 1076 1283 τῶν
1104 1245 1268 1296 πτηνῶν
1299 1241 1349 1285 τά
1379 1245 1456 1297 μὲν
1484 1239 1562 1286 ἄν-

123 1308 239 1363 αρχά
278 1309 361 1350 εἶσι
401 1307 474 1350 καί
500 1301 588 1349 οἷον
628 1306 859 1360 αὐτόνομα,
897 1305 949 1348 τά
980 1309 1025 1349 δὲ
1056 1308 1130 1364 ὑφ’
1157 1305 1328 1362 ἡγεμόνι
1355 1309 1562 1363 τετάχθαι

120 1373 438 1428 καταδεχόμενα
469 1373 526 1422 ὥς
554 1370 592 1414 οἱ
617 1375 800 1427 γέρανοι.
856 1371 961 1414 α’λλα
991 1374 1065 1415 καί
1090 1372 1134 1414 αἱ
1152 1376 1348 1426 μέλισσαι
1377 1375 1457 1416 ὑπὸ
1483 1381 1562 1429 βα-

121 1444 236 1483 σιλεῖ’
268 1439 341 1482 καί
378 1436 591 1497 ταξιάρχῳ
631 1441 719 1480 τινί
755 1440 838 1481 τῶν
864 1437 996 1493 ἔργων
1034 1436 1252 1492 ἅπτονται,
1282 1437 1332 1481 οὗ
1364 1439 1565 1498 πρότερον

57 1524 110 1550 20
122 1509 192 1550 ἐπὶ
217 1505 316 1556 τοὺς
342 1508 550 1559 λειμῶνας
577 1508 716 1547 ἐλθεῖν
742 1504 1097 1558 καταδεχόμεναι,
1138 1505 1236 1561 πρὶν
1265 1503 1316 1548 ἂν
1344 1505 1467 1550 ἴδωσι
1496 1507 1566 1551 τὸν

120 1575 295 1627 βασιλέα
321 1572 581 1627 κατάρξαντα
610 1572 683 1626 τῆς
714 1569 915 1626 πτήσεως.
970 1571 1020 1612 οὔ
1047 1570 1333 1628 χειροτονητὸς
1362 1575 1408 1616 δὲ
1435 1570 1564 1629 οὗτος,

122 1641 214 1682 α’λλῖ
240 1641 287 1682 ἐκ
318 1636 487 1695 φύσεως
521 1637 630 1692 ἔχων
662 1636 706 1680 τὸ
746 1636 853 1679 κατὰ
894 1636 1314 1693 πάντωνπρωτεῖον,
1346 1643 1419 1683 καί
1441 1644 1608 1697 μεγὲ-Ι)

124 1709 195 1749 θει
223 1706 439 1762 διαφέρων
467 1703 540 1746 καὶ
565 1703 754 1759 σχήματι
781 1705 855 1746 καί
878 1706 928 1761 τῇ
955 1706 1032 1747 τοῦ
1055 1700 1189 1760 ἤθους
1216 1705 1430 1763 πραότητι.
1477 1708 1566 1751 ἔστι

128 1885 333 1930 caeteroqui
363 1884 472 1918 vitam
511 1883 644 1929 pedum
676 1891 761 1916 usus
795 1889 850 1917 est
886 1892 1084 1916 concessus.
1124 1883 1311 1929 perpaucis
1343 1885 1455 1929 pedes
1479 1886 1571 1919 male

129 1939 214 1968 sunt
237 1932 370 1966 adfecti
396 1937 504 1976 atque
533 1930 694 1972 debiles,
718 1931 767 1964 ita
792 1935 832 1963 ut
858 1941 925 1963 nec
949 1929 1117 1963 incedere
1142 1942 1209 1963 nec
1232 1932 1353 1964 venari
1380 1934 1570 1978 quicquam

126 1980 282 2027 pedibus
316 1979 479 2024 possint,
511 1978 550 2011 in
587 1989 658 2023 quo
700 1987 829 2022 genere
862 1982 946 2010 sunt
977 1976 1188 2011 hirundines
1224 1984 1260 2011 et
1298 1980 1570 2023 quae·falculae

129 2029 202 2062 sive
226 2027 377 2072 ripariae
404 2025 591 2067 dicuntur,
616 2036 708 2070 quae
731 2035 796 2070 pro
822 2025 994 2058 alimento
1018 2030 1211 2059 vescuntur
1234 2025 1377 2060 insectis
1400 2038 1466 2072 per
1489 2032 1571 2061 acra

127 2074 342 2112 volantibus.

220 2119 472 2155 Animadverte
503 2129 609 2163 porro
648 2122 859 2151 structuram
895 2116 1000 2149 alium
1035 2117 1177 2150 illarum
1210 2119 1326 2151 avium
1355 2130 1453 2161 esse,
1477 2132 1570 2165 quae

130 2170 266 2203 semina
291 2169 426 2212 legunt,
440 2166 544 2198 aliam
563 2165 833 2204 carnivorarum,
847 2163 956 2197 victui
970 2164 1105 2198 scilicet
1123 2176 1242 2198 earum
1259 2166 1570 2201 accommodatum.

131 2216 266 2250 habent
299 2215 395 2248 enim
419 2218 608 2258 peracutos
640 2223 797 2255 ungues,
826 2216 977 2243 rostrum
1012 2211 1210 2254 aduncum,
1238 2214 1371 2247 celeres
1415 2215 1507 2256 alas,
1533 2221 1573 2248 ut

131 2263 301 2309 praedam
339 2261 517 2305 corripere
556 2260 721 2293 celeriter
759 2258 905 2303 possint.
932 2266 1001 2302 qua
1028 2259 1172 2303 quidem
1200 2260 1276 2304 ipsa
1302 2260 1346 2293 de
1375 2272 1479 2294 causa
1505 2261 1574 2294 du-

133 2311 243 2344 riores
278 2307 491 2343 animalibus
528 2318 663 2351 ungues
691 2311 773 2339 sunt
808 2316 912 2349 quam
939 2304 1096 2347 homini,
1123 2307 1179 2339 cui
1204 2312 1287 2340 sunt
1311 2309 1455 2340 omnino
1481 2309 1574 2341 mol-

132 2357 252 2391 liores.
285 2362 321 2390 et
346 2360 484 2389 constat
518 2360 613 2387 certe
643 2359 760 2387 cutem
797 2351 956 2384 eiusdem
992 2353 1224 2386 consimiliter
1249 2364 1326 2387 esse
1350 2355 1573 2396 molliorem,

134 2404 180 2438 de
204 2415 275 2449 qua
299 2413 435 2447 ungues
466 2402 652 2442 oriuntur,
692 2401 848 2444 itemque
876 2405 947 2432 tam
972 2399 1136 2434 duritiem
1163 2412 1268 2445 quam
1294 2402 1483 2435 mollitiem
1508 2414 1576 2434 un-

135 2452 255 2496 guium
293 2448 504 2483 animalibus
544 2459 588 2481 ex
621 2448 777 2493 ipsorum
819 2457 885 2478 usu
914 2445 1041 2480 datam.
1066 2453 1251 2492 praeterea
1274 2449 1456 2481 volucrum
1483 2450 1574 2482 aliae

134 2498 236 2531 nullo
261 2503 431 2530 tenentur
462 2495 631 2539 imperio,
674 2494 914 2537 libertateque
954 2494 1066 2527 veluti
1089 2494 1241 2539 quadam
1271 2496 1456 2538 fruuntur5
1484 2496 1574 2528 aliae

137 2545 236 2578 ducis
262 2545 410 2588 irnperio
438 2542 621 2576 subiectae
649 2547 741 2582 sunt,
767 2546 808 2573 ut
833 2551 946 2583 grue&
970 2551 1053 2586 apes
1079 2542 1185 2574 etiam
1203 2541 1268 2575 sub
1295 2553 1375 2586 rege
1402 2554 1442 2575 ac
1468 2554 1575 2587 prae-

138 2591 232 2625 fecto
269 2590 424 2636 quodam
462 2601 585 2633 operas
623 2600 703 2622 suas
733 2587 944 2627 absolvunt,
975 2599 1041 2620 nec
1066 2589 1164 2633 prius
1190 2589 1235 2622 ad
1259 2595 1358 2634 prata
1385 2591 1574 2622 convolare

138 2637 255 2671 solent
282 2649 386 2682 quam
424 2647 540 2680 regem
571 2636 711 2668 initium
747 2633 913 2667 avolandi
938 2634 1062 2668 fecisse
1087 2637 1346 2681 conspexerint.
1374 2647 1493 2682 neque
1518 2648 1575 2669 rc-

138 2695 216 2729 gem
241 2683 335 2717 hunc
361 2683 532 2726 suffragiis
560 2682 663 2727 quasi
687 2682 867 2714 delectum
895 2679 1046 2722 habent,
1073 2682 1135 2715 sed
1153 2694 1172 2714 a
1193 2689 1320 2716 natura
1347 2684 1383 2716 in
1411 2684 1574 2716 omuibus

139 2732 356 2776 principem,
379 2731 615 2763 excellentem
642 2734 799 2763 caeteros
836 2727 1079 2771 magnitudine
1108 2729 1220 2763 forma
1247 2735 1283 2763 et
1306 2729 1440 2764 indolis
1466 2736 1575 2774 atque
