1826 3120
553 152 853 215 ANNAL'mM
880 175 1014 216 PARS
1056 177 1089 216 1.
1485 159 1549 213 81
1582 151 1587 155 ’

221 273 277 316 Τὸ
309 275 357 316 δέ
384 288 430 327 γε
473 274 598 316 πλέον
629 274 713 316 τῶν
743 268 879 316 ἄλλων
909 273 1273 330 παραδοξότερον,
1295 275 1395 325 τούς
1424 274 1560 331 γῦπας

106 355 239 398 φασιν
279 340 581 389 ἄσυνὸυιὶστως
618 343 791 402 τίκτειν,
838 341 1062 383 καὶταῦτα
1092 340 1461 396 μακροβιωτάτους
1493 337 1560 384 ὗν-

105 424 209 460 τας,
252 409 324 449 καί
364 407 517 459 μέχρις
553 403 700 448 ἑκατὸν
739 406 844 448 ἑτῶν
874 404 949 462 τήν
990 406 1103 461 ζωὴν
1126 408 1269 450 αὐτῶν
1296 411 1558 463 παρεκτείνε-

104 477 228 517 σθαι.
305 471 375 514 διὰ
407 472 453 514 τί
475 473 522 513 δὲ
549 474 695 525 τοῦτο,
727 474 802 514 καί
825 473 938 521 τίνος
964 475 1126 525 §venem
1155 473 1223 516 ἵνα
1251 473 1331 529 γὰρ
1365 473 1424 531 μή
1451 491 1558 525 τινες
1569 489 1669 525 ν,33

67 541 327 595 5ἑπιγελαῖσι
353 540 412 596 τῷ
438 538 657 594 μυστηρίῳ
686 537 807 592 ἡμῶν
824 570 835 590 ,
867 536 926 586 ὥς
958 534 1164 581 ἀδύνατον
1191 543 1399 596 παρθένον
1425 548 1596 588 τεκεῖνο

102 605 177 649 καί
205 600 336 654 αὖθις
361 609 503 657 μεῖναι
531 604 767 658 παρθένον,
799 605 958 659 μυριάς
990 605 1036 646 ἐκ
1065 606 1136 659 τῆς
1165 605 1332 662 φύσεως
1362 607 1560 663 α’φορμάς

102 670 209 725 πρὸς
243 670 320 726 τήν
347 671 484 712 πίστιν
511 671 594 712 τῶν
632 668 881 725 παραδόξων
907 669 1135 725 προλαβών
1162 671 1429 725 κατεβάλετο.
1491 677 1565 717 καί

102 735 216 781 οὕτω
263 738 342 791 μὲν
382 737 481 790 περὶ
521 735 683 777 τούτων
734 735 757 777 ὅ
785 738 918 791 μέγας
945 735 1194 787 Βασίλειος·
1268 738 1308 781 οἱ
1336 741 1383 781 δέ
1409 756 1456 794 γε
1484 740 1564 789 τὰς

104 805 258 860 φύσεις
281 804 367 845 τῶν
409 802 526 854 ζώων
571 802 903 856 διασκεψάμενοι
927 805 1079 859 *τριετῆ
1118 802 1274 859 χρόνον
1301 804 1400 855 τοὺς
1425 809 1564 860 γῦπας

24 872 347 924 ἰοέγκυμονεῖν
373 865 679 922 τερατεύονται.
735 868 810 909 καί
832 869 920 918 πῶς
954 863 1095 915 ἄκουε.
1155 871 1232 911 οὐκ
1262 868 1374 912 ἔστιν
1404 866 1562 927 ἄρρενα

100 937 215 990 γῦπα
253 934 529 976 θεάσασθαι·
597 933 902 983 α’συνδυάστως
946 932 1029 989 γάρ
1070 933 1228 985 αὖτοὺς
1255 937 1411 979 τίκτειν
1439 937 1564 991 νόμοι

102 1001 272 1058 φύσεως
290 996 672 1055 παρακελεύονται,
702 996 803 1042 ὅθεν
830 1002 904 1042 καί
930 1002 1016 1043 πᾶν
1045 1001 1092 1043 τὸ
1122 1003 1239 1056 γένος
1268 1003 1410 1045 αὐτῶν
1436 1003 1462 1058 ἦ
1490 1005 1565 1046 τοῦ

99 1066 254 1123 θήλεος
294 1064 429 1123 φύσις
460 1067 684 1121 ἠνέγκατο.
762 1063 866 1122 ὅπερ
905 1065 1175 1121 ἐπιστάμενοι
1214 1069 1345 1122 γῦπες
1389 1068 1462 1111 καί
1488 1067 1565 1123 τὴν

101 1134 282 1190 ἐρημίαν
320 1131 503 1181 δεδιότες
538 1135 623 1175 τῶν
653 1135 837 1186 τέκνων,
885 1134 946 1182 εἰς
974 1133 1170 1189 ἐπιγονήν
1215 1130 1330 1176 ἅπαν
1375 1134 1420 1177 τὸ
1450 1137 1565 1190 γένος

41 1199 404 1255 ι5στρατεύεται,
445 1198 521 1240 καί
560 1200 699 1253 δρῶσί
721 1216 762 1241 τι
807 1199 1002 1255 σόφισμα
1032 1195 1220 1255 ἄριστον.
1274 1202 1333 1259 τῷ
1358 1199 1465 1259 νότῳ
1493 1203 1606 1244 καιἸ)

101 1265 184 1322 γὰρ
235 1266 491 1320 ἀντίπρωροι
529 1266 738 1310 πέτανται.
796 1266 836 1307 εἰ
859 1266 904 1307 δὲ
931 1264 990 1320 μή·
1025 1269 1141 1316 νότος
1169 1264 1233 1321 εἴη
1251 1299 1262 1320 ‚
1291 1269 1348 1325 τῷ
1375 1275 1571 1322 συγγενεῖ

102 1328 215 1390 εὔρῳ
245 1331 427 1373 ἁπλοῦσι
455 1330 533 1380 τὰς
561 1333 794 1386 πτέρυγας,
822 1327 910 1373 εἶτα
947 1328 1150 1386 κεχήνασι
1178 1334 1251 1374 καί
1273 1335 1348 1375 τοῦ
1376 1331 1566 1387 πνεύμα-

102 1412 173 1447 τος
202 1399 493 1454 ἐμφοροῦνται
521 1399 773 1452 εἰσρέοντος,
812 1397 888 1439 καὶ
910 1400 1098 1439 τίκτουσι
1127 1399 1239 1452 ζῶα,
1269 1397 1327 1454 μὴ
1353 1401 1493 1452 μέντοι
1519 1415 1568 1455 γε

105 1463 170 1522 ιιῦἀ
213 1463 438 1519 ὑπηνέμια.
510 1464 574 1505 διὸ
617 1465 816 1505 πλείστου
853 1461 1008 1518 χρόνου
1056 1464 1193 1505 δεῖται
1233 1464 1259 1519 ἦ
1299 1464 1431 1520 φύσις
1459 1466 1567 1522 πρὸς

38 1547 94 1575 20
109 1527 219 1582 ζώου
249 1528 590 1585 τελεσιουργίαν·
646 1527 834 1583 χαλεπὸν
862 1528 941 1584 γὰρ
975 1529 1047 1571 καί
1073 1530 1168 1571 λίαν
1195 1530 1376 1586 ἐργῶδες
1402 1534 1454 1589 τῇ
1485 1531 1566 1588 φύ-

105 1612 171 1639 σει
202 1595 407 1639 οὖσιῶσαι
437 1595 481 1639 τὸ
513 1597 680 1648 πνεῦμα
710 1597 782 1638 καί
823 1596 930 1650 πρὸς
960 1596 1065 1647 ζῶον
1092 1599 1394 1652 πλαστουργεῖν
1422 1597 1466 1639 τὸ
1497 1603 1564 1640 λε-

106 1662 319 1706 πτότατον.
387 1660 560 1704 ἐπειδὰν
601 1662 741 1704 τοίνυν
789 1661 958 1713 ἀκούεις
996 1664 1069 1719 καί
1105 1660 1158 1704 σύ
1199 1665 1431 1720 συναφείας
1462 1659 1563 1706 ἄνευ

204 1834 280 1867 Iam
307 1831 408 1878 quod
434 1832 541 1866 rebus
566 1833 717 1866 caeteris
741 1833 851 1877 magis
883 1833 993 1866 etiam
1018 1833 1063 1867 ab
1089 1833 1260 1878 opinione
1285 1832 1470 1866 hominum
1496 1834 1562 1867 ab-

108 1880 249 1923 horret,
272 1880 434 1914 vultures
463 1881 563 1913 aiunt
587 1880 722 1926 absque
742 1881 847 1913 maris
874 1885 910 1913 et
945 1880 1099 1912 feminae
1124 1881 1378 1913 coniunctione
1403 1881 1560 1926 gignere,

103 1934 249 1962 senecta
274 1927 381 1961 etiam
410 1927 448 1960 in
477 1932 655 1960 extrema:
681 1939 763 1960 nam
802 1926 848 1959 ad
872 1927 1106 1960 centesimum
1135 1938 1270 1960 annum
1296 1927 1450 1961 vivendo
1478 1940 1561 1973 per-

102 1976 263 2009 veniunt.
291 1975 526 2020 quamobrem
557 1974 672 2008 istuc?
697 1974 867 2007 nimirum
897 1984 944 2006 ne
968 1975 1032 2018 qui
1057 1974 1265 2017 mysterium
1292 1980 1454 2008 nostrum
1477 1976 1560 2008 irri-

107 2022 259 2064 derent,
286 2023 390 2067 quasi
415 2022 494 2055 fieri
518 2028 678 2068 nequeat
702 2028 742 2055 ut
765 2022 883 2066 pariat
907 2021 1004 2065 virgo
1034 2026 1071 2054 et
1096 2020 1332 2055 nibilominus
1360 2022 1458 2066 virgo
1482 2034 1560 2056 ma..

102 2075 189 2103 neat
206 2095 216 2111 ,
255 2080 300 2102 ex
338 2070 416 2114 ipsa
450 2075 578 2102 natura
606 2070 694 2102 deus
720 2069 823 2101 nobis
863 2073 1002 2101 tantum
1028 2079 1102 2101 non
1125 2068 1285 2102 infinitas
1313 2070 1561 2114 suppeditavit

103 2117 310 2150 occasiones
349 2116 512 2150 faciundi
535 2117 643 2150 fidem
670 2115 774 2149 rebus
799 2116 1032 2160 caeteroquin
1056 2114 1222 2149 absurdis
1249 2121 1286 2149 et
1309 2122 1452 2150 nostrae
1477 2118 1560 2162 opi..

102 2165 204 2197 nioni
228 2175 304 2197 non
345 2164 661 2209 respondentibus.
692 2163 759 2196 hoc
786 2162 892 2195 modo
919 2162 963 2195 de
988 2161 1044 2196 his
1064 2163 1217 2195 Basilius
1243 2163 1400 2198 disserit.
1423 2165 1558 2197 caeteri

103 2222 207 2253 vero,
235 2212 299 2256 qui
324 2217 471 2245 naturas
499 2212 708 2245 animalium
737 2215 943 2255 perspectas
971 2208 1128 2250 habent,
1152 2210 1314 2244 vultures
1339 2215 1418 2244 toto
1444 2212 1558 2245 trien-

103 2259 165 2291 nio
201 2264 338 2303 gestare
375 2265 518 2292 uterum
554 2259 759 2305 prodigiose
792 2258 950 2291 tradunt.
983 2257 1128 2302 quinum
1152 2257 1270 2290 istuc?
1305 2257 1401 2290 audi.
1436 2258 1559 2292 vultur

103 2316 178 2338 mas
212 2306 335 2339 nullus
371 2307 599 2351 conspicitur.
625 2318 709 2339 nam
748 2305 883 2350 absque
913 2303 1024 2337 duum
1052 2305 1305 2338 coniunctione
1344 2306 1488 2349 gignere
1512 2306 1558 2338 de

104 2353 327 2398 praescripto
354 2358 506 2386 naturae
534 2354 662 2387 solent.
693 2365 763 2398 quo
791 2353 831 2385 fit
857 2357 897 2384 ut
920 2362 1041 2385 eorum
1067 2352 1234 2385 universa
1259 2353 1358 2386 natio
1384 2353 1559 2386 consistat

105 2399 143 2432 in
166 2400 322 2434 feminis.
345 2399 414 2432 hoc
431 2412 510 2433 cum
533 2412 607 2435 non
631 2402 798 2446 ignorent
819 2399 1002 2440 vultures,
1027 2398 1192 2432 orbitatis
1217 2405 1315 2432 metu
1339 2399 1446 2432 simul
1473 2401 1556 2432 uni-

104 2447 196 2480 versi
224 2445 271 2480 ad
308 2447 554 2481 fetificandum
596 2447 776 2493 quandam
797 2446 916 2493 ,velut
950 2445 1214 2491 expeditionem
1238 2446 1452 2491 suscipiunt.
1475 2445 1556 2479 heic

106 2493 136 2525 si
162 2494 284 2526 nullus
323 2494 376 2528 eis
400 2507 478 2528 sese
501 2494 632 2529 Auster
661 2498 788 2528 o1rerat
806 2520 815 2534 ‚
857 2492 903 2526 ad
935 2499 1123 2537 cognatum
1151 2494 1283 2527 Eurum
1318 2494 1392 2526 alas
1419 2504 1555 2538 expan-

107 2538 208 2574 dunt.
246 2540 331 2574 inde
356 2553 420 2586 per
458 2543 527 2576 oris
559 2543 698 2576 hiatum
723 2547 830 2575 vento
864 2539 1038 2574 influente
1069 2540 1276 2586 replentur,
1302 2546 1338 2573 et
1361 2540 1554 2580 animalia,

107 2597 181 2619 non
206 2598 271 2620 ova
306 2589 552 2622 subventanea
593 2591 751 2634 gignunt.
793 2598 886 2633 quae
912 2598 1017 2621 causa
1049 2593 1104 2621 est
1140 2588 1370 2633 quamobrem
1398 2588 1552 2621 maximo

106 2635 277 2678 temporis
300 2637 414 2680 spatio
439 2643 566 2670 natura
590 2637 698 2670 huius
725 2636 770 2668 ad
797 2633 960 2667 animalis
985 2634 1250 2668 absolutionem
1278 2634 1447 2679 indigeat.
1471 2646 1552 2667 nam

107 2680 256 2714 difficile
286 2687 322 2715 et
347 2695 536 2728 operosum
563 2690 617 2717 est
641 2689 790 2716 naturae
815 2682 860 2714 de
885 2687 992 2715 vento
1017 2682 1196 2727 quandam
1212 2682 1402 2715 essentiam
1431 2681 1552 2715 effice-

109 2738 146 2759 re
175 2727 293 2772 deque
320 2740 356 2762 re
390 2731 496 2775 longe
537 2731 768 2764 subtilissima
805 2735 840 2762 et
867 2728 953 2761 exili·
979 2740 1120 2774 prorsus
1146 2730 1277 2762 animal
1302 2730 1446 2773 fingere.
1473 2740 1550 2761 cum

110 2775 216 2818 igitur
242 2774 365 2810 audies
399 2778 570 2824 virginem
612 2778 709 2812 illam
736 2777 958 2823 purissimam
985 2775 1120 2822 absque
1146 2777 1221 2809 ullo
1251 2776 1314 2810 viri
1341 2776 1551 2810 commercio

208 2844 351 2890 Glycas.
1294 2845 1317 2876 (i
