1826 3120
627 146 908 190 ANNAmUM
948 147 1084 190 PARS
1124 148 1176 188 u.
1501 146 1614 201 279

171 242 246 290 οὖν
285 245 308 288 ὁ
338 247 505 302 ῙΙἸωσῆς·
532 245 738 300 οἰκούσας,
784 246 858 290 καί
882 247 1081 302 πτοηθείς
1106 246 1265 302 μήποτε
1293 243 1521 302 κατάδηλος
1548 248 1617 301 γε’-

169 329 313 370 νηται,
341 311 524 368 ,ἀπαίρει
558 315 642 356 τῶν
679 311 807 368 ὁρίων
847 313 1069 369 Αἰγύπτου
1108 315 1182 356 καί
1226 309 1468 370 δραπετεύει
1509 311 1618 368 πρὸς

169 378 339 436 ἔρημον.
412 376 503 423 εἶτα
544 378 647 423 θεὸν
688 379 791 439 δρᾷ,
830 382 1026 423 κάκεῖθεν
1054 376 1166 436 πρὸς
1207 378 1370 435 Φαραώ
1405 379 1619 422 στέλλεται

103 503 110 508 ⁴
168 448 255 489 τοῦ
271 450 488 502 ἐξαγαγεῖν
513 445 584 492 τὸν
613 445 732 491 λαόν.
789 446 864 489 καί
891 447 1030 490 ταῦτα
1067 448 1145 500 μὲν
1170 446 1196 502 ἡ
1224 442 1440 503 ΙΠωσαϊκὴ
1471 445 1618 497 διέξει-

130 513 237 556 δσιν
263 511 447 569 ἱστορία.

275 577 325 624 Ὅ
351 581 399 623 δὲ
426 580 629 636 Ἰώσηπος
645 581 745 635 περὶ
770 575 924 622 τούτου
950 580 1026 623 καί
1051 578 1166 623 τάδε.
1220 581 1305 622 τῶν
1332 578 1620 636 ἶερογραμμα-
1661 568 1664 593 ³

165 648 273 690 τέων
298 662 362 697 τις
391 648 485 704 (καί
522 644 603 702 γάρ
639 646 722 689 εἶσι
751 645 883 690 δεινοί
912 646 1013 702 περὶ
1039 649 1122 689 τῶν
1148 644 1385 700 μελλόντων
1413 644 1488 702 τήν
1515 644 1656 701 diri-B

165 716 310 770 θειαν)
332 714 519 769 ἀγγέλλει
538 715 598 771 τῷ
617 716 789 767 βασιλεῖ
810 711 1101 770 τεχθήσεσθαί
1128 729 1224 756 τινα
1257 715 1346 755 κατ’
1366 714 1520 755 ἐκεῖνον
1547 710 1621 755 τὸν

167 778 313 836 καιρὸν
337 786 423 832 τοῖς
445 780 743 836 Ἰσραηλίταις,
763 779 807 831 ὃς
824 777 1070 823 ταπεινώσει
1086 781 1164 835 μὲν
1180 779 1256 835 τήν
1279 781 1361 822 τῶν
1373 781 1620 834 Αἰγυπτίων
1632 790 1675 824 V.
1695 791 1755 825 115

107 845 413 902 ιοῆγεμονίαν,
449 843 623 903 αὐξήσει
671 847 720 888 δὲ
760 845 860 897 τούς
904 846 1176 902 Ἰσραηλίτας
1214 844 1418 902 τραφείς,
1466 843 1622 900 ἀρετὴν

165 913 324 964 πάντας
354 913 592 970 ὑπερβαλεῖ
618 913 692 955 καί
719 912 846 965 δόξαν
866 912 1116 969 ἀείμνηστον
1134 912 1343 969 κτήσεται.
1404 913 1547 962 δείσας
1576 913 1623 954 δὲ

164 979 191 1023 ὅ
208 978 409 1035 βασιλεὺς
436 979 539 1023 κατὰ
563 979 733 1037 γνώμην
759 979 837 1036 τήν
863 982 1021 1024 ἐκείνου
1049 979 1207 1022 κελεύει
1233 982 1319 1022 πᾶν
1345 977 1392 1022 τὸ
1424 980 1623 1034 γεννηθὲν

136 1104 139 1109 ι
163 1043 292 1104 ἄρσεν
318 1049 418 1104 παρ’
441 1046 648 1104 Ἑβραίοις
676 1049 736 1098 εἷς
762 1046 834 1091 τὸν
860 1045 1047 1101 ποταμὸν
1065 1046 1315 1105 ῥιπτοῦντας
1338 1047 1620 1104 διαφθείρειν,

163 1113 517 1171 παραφυλάσσειν
554 1112 630 1164 τοὶς
674 1115 830 1164 ὠδῖνας
858 1116 942 1157 τῶν
967 1113 1171 1171 Ἑβραιῖον
1192 1115 1402 1169 γυναικῶν
1433 1111 1508 1161 τὰς
1537 1113 1620 1155 ,Αἷ-

102 1180 339 1237 ιόγυπτίας
355 1183 508 1234 μαίας·
567 1179 649 1223 ὑπὸ
680 1181 760 1238 γάρ
789 1179 950 1224 τούτων
979 1181 1114 1231 αὐτὰς
1140 1183 1333 1224 ἐκέλευσε
1360 1181 1619 1234 μαιοῦσθαι.

162 1248 188 1303 ἧ
218 1249 382 1291 ἐπίνοια
411 1249 457 1291 δὲ
486 1244 594 1304 αὕτη
622 1247 730 1303 πρὸς
756 1246 801 1291 τὸ
830 1249 1166 1305 διαφθείρεσθαι
1186 1247 1259 1290 ὑπ’
1288 1243 1431 1290 αὗτῶν
1468 1246 1519 1290 τά
1556 1255 1657 1290 τι-ί3

161 1313 355 1369 κτόμενα.
407 1316 601 1370 γεννᾶται
629 1309 706 1357 οὖν
746 1313 855 1357 κατὰ
893 1313 968 1370 τὴν
994 1314 1228 1371 πρόρρησιν
1265 1310 1286 1357 ὃ
1314 1318 1413 1363 παῖς
1441 1315 1619 1366 ἐκεῖνος,

162 1379 310 1424 λαθών
338 1381 438 1431 τούς
466 1379 660 1439 φύλακας
691 1380 761 1424 δια
787 1379 862 1437 την
889 1382 974 1424 τῶν
1003 1382 1166 1424 ὀδυνῶν
1193 1382 1420 1424 ἐπιείκειαν
1446 1379 1520 1422 καί
1545 1379 1618 1422 διὰ

161 1446 210 1491 τὸ
239 1447 299 1505 μη
329 1451 475 1502 βιαίας
498 1450 543 1490 ἐν
570 1450 724 1505 τοκετιῦ
753 1452 994 1504 περιπεσεῖν
1028 1449 1079 1505 τῇ
1105 1445 1304 1505 τικτούσῃ
1334 1463 1410 1497 τας
1437 1446 1619 1502 α’λγηδό-

99 1530 254 1564 αονας.
313 1517 388 1557 καί
422 1520 536 1569 τρεῖς
570 1516 649 1568 μὲν
683 1517 820 1570 μῆνας
838 1517 938 1571 παρ’
968 1513 1132 1565 ἑαυτοῖς
1158 1516 1361 1571 τρέφουσι
1388 1511 1616 1556 λανθανον-

163 1596 256 1630 τες·
317 1578 406 1624 εἶτα
449 1583 592 1632 δείσας
621 1580 792 1637 Ἀμρὰμ
833 1580 893 1637 μή
924 1596 1177 1637 καταφωρος
1203 1583 1421 1636 γέννηται,
1452 1559 1615 1634 πλέγμα

163 1663 203 1690 τι
229 1646 428 1702 βυβλινον
457 1647 634 1704 ποιήσας
672 1665 741 1690 και
778 1644 1065 1705 ἆσφαλτιόσας
1094 1647 1208 1706 αυτιῦ
1236 1645 1281 1690 τὸ
1312 1646 1479 1690 παιδίον
1509 1648 1614 1689 ε’νιι-

263 1754 313 1789 18.
341 1752 513 1791 ὠδίνωνῗ

163 1850 406 1897 Aegyptium?
444 1850 500 1885 his
518 1851 651 1884 auditis
674 1851 793 1884 Moses
818 1857 953 1885 terrore
986 1852 1192 1898 perculsus
1216 1862 1261 1884 ne
1289 1850 1382 1884 sorte
1410 1862 1465 1884 res
1497 1851 1615 1896 palam

165 1899 289 1940 fieret,
325 1911 344 1932 e
369 1898 504 1932 finibus
528 1900 708 1944 Aegyptiis
738 1898 879 1932 excedit
903 1905 940 1933 et
967 1900 1005 1932 in
1034 1898 1268 1932 solitudinem
1294 1899 1353 1931 fun
1335 1910 1375 1943 ὅτι
1402 1910 1439 1931 se
1463 1899 1613 1932 conl'.ert

165 1943 366 1980 secundum
405 1946 444 1979 id
478 1948 652 1991 temporis
686 1946 792 1978 deum
818 1947 1013 1992 conspicit,
1024 1952 1085 1980 .et
1109 1946 1155 1978 ad
1184 1945 1404 1979 Pharaonem
1435 1946 1615 1979 educendi

164 2005 210 2027 ex
230 1993 391 2039 Aegypto
415 1994 542 2039 populi
571 2006 675 2027 causa
701 1994 900 2039 ablegatur.
931 1995 969 2028 in
993 1994 1090 2028 hunc
1109 1992 1256 2027 modum
1280 1992 1432 2028 historia
1455 1994 1614 2027 Mosaica

165 2052 238 2075 rem
263 2047 378 2074 actam
404 2047 669 2075 commemorat.

257 2089 429 2135 Iosephus
446 2095 565 2122 autem
589 2089 678 2123 haec
702 2099 847 2134 quoque
875 2089 995 2128 refert,
1019 2086 1197 2133 quendam
1220 2089 1387 2121 nimirum
1412 2099 1455 2121 ex
1479 2087 1523 2120 iis
1548 2088 1613 2134 qui

163 2137 305 2170 litteras
332 2148 447 2170 sacras
484 2137 657 2170 callerent
683 2137 870 2182 (imprimis
896 2141 1014 2169 autem
1038 2136 1201 2169 homines
1226 2135 1281 2168 illi
1307 2136 1415 2181 periti
1443 2141 1545 2168 erant
1574 2136 1612 2168 in

163 2184 399 2218 coniectanda
424 2195 539 2217 rerum
564 2185 763 2218 futurarum
794 2183 961 2229 veritate)
990 2183 1064 2228 regi
1101 2183 1285 2216 nuntiasse
1326 2183 1542 2228 gignendum
1572 2183 1613 2215 id

162 2232 334 2277 temporis
362 2232 561 2272 hominem,
587 2233 650 2278 qui
681 2231 850 2264 Israelitis
876 2231 1048 2264 educatus
1073 2241 1195 2263 omnes
1220 2231 1353 2264 virtute
1378 2236 1610 2276 superaturus

164 2285 260 2313 esset
285 2285 322 2313 et
344 2280 493 2323 gloriam
519 2280 620 2312 nulla
646 2279 872 2313 saeculorum
905 2277 1095 2312 delendam
1121 2279 1304 2311 oblivione
1328 2278 1397 2311 sibi
1426 2289 1611 2322 compara⁸

164 2331 273 2360 turus.
297 2326 380 2360 heic
416 2339 532 2371 regem
566 2333 664 2360 metu
699 2332 918 2372 correptum,
956 2327 1000 2358 de
1037 2325 1135 2359 illius
1169 2326 1318 2359 consilio
1358 2326 1609 2370 sententiaque

163 2373 349 2408 mandasse
380 2380 421 2408 ut
454 2386 575 2408 onmes
608 2374 781 2408 Hebraeis
820 2374 895 2406 nati
923 2384 1038 2407 mares
1074 2373 1112 2406 in
1135 2372 1282 2407 fluvium
1308 2373 1550 2406 abiicerentur
1574 2379 1611 2405 et

163 2428 385 2457 necarentur.
409 2422 514 2456 simul
533 2423 686 2455 edixisse
705 2428 745 2455 ut
770 2420 977 2454 obstetrices
999 2421 1195 2466 Aegyptiae
1217 2421 1404 2454 mulierum
1424 2420 1610 2453 Hebraea-

164 2479 241 2502 rum
259 2475 380 2514 partus
407 2469 661 2512 observarent3
686 2481 775 2515 quas
801 2468 947 2514 quidem
971 2468 1063 2502 solas
1085 2468 1255 2502 Hebraeis
1282 2468 1508 2502 obstetricari
1532 2466 1609 2500 vel-

164 2515 225 2549 let.
250 2521 403 2550 astutum
429 2517 498 2550 hoc
523 2518 711 2550 consilium
740 2528 782 2550 eo
810 2521 986 2561 spectasse
1010 2522 1051 2551 ut
1074 2515 1119 2549 ab
1145 2517 1194 2550 eis
1227 2516 1383 2550 infantes
1407 2516 1482 2548 nati
1509 2515 1608 2559 peri-

163 2569 353 2597 merentur.
398 2565 520 2610 itaque
553 2577 705 2611 puerum
734 2564 829 2597 hunc
868 2569 990 2597 natum
1016 2574 1111 2605 esse,
1135 2563 1437 2609 quemadmodum
1462 2561 1607 2607 praedi-

164 2616 261 2644 ctum
287 2610 423 2654 fuerat,
459 2612 569 2658 idque
609 2613 700 2644 clam
725 2611 934 2645 custodibus
958 2617 1104 2657 propter
1128 2611 1291 2645 dolorum
1321 2612 1358 2644 in
1384 2615 1487 2655 partu
1512 2610 1607 2642 leni-

166 2663 287 2701 tatem.
314 2668 394 2691 eum
418 2665 585 2705 parentes
611 2660 813 2693 clanculum
838 2658 933 2704 apud
959 2670 996 2692 se
1019 2659 1280 2705 aliquantulum
1306 2658 1483 2691 educasse.
1507 2669 1606 2690 cum-

166 2716 236 2750 que
275 2705 442 2751 deinceps
468 2709 650 2740 Amramus
689 2705 895 2740 formidaret
930 2717 975 2739 ne
1000 2705 1131 2740 factum
1155 2707 1272 2752 palam
1299 2706 1422 2746 fieret,
1448 2705 1606 2738 [iscelam

166 2752 343 2798 quandam
367 2755 590 2800 papiraceam
615 2754 834 2796 confecisse,
859 2764 901 2788 ac
921 2754 959 2790 in
984 2764 1026 2788 ea
1050 2754 1227 2790 bitumine
1253 2753 1368 2789 oblita
1394 2753 1606 2799 munitaque
