1826 3120
239 156 315 229 96
695 170 980 212 nucflAffls
1024 171 1239 213 GLYCAE

235 271 372 316 τοίνυν
400 269 421 314 ὃ
449 266 547 327 ὄφις
573 267 619 312 τὸ
649 271 831 324 πήγανον
861 270 1074 322 ἐντεῦθεν,
1101 271 1213 312 καθὰ
1244 270 1376 328 δήπου
1399 274 1473 315 καί
1496 271 1567 314 τὸν
1590 284 1640 327 χε

237 340 358 392 μῶνα
389 337 458 378 διὰ
481 335 553 391 την
581 334 819 389 ὑπερβολὴν
851 338 926 389 τῆς
955 334 1238 391 ψυχρότητος,
1635 349 1638 353 ·

354 399 477 445 Οὕτω
514 403 591 454 μὲν
632 397 708 443 οὖν
745 401 797 443 τὰ
830 403 915 453 ζῶα
945 400 1080 444 πάντα
1115 404 1304 459 φυσικῶς
1331 398 1419 446 οἶδε
1445 401 1494 447 τό
1522 420 1568 446 τε
1595 420 1681 446 σω-

234 467 378 524 τήριον
403 468 449 509 τό
480 483 524 508 τε
563 466 773 522 ὀλέθριον.
854 467 898 510 αἱ
949 470 995 510 δὲ
1023 473 1123 522 παρ’
1159 469 1302 518 αὐτοῖς
1332 470 1583 525 προγνώσεις
1608 470 1684 524 τῆς

152 526 154 528 ‚
197 537 335 587 (Σπερί
360 532 434 575 τὸν
478 533 584 588 ἀέρα
615 535 848 588 μεταβολῆς
884 538 1008 576 ποιάν
1045 533 1147 588 οὐχὶ
1185 533 1351 578 σύνεσιν
1385 526 1551 590 λογικὴν
1578 535 1720 577 ἄπο-5

236 599 519 655 κρύπτουσιν,-
567 594 672 640 ὅπου
712 616 756 653 γε
785 598 830 641 τὸ
871 603 951 653 μὲν
991 599 1199 655 πρόβατον
1241 603 1448 655 χειμῶνος
1475 598 1684 656 προῖὖπος

235 665 402 720 λάβρως
442 666 743 718 ἐπεμβάλλεται
786 667 836 724 τῇ
867 668 1003 724 τροφῇ
1041 664 1182 722 ὥσπερ
1225 665 1551 720 ἑπισιτιζόμενον
1578 665 1687 722 πρὸς

234 730 311 787 την
339 733 578 784 μέλλουσαν
623 729 800 773 ἔνδειαν.
859 728 938 787 ἤδη
970 733 1016 774 δέ
1045 748 1110 781 τις
1138 735 1222 774 τῶν
1251 732 1490 788 φιλοπόνων
1514 735 1586 776 καὶ
1611 731 1685 781 τὸν

234 802 436 852 χερσαῖον
466 799 602 850 ἐχῖνον
622 798 800 852 ἐτήρησε
829 799 977 847 διπλᾶς
1011 797 1220 847 ἀναπνοὰς
1244 801 1292 855 τῇ
1319 794 1475 840 ἑαυτοῦ
1500 795 1684 842 καταδύ-

234 879 301 906 σει
341 862 712 918 μηχανησάμενον,
749 865 820 905 καί
855 866 1079 917 μέλλοντος
1127 867 1277 920 βορέου
1308 870 1425 907 πνεῖν
1457 860 1747 922 &nemenio-⁴10

234 946 363 973 σοντα
404 929 481 984 την
522 929 727 986 ἀρκτῴαν,
769 929 889 972 νότου
929 931 975 972 δὲ
1003 927 1127 972 πάλιν
1163 930 1495 984 μεταβάλλοντος
1521 932 1581 981 εἰς
1609 930 1686 986 τὴν

233 994 512 1053 προσάρκτιον
540 997 858 1048 μεταβαίνοντα.

342 1059 468 1104 Ἀλλὰ
501 1063 573 1101 καί
599 1059 672 1115 την
699 1064 779 1102 τῶν
812 1062 1098 1117 αἰσθητηρίων
1127 1061 1371 1117 περιουσίαν
1398 1062 1584 1118 μεγάλην
1603 1078 1686 1104 πα-

238 1126 292 1183 ρὰ
322 1133 409 1176 τοῖς
458 1126 580 1178 ζώοις
623 1125 707 1168 ἴδοι
734 1142 798 1175 τις
838 1123 905 1168 ἄν.
980 1129 1021 1169 εἰ
1060 1127 1119 1182 μὴ
1152 1127 1232 1182 γάρ
1263 1130 1388 1170 τοῦτο
1422 1124 1500 1184 ἦν,
1529 1129 1607 1170 οὐκ
1633 1124 1687 1170 ἂν

191 1190 405 1248 Πᾶρνειός
433 1195 476 1234 ἐν
503 1194 674 1246 μυριόις
699 1190 924 1247 προβάτοις
959 1195 1042 1235 τῶν
1073 1196 1210 1248 σηκῶν
1238 1194 1509 1248 ἐξαλλόμενος
1534 1192 1613 1250 τήν
1639 1209 1685 1251 τε
1702 1190 1750 1232 15

232 1257 388 1314 χροιὰν
428 1259 501 1299 καί
541 1255 687 1313 φωνην
727 1258 800 1312 τήν
829 1261 899 1312 τῆς
920 1256 1078 1313 μητρὸς
1107 1260 1264 1313 ἐπέγνω
1291 1259 1364 1301 καὶ
1390 1260 1497 1314 πρὸς
1526 1260 1688 1316 ἐκείνην

234 1326 435 1380 ἠπείγετο,
472 1325 544 1364 καί
569 1326 699 1365 ταῦτα
730 1322 861 1364 πολλὰ
887 1323 1178 1379 παραδραμών
1209 1321 1373 1366 οὔθατα
1399 1325 1683 1382 βαρυνόμεναι,

235 1391 323 1432 ἔστι
353 1387 528 1444 καὶγὰρ
559 1390 658 1441 παρ’
691 1388 837 1438 αὐτοῖς
873 1388 1072 1445 αἴσθησις
1106 1391 1177 1444 τῆς
1205 1387 1416 1445 ἡμετέρας
1446 1391 1688 1446 καταλήψε-

236 1473 292 1506 ως
322 1455 524 1510 ὀξυτέρα,
553 1457 650 1496 καθ’
680 1452 732 1510 ἢν
759 1451 919 1512 ἑκάστῳ
952 1454 1126 1512 πάρεστι
1157 1458 1233 1498 τοῦ
1263 1459 1414 1499 οἰκείου
1445 1455 1684 1512 διάγνωσις.

236 1518 357 1564 οὔπω
407 1520 445 1563 οἱ
487 1520 655 1569 ὄὸόντες
692 1521 752 1577 τῷ
792 1520 992 1574 σκύλακι,
1034 1522 1107 1562 καί
1133 1518 1246 1574 ὅμως
1274 1522 1344 1564 διὰ
1377 1524 1455 1579 roz?
1481 1523 1753 1577 στόματοςαο

235 1586 443 1642 ἀμύνεται
487 1585 560 1628 τόν
589 1583 847 1640 λυπήσαντα.
915 1582 1033 1628 οὔπω
1063 1586 1115 1629 τὰ
1147 1589 1303 1643 κέρατα
1330 1590 1387 1646 τῷ
1413 1587 1587 1647 μόσχῳ,
1614 1590 1688 1637 καὶ

335 1701 384 1734 ιδ.
409 1694 475 1743 τὴν
499 1699 657 1746 μητέρος
684 1698 723 1731 Ρ.

237 1806 473 1849 tingueretur.
509 1802 575 1836 hac
612 1802 657 1835 de
686 1813 792 1834 causa
818 1812 967 1846 serpens
991 1804 1041 1835 sic
1072 1809 1186 1836 rutam
1213 1804 1301 1848 fugit
1328 1816 1367 1838 ac
1394 1805 1503 1846 vitat,
1528 1805 1622 1840 sicut
1649 1811 1686 1840 et

239 1852 415 1891 hiemem,
440 1855 588 1895 propter
610 1850 759 1882 nimium
785 1849 926 1882 scilicet
951 1850 1074 1894 frigus.

332 1899 388 1931 Sic
415 1898 524 1941 igitur
547 1896 716 1929 animalia
745 1901 872 1929 cuncta
897 1897 985 1941 quid
1011 1897 1166 1931 salutare
1193 1898 1238 1930 sit
1268 1898 1376 1942 ipsis,
1403 1898 1492 1942 quid
1518 1899 1687 1942 exitiale,

238 1947 418 1989 cognitum
444 1943 591 1976 habent.
619 1945 687 1975 iam
710 1954 802 1987 quae
829 1948 912 1976 sunt
940 1943 1036 1989 apud
1063 1955 1104 1977 ea
1129 1955 1244 1979 rerum
1271 1945 1468 1978 futurarum
1493 1947 1688 1991 praesagia,

238 1992 338 2026 verbi
367 1992 496 2035 gratia,
525 1990 569 2023 de
594 1991 684 2022 aeris
710 1990 929 2024 mutatione:
955 1992 1078 2038 (quam
1104 1990 1250 2023 obsecro
1277 1991 1504 2035 prudentiam
1531 1993 1688 2026 rationa-

241 2040 310 2071 lem
336 2048 480 2082 quoque
505 2049 578 2070 non
602 2036 818 2071 obscurant?
845 2038 919 2070 ovis
953 2038 1169 2071 adventante
1195 2036 1312 2070 hieme
1331 2049 1436 2082 parce
1465 2040 1687 2075 nutrimento

239 2086 419 2125 vescitur,
448 2085 549 2128 quasi
579 2084 756 2128 quandam
784 2084 851 2116 sibi
881 2091 1095 2118 commeatus
1117 2085 1256 2129 copiam
1285 2096 1349 2129 pro
1374 2091 1541 2119 secutura
1565 2087 1689 2132 inopia

241 2131 476 2176 comparans.)
501 2131 699 2175 quinetiam
725 2130 888 2164 homines
913 2131 1083 2166 industrii
1098 2137 1302 2166 terrestrem
1322 2132 1489 2166 echinum
1513 2134 1588 2167 sive
1619 2134 1688 2167 eri—

240 2190 392 2212 naceum
416 2178 670 2221 respirationes
699 2178 765 2210 sibi
795 2178 952 2223 geminas
980 2179 1180 2223 excogitare
1207 2178 1280 2211 suis
1308 2179 1347 2211 in
1371 2180 1492 2213 lustris
1519 2180 1689 2214 observa-

243 2231 336 2258 runt.
373 2223 471 2268 quod
509 2224 538 2256 si
570 2225 765 2268 spiraturus
806 2231 861 2258 est
893 2225 1040 2270 aquilo,
1072 2230 1209 2270 partem
1245 2226 1488 2271 aquilonalem
1514 2227 1689 2261 obstruit:

243 2271 343 2317 quod
367 2272 396 2303 si
418 2276 525 2303 vento
554 2276 691 2304 mutato
730 2271 793 2305 flat
819 2278 964 2314 auster,
995 2272 1040 2305 ad
1067 2273 1226 2305 foramen
1252 2272 1439 2306 obversum
1466 2274 1629 2320 aquiloni
1650 2285 1690 2308 so

243 2319 392 2352 confert.

338 2364 453 2398 Etiam
479 2364 661 2396 sentiendi
689 2376 900 2408 organorum
937 2367 974 2399 in
999 2364 1210 2398 animalibus
1234 2366 1485 2400 excellentiam
1511 2366 1690 2412 quandam

243 2422 389 2445 cernere
425 2410 535 2442 licet:
579 2410 712 2455 absque
738 2423 808 2456 quo
835 2413 947 2454 foret,
987 2423 1095 2456 agnus
1120 2411 1214 2444 inter
1237 2424 1319 2446 oves
1349 2414 1551 2448 innumeras
1578 2415 1690 2447 caulis

244 2460 400 2492 inclusas
436 2456 627 2497 exsiliens,
669 2459 824 2491 colorem
866 2469 1061 2504 vocemque
1096 2459 1218 2492 matris
1254 2459 1351 2493 haud
1376 2466 1598 2505 agnosceret,
1622 2472 1691 2494 nec

245 2506 292 2538 ad
317 2517 395 2538 earn
422 2515 460 2537 se
488 2503 650 2536 studiose
678 2505 868 2546 conferret,
887 2506 1096 2551 praesertim
1122 2517 1200 2537 cum
1225 2506 1336 2539 ubera
1361 2508 1474 2540 multa
1495 2507 1601 2541 valde
1615 2508 1691 2541 dis-

246 2558 345 2586 tenta
377 2556 587 2596 gravataque
612 2557 825 2594 praetereat.
851 2554 1018 2586 nimirum
1048 2557 1101 2585 est
1124 2553 1163 2584 in
1196 2553 1246 2585 eis
1273 2565 1395 2586 seusus
1422 2554 1558 2594 acrior,
1585 2566 1692 2600 quam

246 2610 312 2632 nos
338 2599 596 2631 existimemus:
622 2608 693 2641 quo
718 2598 794 2641 ipso
821 2600 1007 2644 quaelibet
1029 2598 1073 2632 ab
1100 2599 1225 2632 alienis
1250 2611 1314 2633 sua
1340 2600 1563 2645 dignoscunt.
1607 2613 1696 2635 nec-

248 2646 333 2678 dum
359 2646 499 2677 catulus
535 2645 661 2678 dentes
691 2644 820 2685 habet,
854 2659 894 2679 ac
929 2646 1163 2679 nihilominus
1197 2658 1233 2679 se
1270 2647 1475 2680 laedentem
1499 2660 1560 2682 ore
1586 2649 1694 2683 vicis-

249 2693 315 2726 sim
339 2692 531 2723 ulciscitur.
558 2690 710 2723 necdum
736 2702 866 2724 cornua
893 2694 1025 2726 vitulus
1064 2692 1197 2730 habet,
1221 2704 1261 2725 ac
1286 2694 1518 2728 nibilominus
1547 2707 1618 2740 quo
1637 2695 1693 2728 lo..

250 2752 289 2771 co
315 2739 383 2784 ipsi
411 2749 506 2770 arma
532 2738 603 2771 sint
627 2737 811 2782 proditura
846 2741 954 2773 novit.
981 2739 1210 2786 quamobrem
1237 2743 1419 2787 praeclare
1446 2742 1539 2776 dixit
1554 2742 1692 2788 Hippo..
