1826 3120
258 141 372 214 476
724 157 1011 198 MicflAEus
1053 157 1268 199 GLYQE

257 258 330 299 καί
352 258 375 312 ἦ
407 257 476 298 διὰ
505 258 638 298 ταῦτα
666 254 881 308 ἐπιβουλή,
913 254 1033 311 φωνὴ
1062 253 1165 307 πρὸς
1199 250 1327 296 αὖτὸν
1341 256 1501 308 γέγονεν
1527 251 1702 308 ,,Ἀρσε’-

254 339 333 376 ne,
364 324 491 379 φεῦγε
521 321 616 370 τούς
643 320 908 375 ἀνθρώπους,
938 321 1011 363 καί
1039 321 1194 378 σώζῃ.”
1252 318 1399 376 φυγών
1420 321 1466 361 δὲ
1479 318 1553 363 καὶ
1573 315 1702 361 ἄπελ-

254 389 346 431 θαὶν
384 392 428 430 ἐν
475 385 789 442 Σκήτειπάλιν
819 383 972 443 ἤκουσε
999 389 1168 443 ,,φεῦγε,
1196 385 1350 437 σιώπα,
1381 385 1608 441 ἢσὺχαζε.”
1661 383 1701 428 οἶ

258 458 362 508 γοῦν
391 456 540 504 παῖδες
567 452 890 507 βασιλεύσαντες
910 453 1105 509 ἔγραψαν
1123 453 1240 510 αὐτῷ
1254 453 1527 507 συγχωρῆσαι
1546 452 1701 505 αὖτοΐς,

254 520 329 562 καί
350 521 536 573 μάλιστα
565 523 624 577 τῷ
645 521 877 578 Ἀρκαδάρ,
921 521 1029 575 ὑπὲρ
1062 515 1116 561 οὗ
1144 516 1335 573 ἐβούλετο
1361 519 1598 560 α’ποκτεῖναι
1626 515 1736 562 ’διὰὄ

254 588 500 642 σπαθαριόυ
531 584 676 628 αὐτόν.
733 586 756 627 ὁ
783 589 928 640 μέντοι
955 588 1086 640 μέγας
1115 586 1299 634 οἰκούσας
1316 581 1545 638 καὶτοῦτο,
1569 584 1701 639 »λᾶβρ

255 650 440 706 δημόσια
470 653 719 706 Αἰγύπτου,
750 652 822 695 καί
852 651 1068 705 ὃιοίνειμαι
1101 648 1208 694 ὅπου
1237 652 1421 703 θὲλεις,”
1449 645 1563 692 εἶπεν
1589 648 1706 704 ,,ε’γό“

253 719 311 775 τῷ
339 718 479 776 κόσμῳ
508 719 744 772 α’πέθανον,
789 721 864 761 καί
894 720 1030 762 ου’κέτι
1078 718 1160 770 ζῶ·
1215 716 1323 774 πλὴν
1354 715 1378 758 ὅ
1405 715 1507 766 θεὸς
1531 717 1701 771 συγχώ-

253 786 381 840 ρήσαι
408 784 553 837 ὖμῖν.”

210 856 242 889 D
357 851 416 892 ‘H
443 853 622 905 δευτέρα
660 849 835 901 σύνοδος
876 851 950 893 καί
989 848 1011 892 ὁ
1038 851 1172 905 μέγας
1208 848 1435 898 Θεοδόσιος
1474 849 1701 903 ἔνι’ὃρύσαν
1718 862 1767 890 10

252 918 312 973 τῷ
339 914 480 974 θρόνῳ
511 918 997 967 Κωνσταντινουπόλεως
1025 915 1095 959 τὸν
1122 918 1254 971 μέγαν
1282 918 1323 958 Γ
1321 912 1527 972 ρηγόριυν,
1553 909 1632 956 κᾶν
1657 915 1702 964 ἐξ

251 982 470 1036 Αἰγύπτου
512 986 622 1032 τινὲς
663 983 744 1025 ὑπὸ
786 985 951 1039 φθόνου
994 982 1304 1038 ἐταράχθησαν,
1337 983 1408 1038 ἐφ’
1438 976 1472 1040 ᾧ
1499 980 1573 1024 καί
1595 978 1702 1023 ἑκών

252 1051 411 1103 ἐξέστη.
467 1048 758 1104 ἆντεισοίγεται
788 1051 834 1092 δὲ
863 1047 1119 1103 Νεκτάριος,
1159 1046 1208 1090 τό
1236 1051 1315 1101 μὲν
1343 1050 1458 1102 γένος
1483 1043 1700 1101 Ταρσεύς,

251 1113 328 1169 τήν
357 1116 403 1156 δὲ
435 1118 511 1157 τοῦ
541 1119 779 1170 πραίτωρος
809 1114 945 1170 ἀρχὴν
979 1116 1160 1168 διέπων,
1189 1111 1235 1163 ὃς
1258 1114 1330 1155 τὸν
1360 1115 1439 1166 μὲν
1466 1115 1559 1167 βίον
1588 1110 1700 1153 θἀυ-

249 1179 412 1233 μαστός
431 1213 442 1230 ,
489 1181 743 1234 ἁβάπτιστος
779 1183 826 1223 δὲ
864 1183 994 1236 μέχρι
1021 1178 1129 1222 τότε.
1188 1180 1260 1222 καί
1285 1177 1411 1232 ὃμὲν
1433 1177 1700 1233 συγκληὲικὸς
1716 1183 1764 1226 15

251 1247 484 1300 Νεκτάριος
513 1247 815 1302 προχειρίζετο,
845 1247 867 1288 ὅ
900 1249 947 1290 δὲ
975 1247 1245 1296 Μακεὸ“όνιος
1273 1243 1619 1298 ἄναθεματιζετο.

112 1322 235 1369 P.257
347 1313 408 1353 ’En
437 1312 925 1362 Κωνσταντινουπόλεως
968 1315 1047 1355 τοῦ
1084 1310 1269 1367 μεγάλου
1301 1312 1532 1353 Θεοδοσίου
1572 1306 1701 1353 duat-

249 1393 395 1432 ρον-τος
426 1378 497 1420 ἐπὶ
524 1378 576 1420 τοὶ
603 1379 715 1421 κάτω
742 1382 864 1435 μέρη,
894 1381 1151 1434 στρατιῶται
1184 1380 1229 1420 ἓν
1259 1379 1538 1434 Θεσσαλονίκῃ
1565 1375 1700 1420 εἴσελ-

247 1444 392 1493 θόντες
421 1444 492 1486 διά
521 1461 614 1487 τινα
641 1447 792 1499 χρείαν
820 1445 1046 1498 α’νταρσίαν
1073 1447 1295 1499 ἐποίησαν,
1341 1446 1407 1500 ἐφ’
1437 1438 1473 1502 ᾧ
1502 1444 1697 1498 ἅντέστή-

249 1526 330 1553 σαν
372 1509 410 1552 οἱ
449 1514 520 1565 τῆς
558 1509 718 1561 πόλεως
758 1514 830 1554 καί
869 1514 1006 1561 λίθοις
1040 1509 1199 1563 ἔβαλον.
1258 1513 1336 1551 τοῦ
1367 1512 1467 1564 γοῦν
1492 1512 1762 1564 βασιλέωςαο

349 1642 398 1685 ¹4-
422 1642 506 1684 βίον
533 1636 577 1683 ἤν
603 1640 670 1674 a?

250 1759 400 1793 Arsenio
425 1758 544 1803 fugam
576 1770 653 1792 cum
684 1759 803 1792 animo
831 1769 896 1793 suo
925 1764 1116 1804 propterea
1140 1759 1359 1799 instituente,
1387 1758 1486 1804 quod
1508 1758 1699 1793 Arc-adium

248 1807 344 1840 forte
382 1806 655 1847 verberaverat,
691 1807 795 1851 isque
830 1813 980 1851 propter
1005 1807 1097 1840 hane
1119 1817 1260 1840 causam
1289 1805 1436 1839 insidias
1461 1806 1493 1841 ei
1523 1811 1698 1847 strueret,-

248 1864 372 1886 vocem
395 1852 605 1886 huiusmodi
634 1853 774 1887 audivit
794 1853 902 1897 „fuge
931 1853 1112 1895 mortales,
1135 1853 1273 1892 Arseni,
1300 1858 1338 1886 et
1360 1853 1476 1886 salvus
1498 1853 1600 1885 eris.'‘'
1629 1853 1697 1887 hac

249 1900 295 1933 «le
324 1912 429 1933 causa
452 1911 532 1933 cum
560 1900 774 1945 profugisset
800 1911 841 1933 ac
864 1901 1004 1934 Scetam
1031 1912 1069 1934 se
1092 1900 1326 1940 contulisset,
1356 1911 1475 1933 rursus
1499 1899 1607 1932 aliam
1633 1912 1698 1934 vo·
1721 1923 1724 1929 -

249 1958 326 1980 cem
349 1947 489 1980 audivit
520 1947 648 1991 „fuge‚
672 1947 760 1988 sile,
783 1948 962 1992 quiesce.”
1011 1947 1182 1991 deinceps
1207 1946 1271 1979 ubi
1295 1946 1341 1978 ad
1365 1946 1552 1992 imperium
1574 1946 1698 1981 Theo-

250 1994 344 2027 dosii
368 1994 435 2026 filii
458 1995 716 2039 pervenissent,
738 1994 870 2028 litteris
896 1993 942 2026 ad
970 2006 1052 2027 eum
1076 1993 1282 2039 perscriptis
1317 1998 1464 2026 orarunt
1487 1998 1529 2026 ut
1554 1993 1696 2039 culpam

250 2041 302 2075 eis
337 2041 582 2080 condonaret,
615 2040 770 2074 Arcadio
807 2042 1041 2086 praesertim,
1077 2041 1138 2086 qui
1169 2041 1371 2084 magistrum
1403 2039 1607 2073 interficere
1630 2051 1696 2085 per

250 2088 447 2130 satellitem
470 2087 654 2120 voluisset.
706 2099 859 2133 cumque
883 2099 1012 2131 magno
1036 2088 1093 2121 illi
1116 2087 1192 2121 viro
1218 2086 1453 2130 significatum
1484 2085 1554 2119 hoc
1586 2088 1696 2121 etiam

248 2135 295 2170 ab
321 2135 408 2179 ipsis
433 2135 536 2174 foret,
565 2135 714 2180 „accipe
754 2135 916 2179 publicas
948 2136 985 2168 in
1009 2135 1169 2179 Aegypto
1194 2133 1362 2179 pecunias
1380 2158 1389 2174 ‚
1427 2139 1464 2166 et
1503 2144 1563 2167 eas
1595 2134 1695 2168 arbi-

249 2186 346 2216 tratu
381 2186 443 2214 tuo
473 2179 714 2222 distribuito‚’'
739 2181 952 2226 „equidem”
987 2180 1174 2227 respondit
1209 2180 1318 2221 „huic
1361 2179 1497 2214 mundo
1529 2186 1695 2215 mortuus

250 2240 339 2270 sum,
361 2239 428 2260 nec
455 2227 608 2271 amplius
632 2229 734 2263 vivo:
764 2228 851 2262 deus
878 2235 997 2262 tamen
1021 2229 1122 2263 vobis
1146 2227 1339 2271 ignoscat,”

342 2276 426 2309 Post
460 2273 550 2307 haec
589 2275 785 2308 secundum
821 2277 1011 2309 concilium
1043 2281 1080 2308 et
1105 2285 1252 2318 magnus
1276 2274 1340 2306 illo
1365 2273 1592 2308 Theodosius
1619 2275 1695 2308 exi-

249 2322 360 2355 mium
386 2322 512 2362 virum,
540 2321 751 2366 Gregorium
777 2329 1012 2366 cognomento
1038 2322 1259 2365 theologum,
1289 2322 1326 2353 in
1349 2321 1471 2366 Cpolis
1501 2320 1593 2354 solio
1618 2321 1695 2355 col-

247 2369 429 2409 locarunt,
464 2369 606 2401 tametsi
640 2369 786 2413 quidam
813 2370 994 2402 antistites
1021 2369 1188 2413 Aegyptii
1222 2367 1391 2401 nonnihil
1416 2366 1602 2401 turbarum
1629 2379 1695 2413 per

248 2415 420 2449 invidiam
449 2415 586 2455 darent,
612 2426 704 2459 quae
729 2428 783 2449 res
809 2416 1017 2460 Gregorium
1040 2415 1152 2448 movit
1176 2420 1218 2448 ut
1240 2415 1331 2448 solio
1357 2419 1485 2459 sponte
1507 2425 1570 2448 sua
1586 2414 1694 2448 cede-

248 2468 314 2495 ret.
362 2461 532 2495 successit
560 2462 598 2494 in
626 2462 702 2495 eius
727 2463 845 2495 locum
867 2463 1068 2504 Nectar-ius,
1099 2462 1247 2495 natione
1273 2461 1478 2502 Tarsensis,
1518 2460 1695 2506 dignitato

248 2515 405 2553 praetor,
436 2509 489 2542 vir
513 2507 721 2542 admiranda
746 2509 892 2554 quidem
919 2508 1128 2543 innocentia
1153 2509 1247 2542 vitae
1271 2507 1471 2553 praeditus,
1496 2519 1618 2541 verum
1647 2508 1696 2542 ad

248 2555 342 2588 illud
370 2567 485 2601 usque
506 2561 646 2600 tempus
670 2557 829 2589 nondum
854 2558 1066 2601 baptizatus.
1119 2555 1179 2588 hie
1204 2566 1287 2599 ergo
1303 2555 1490 2588 Nectarius
1510 2565 1553 2587 ex
1567 2554 1694 2591 ordine

250 2604 430 2635 senatorio
464 2602 623 2635 delectus
649 2604 797 2636 antistes
822 2603 1039 2648 designatur,
1067 2602 1301 2637 Macedonius
1328 2612 1411 2636 vero
1440 2602 1695 2642 exsecrationis

249 2650 450 2682 sententiae
475 2649 671 2682 subiicitur.
1373 2678 1375 2682 .
1671 2677 1674 2682 ,

343 2695 430 2728 Cum
468 2703 586 2730 autem
619 2696 813 2740 aliquando
847 2708 994 2740 magnus
1031 2696 1093 2729 ille
1120 2695 1345 2729 Theodosius
1371 2694 1474 2739 cpoli
1505 2695 1693 2736 discedens

251 2739 296 2774 ad
320 2748 437 2786 partes
466 2743 630 2778 occiduas
656 2748 830 2787 pergeret,
861 2743 990 2778 accidit
1014 2749 1053 2778 ut
1078 2743 1296 2777 necessariae
1315 2741 1498 2776 cuiusdam
1515 2743 1566 2778 rei
1587 2754 1691 2777 causa
