1826 3120
266 158 283 192 1
305 137 369 203 14
707 146 993 190 Mianms
1033 144 1250 187 GLYeAss

362 255 485 311 Πρὸς
513 254 558 295 δέ
585 265 629 306 γε
656 255 742 298 τοῖς
769 250 1012 303 εἰρημένοις,
1042 242 1324 298 ἓλιττομένους
1349 242 1540 300 ἀλλήλοις
1568 243 1691 298 γίνω-

250 339 323 367 σκε
351 321 448 370 τους
474 314 591 375 ῧφεις
619 314 863 370 ὀχεύεσθαι,
884 311 995 355 καθά
1031 310 1082 367 δὴ
1108 313 1182 354 καί
1207 309 1304 360 τούς
1333 311 1496 364 ἐχίνους
1518 309 1692 364 ὀρθίους

250 383 494 442 ἱσταμένους
516 381 586 425 διὰ
616 380 693 436 τὴν
714 376 919 422 ἄκανθαν.
957 381 996 421 εἰ
1024 380 1070 420 δὲ
1096 380 1169 419 καί
1195 375 1268 431 την
1287 378 1422 420 αἰτίαν
1441 375 1582 430 βούλει
1607 392 1693 427 μα-

142 462 237 496 Ρ.6ο
252 459 342 497 θεῖν
364 455 415 494 δι’
446 449 494 505 ἢν
524 447 561 490 οἱ
591 443 710 504 ὄφεις
727 448 934 500 χειμῶνος
961 446 1038 498 μὲν
1066 446 1116 501 τῇ
1143 445 1196 500 γῇ
1221 442 1515 495 καταδύονται,
1537 443 1692 496 θέρους

251 523 296 562 δὲ
321 517 417 567 τούς
448 512 534 557 ἄνω
554 515 703 563 τόπους
746 513 1008 566 ἐπιζητοῦσι,
1039 509 1182 565 σαφὴς
1224 506 1286 550 ὅτι
1324 508 1398 549 καί
1438 504 1547 562 αὕτη
1586 505 1727 549 έστιῖὄ

245 583 410 639 ψυχρὸς
440 582 460 624 ὃ
493 575 591 638 ὄφις
616 582 712 622 ἐστι’
739 581 812 621 καί
840 576 963 633 ξηρὸς
991 576 1065 618 καί
1092 572 1305 630 νευρώὸης
1331 575 1403 616 καί
1429 571 1690 627 ὄλιγόαιμος,

245 654 310 707 ἐφ’
336 646 370 707 ᾦ
394 648 464 691 καί
483 646 581 696 τούς
610 644 796 700 θερμούς
827 643 896 686 αἐἰ
926 641 1077 692 τόπους
1106 644 1148 693 ἐξ
1180 641 1360 695 ἀνάγκης
1388 641 1592 694 ἐπιζητεῖ·
1621 641 1694 683 καί

245 715 388 769 ἐπειδὴ
419 717 626 770 χειμῶνος
655 715 733 765 μὲν
761 710 786 766 ἢ
818 707 1031 766 θερμότης
1067 706 1177 750 κάτω
1195 713 1352 760 χωρεῖν
1380 704 1519 758 εἴωθε,
1539 705 1692 760 θέρους

246 786 292 825 δὲ
323 779 486 824 ἄνωθεν
518 779 772 831 ἐπιπολάζει,
803 775 873 819 διὰ
905 778 1029 818 τοῦτο
1055 772 1127 816 καὶ
1154 772 1229 823 τοὶς
1245 770 1401 814 ἑαυτοῦ
1429 769 1558 825 νομὰς
1586 769 1692 826 πρός

243 865 289 904 γε
317 847 393 903 τὴν
421 850 496 890 τοῦ
524 847 647 901 οἷέρος
674 842 929 886 κατάστασιν
950 840 1206 883 ὑπαλλάττει
1234 838 1255 881 ὃ
1278 832 1390 895 ὄφις.
1422 834 1498 893 ὅρα
1518 835 1599 892 γὰρ
1628 831 1691 877 ὅτι
1709 845 1756 874 10

245 911 395 956 καὶτὰ
433 916 664 968 φρεατιαῖα
707 909 840 951 ὕδατα
879 909 1033 963 θέρους
1073 908 1151 960 μὲν
1177 903 1370 959 τυγχάνει
1399 900 1570 958 ψυχροί,
1601 917 1692 955 χει·-

244 983 382 1034 ,ιιαῖνος
412 981 458 1021 δὲ
495 978 648 1033 θερμοί.
707 977 936 1031 τηνικαῦτα
980 975 1052 1015 καί
1078 970 1157 1026 γάρ
1190 974 1261 1026 τῆς
1286 969 1551 1025 ψυχρότητος
1583 963 1692 1011 ἅνω-

243 1050 322 1088 θεν
351 1041 683 1098 ἐπιπολαζούσης
713 1044 772 1090 εἰς
799 1040 843 1083 τὸ
863 1039 998 1094 βάθος
1027 1036 1051 1093 ἦ
1085 1037 1289 1093 θερμότης
1316 1042 1469 1091 χωρεῖ’,
1497 1031 1595 1078 ὅθεν
1622 1033 1696 1076 καί

205 1111 385 1167 Βθερμοὶ
419 1110 619 1165 τυγχάνει
646 1106 748 1150 κατά
768 1123 812 1162 γε
838 1106 910 1149 τὸν
936 1107 1126 1159 χειμῶνα
1152 1102 1203 1146 τὰ
1235 1101 1380 1146 ὕδατα.
1437 1100 1512 1157 τήν
1539 1116 1583 1143 τε
1609 1098 1707 1157 γὰρ
1755 1146 1758 1149 ,

246 1178 495 1233 ψυχρότητα
513 1176 586 1217 καί
611 1174 850 1230 θερμότητα
882 1171 987 1213 κατά
1008 1186 1054 1225 γε
1082 1169 1150 1211 τὸν
1180 1167 1305 1211 αὐτόν
1335 1167 1461 1211 τόπον
1489 1166 1564 1210 καί
1587 1166 1689 1223 χρό-
1710 1170 1758 1212 15

243 1259 313 1287 νον
346 1240 435 1296 ἅμα
462 1245 602 1295 μένειν
629 1241 654 1296 ἡ
685 1238 813 1296 φύσις
842 1239 918 1279 οὐκ
943 1239 1251 1290 ἐνομοθέτησεν.

352 1308 477 1352 Ἀλλοὶ
517 1306 588 1349 καὶ
629 1308 751 1349 τοῦτο
790 1305 895 1360 πρὸς
921 1309 1005 1351 τοῖς
1041 1297 1182 1351 ἅλλοις
1210 1301 1367 1342 εἰδέναι
1395 1315 1442 1342 σε
1468 1296 1694 1353 βούλομαι.

242 1374 340 1424 τοὺς
385 1373 607 1429 μεγίστους
644 1366 779 1428 ’ὄφεις
820 1369 1049 1426 δράκοντας
1100 1365 1226 1409 εἴωθε
1275 1370 1414 1408 καλεῖν
1460 1365 1488 1420 ἦ
1531 1364 1696 1420 γραφή,
1724 1392 1727 1394 ,

245 1441 322 1482 καί
348 1443 507 1493 μᾶλλον
537 1439 660 1495 ἡνίκα
688 1439 788 1492 περὶ
815 1439 888 1491 τῆς
916 1435 1080 1491 ῥοίβδου
1113 1434 1220 1487 λέγει
1247 1436 1322 1474 τοῦ
1335 1433 1542 1483 ΙΙῚωσέως,
1564 1445 1696 1484 μετα-

244 1509 454 1562 βληθῆναι
479 1508 556 1558 μὲν
597 1506 656 1553 εἷς
685 1499 783 1559 ὅφιν
811 1501 857 1543 τὸ
898 1498 1125 1556 πρότερον,
1155 1496 1234 1540 εἷθ’
1276 1496 1406 1547 οὕτως
1433 1499 1492 1547 εἰς
1521 1494 1760 1551 δράκον-ρο

246 1590 319 1625 τα,
350 1573 582 1613 κάντεῦθεν
604 1568 679 1618 τοὶς
711 1569 895 1624 ῥάβδους
934 1567 1016 1608 τῶν
1043 1566 1253 1606 ἐπαοιδῶν
1281 1565 1358 1604 τοῦ
1381 1561 1541 1617 Φαραώ
1571 1578 1696 1604 κατα-

246 1644 378 1692 πιεῖν,
410 1636 484 1679 καί
523 1634 658 1685 αιῖτάς
687 1637 817 1690 δῆθεν
845 1635 905 1683 εἰς
934 1627 1053 1689 ὄφεις
1082 1631 1429 1686 μεταβληθείσας.
1490 1624 1597 1671 ἀλλὰ
1626 1629 1700 1672 καὶ

342 1754 374 1786 5.
402 1750 475 1800 ὅτὶ]
500 1751 564 1786 63?
666 1763 715 1785 10.
739 1750 812 1785 τοῦ
838 1749 973 1783 deerat.

342 1843 529 1876 Caeterum
544 1845 686 1886 praeter
709 1841 880 1874 hactenus
903 1839 1061 1872 indicata
1080 1837 1168 1870 scire
1191 1836 1301 1869 debes
1327 1835 1536 1870 convolutos
1551 1846 1698 1881 serpen-

249 1894 303 1922 tes
329 1891 423 1922 coire
439 1915 447 1930 ‚
474 1887 776 1934 quemadmodum
812 1887 966 1921 erinacei
996 1891 1164 1918 coeuntes
1189 1884 1235 1916 ob
1261 1884 1380 1928 spinas
1407 1883 1495 1916 recti
1522 1889 1616 1916 stare
1640 1894 1699 1919 so<-

247 1937 339 1969 lent.
366 1936 497 1981 quodsi
538 1947 679 1968 causam
712 1935 816 1968 lubet
856 1943 1069 1978 cognoscere
1099 1930 1330 1976 quamobrem
1371 1934 1555 1974 serpentes
1578 1930 1700 1963 hieme

253 1990 381 2015 terrain
409 1983 583 2023 subeant,
623 1987 757 2014 aestate
792 1990 929 2014 rursum
958 1979 1003 2012 ad
1027 1980 1106 2012 loca
1131 1977 1311 2022 superiora
1337 1977 1534 2022 prodeant,
1559 1977 1701 2022 perspi-

253 2041 358 2062 cuum
383 2035 437 2063 est
462 2030 559 2061 illam
590 2028 795 2062 huiusmodi
821 2027 1002 2073 quandam
1028 2036 1114 2059 esse.
1131 2029 1258 2057 natura
1288 2035 1433 2068 serpens
1460 2023 1608 2068 frigidus
1633 2028 1700 2065 est,

254 2077 387 2117 siccus,
413 2086 601 2115 nervosus,
630 2076 747 2120 exigui
766 2075 946 2119 sanguinis
962 2100 971 2115 ,
1005 2084 1076 2118 quo
1101 2072 1141 2104 fit
1158 2076 1198 2104 ut
1222 2071 1422 2103 necessario
1451 2070 1529 2103 loca
1559 2081 1702 2116 semper

254 2123 370 2155 calida
396 2128 554 2166 quaerat.
580 2133 732 2167 cumque
760 2134 824 2167 per
849 2123 1000 2154 hiemem
1027 2120 1122 2152 calor
1149 2117 1195 2150 ad
1217 2118 1286 2150 ima
1311 2118 1460 2151 tendere
1484 2118 1609 2159 soleat,
1636 2128 1702 2163 per

255 2175 425 2202 aestatem
463 2180 600 2202 sursum
636 2170 673 2201 in
710 2170 898 2214 superficie
934 2174 1049 2202 terrae
1090 2165 1190 2210 quasi
1225 2164 1473 2209 dispergatur,
1509 2170 1701 2210 propterea

256 2227 402 2260 serpens
438 2216 544 2248 etiam
584 2217 745 2260 regiones
785 2217 936 2260 locaque
972 2226 1034 2247 sua
1056 2223 1120 2258 pro
1160 2212 1251 2244 aeris
1279 2212 1537 2246 constitutione
1562 2216 1703 2245 mutare

257 2262 453 2296 consuevit.
480 2274 562 2294 nam
589 2268 624 2295 et
650 2274 762 2307 aquae
780 2263 942 2307 puteales
966 2273 1030 2306 per
1053 2264 1221 2292 aestatem
1241 2259 1390 2303 frigidae
1414 2264 1507 2300 sunt,
1531 2270 1596 2304 per
1621 2258 1703 2291 hie-

256 2316 349 2342 mem
378 2309 526 2342 calidae.
550 2315 635 2342 tune
661 2311 753 2342 enini
780 2311 909 2354 frigore
934 2314 1052 2353 partes
1077 2311 1267 2351 puteorum
1296 2317 1476 2351 supremas
1502 2310 1702 2350 occupante

259 2357 355 2390 calor
381 2356 426 2388 ad
452 2357 523 2388 ima
547 2356 675 2389 tendit.
701 2368 792 2400 quae
822 2367 927 2388 causa
955 2361 1018 2396 est,
1043 2364 1104 2386 cur
1130 2352 1301 2384 eiusmodi
1317 2364 1432 2398 aquae
1459 2363 1524 2397 per
1549 2351 1702 2385 hiemem

259 2403 408 2436 caleant.
437 2404 572 2448 quippe
598 2409 725 2435 natura
751 2414 979 2447 nequaquam
1003 2399 1159 2433 instituit
1184 2405 1224 2432 ut
1252 2400 1361 2444 frigus
1382 2405 1491 2444 atque
1515 2399 1614 2432 calor
1640 2409 1703 2432 eo-

261 2451 342 2482 dem
369 2450 406 2482 in
430 2450 509 2483 loco
536 2449 734 2494 eodemque
759 2456 919 2494 tempore
945 2447 1050 2482 simul
1074 2446 1237 2479 existant.

354 2496 446 2529 Volo
472 2501 508 2529 te
533 2496 601 2528 hoc
630 2507 774 2540 quoque
801 2502 943 2541 praeter
973 2493 1131 2539 exposita
1158 2493 1259 2533 scire,
1284 2502 1474 2525 consuesse
1501 2503 1615 2525 sacras
1639 2492 1701 2525 lit-

260 2547 353 2575 teras
382 2549 564 2588 serpentes
589 2544 759 2575 maximos
784 2544 966 2587 appellare
991 2541 1183 2580 dracones,
1212 2540 1420 2584 praesertim
1445 2550 1525 2572 cum
1553 2538 1598 2572 de
1622 2539 1702 2572 Mo-

232 2615 234 2617 ,
261 2590 306 2620 sis
332 2590 428 2632 virga
454 2590 673 2635 loquuntur,
699 2590 806 2622 fuisse
836 2590 982 2634 quidem
1009 2588 1105 2621 illam
1128 2587 1225 2631 prius
1250 2587 1287 2618 in
1312 2591 1514 2630 serpentem
1544 2597 1702 2619 commu-

260 2640 371 2667 tatam
396 2647 518 2669 verum
554 2636 721 2680 deinceps
752 2637 788 2668 in
815 2637 1002 2669 draconem
1020 2661 1028 2676 ,
1062 2645 1101 2666 ac
1128 2632 1323 2666 secundum
1348 2632 1436 2665 haee
1460 2634 1572 2677 virgas
1597 2643 1702 2678 prae·-

262 2682 482 2725 stigiatorum
494 2683 684 2716 Pharaonis
709 2683 907 2724 devorasse,
933 2693 1023 2727 qnae
1049 2687 1085 2714 et
1106 2681 1204 2725 ipsae
1223 2681 1260 2712 in
1285 2686 1467 2724 serpentes
1489 2685 1589 2713 erant
1603 2691 1702 2722 com-2

261 2735 427 2762 mutatae.
466 2730 591 2764 itidem
624 2735 721 2764 vates
748 2730 810 2763 ine
835 2730 988 2765 Davides
1023 2728 1067 2762 de
1091 2733 1234 2761 cetaceo
1263 2737 1392 2771 genere
1417 2727 1570 2772 loquens
1595 2726 1701 2769 „dra-
