1826 3120
579 180 863 223 ANNALIUM
902 183 1038 224 PARS
1078 182 1152 224 ιιι.
1450 165 1566 239 389

115 276 196 323 του
219 278 392 333 αστέρος
420 279 471 320 ου’
493 283 652 336 μικρῶς
683 280 975 338 ἀμφιβάλλεις,
999 283 1051 340 τῇ
1079 282 1299 341 παραδόξῳ
1324 297 1370 326 τε
1394 283 1569 338 κινήσει,

709 349 729 358 -
770 351 780 362 ,
819 351 827 364 .
857 347 876 363 1

115 412 259 462 ἄπλως
288 419 376 462 τοῖς
403 411 622 462 τοιούτοις.
679 413 786 456 αλλὰ
807 413 867 470 μὴ
897 417 971 457 ἐπι
995 416 1119 457 πλέον
1147 417 1414 471 αμφιβαλλε·
1469 414 1571 458 οῦδὲ

114 476 196 534 γὰρ
230 477 252 521 ὅ
285 482 470 530 τοιοῦτος
496 479 633 535 α’στὴρ
666 476 726 530 εἷς
755 478 960 535 ἐτύγχανε
988 483 1070 523 τῶν
1094 484 1282 537 πολλῶν,
1311 481 1387 532 οὒς
1419 480 1440 525 ὅ
1469 480 1571 532 θεὸς

78 546 164 592 δέν
185 546 243 603 τῷ
268 544 532 602 στερεώματι
563 549 654 588 κατ’
683 545 821 601 α’ρχάς
849 545 983 597 ἔθετο,
1017 545 1124 589 α’λλὰ
1152 548 1329 601 δύναμίς
1353 565 1417 599 τις
1439 547 1574 603 ἀόρα-

116 627 188 660 τος
215 607 287 667 ἦν,
315 614 377 662 εἰς
403 609 559 668 ταύτην
585 616 1037 668 μετασχηματισθεῖσα
1067 612 1144 669 τήν
1175 608 1299 668 ὄψιν,
1329 615 1387 664 ὥς
1414 615 1437 656 ὅ
1462 631 1575 669 χρυ-

116 676 343 735 σορρήμων
379 678 579 734 Ἰωάννης
616 679 756 735 φησίν.
814 677 901 721 ἔδει
929 681 1008 735 γάρ
1036 681 1110 721 καί
1134 680 1205 722 ἐπὶ
1229 681 1457 739 παραδόξῳ
1485 696 1574 724 τοι..

63 782 70 791 ,
116 744 224 803 αύτῃ
253 743 440 801 γεννήσει
477 743 552 787 καί
586 745 824 800 παράδοξον
863 745 1023 801 οἷστέρα
1060 748 1257 801 γενέσθαι
1282 746 1470 803 μηνυτὴν
1499 748 1576 790 καί

117 811 396 867 προάγγελον,
435 808 493 861 ὦς
536 811 560 852 ὅ
597 809 818 860 θειότατός
861 828 967 868 φησι
995 810 1240 867 Κύριλλος·
1317 815 1357 869 τί
1395 812 1454 869 μὴ
1490 812 1572 870 γὰρ
1587 821 1705 856 Pane

59 879 240 923 ιοτοῦτο
280 873 356 932 ἦν,
399 877 475 919 οιῖκ
503 874 554 920 ἂν
595 879 668 919 ὲπί
705 882 904 921 τοσοῦτον
937 878 1134 935 ἔφαινεν,
1175 879 1251 921 οὐκ
1282 876 1335 923 ἄν
1363 882 1408 923 ἐν
1438 881 1576 939 ἡμέρᾳ

117 947 227 1002 μέσῃ
250 943 327 994 τοὶς
353 942 531 999 ἡλιακὰς
572 945 740 994 α’κτῖνας
777 945 1113 1000 ύπερηκόντιζεν.
1181 947 1223 989 εἰ
1247 945 1307 1001 μή
1337 949 1464 988 τοῦτο
1493 942 1572 1002 ἦν,

116 1011 193 1052 οὐκ
221 1005 274 1053 ἂν
304 1008 446 1052 ἔπεισε
481 1009 578 1060 τούς
605 1009 789 1065 Μάγους
831 1013 991 1053 ἐκεῖθεν
1017 1013 1246 1069 ἐγερθῆναι
1274 1014 1348 1055 καί
1371 1012 1578 1069 τοσαύτην,

116 1075 218 1120 ὁδὸν
244 1079 518 1132 στείλασθαι,
558 1078 634 1120 ουίι
682 1074 733 1120 ἂν
768 1074 877 1120 οὕτω
907 1080 1161 1130 θαυμασίως
1201 1080 1260 1129 εἷς
1291 1079 1575 1136 Ἱεροσόλυμα

116 1139 293 1199 ἤγαγεν,
326 1145 404 1186 οὐκ
433 1141 486 1186 (ἲν
513 1145 557 1196 ἐξ
593 1141 736 1198 ὕψους
773 1144 1046 1199 συγκαταβὰς
1084 1144 1225 1188 ἐπάνω
1252 1149 1332 1188 τοῦ
1355 1149 1576 1200 τεχθέντος

58 1210 106 1254 15
119 1209 217 1267 ἔστη
242 1213 440 1265 παιδίου,
484 1213 559 1253 οὐκ
597 1208 650 1253 ἄν
682 1206 865 1267 ἄφαντος
903 1210 1009 1265 μετὰ
1038 1214 1173 1255 ταῦτα
1200 1213 1372 1267 ἐγένετο.
1429 1211 1574 1265 ἐπειδὴ

117 1293 198 1333 γαρ
229 1276 501 1334 ὁδηγούμενοι
527 1279 629 1333 παρ’
662 1279 799 1320 αύτοῦ
837 1277 1183 1334 προσεληλύθασι
1214 1272 1478 1337 τίδ’Χριστῷ
1505 1277 1580 1321 καί

117 1346 171 1400 τῇ
196 1346 289 1386 κατ’
320 1343 450 1386 αὐτὸν
477 1340 663 1386 οἷπλανεῖ
688 1345 837 1388 πίστει
856 1344 1052 1399 γεγόνασι
1075 1342 1267 1399 κάτοχοι,
1295 1346 1577 1401 χειραγωγίας

118 1411 256 1454 ου’κέτι
285 1409 482 1467 τοιαύτης
523 1409 705 1454 ἐδέοντο.
774 1409 896 1455 ἐνθεν
921 1427 986 1454 τοι
1015 1428 1086 1455 και
1115 1414 1202 1455 κατ’
1233 1407 1337 1490 σ’ναρ
1364 1427 1575 1489 χρηματι-

119 1479 289 1527 σθέντες
320 1478 375 1519 δι’
402 1474 531 1533 ἄλλης
552 1475 657 1519 ὁδοῦ
684 1476 960 1534 ανεχιόρησαν
990 1494 1052 1529 εις
1079 1470 1168 1533 την
1181 1478 1329 1533 χώραν
1358 1474 1513 1523 αύτῶν.
1586 1486 1612 1520 Β

52 1557 106 1585 ao
228 1543 353 1600 Πρὸς
379 1544 541 1594 τούτοις
562 1546 623 1598 δέ,
654 1546 851 1600 α’γαπητὲ,
878 1543 956 1600 τήν
981 1547 1059 1588 τοῦ
1086 1546 1131 1588 ἐν
1149 1547 1395 1603 Βουλγαρία
1425 1539 1572 1598 ‘292⁴ss-

117 1609 325 1652 πισκόπου
356 1610 548 1667 ἐξήγησιν
572 1613 652 1654 ῗὲπί
695 1613 830 1665 μέσου
867 1611 1095 1667 παράγεις,
1127 1612 1372 1663 ζκιίντεῦθεν
1404 1612 1573 1664 διισχυ-

119 1679 215 1736 ρίζῃ
236 1676 295 1734 μὴ
322 1678 367 1721 ἐν
395 1678 511 1734 αύτῷ
532 1680 589 1736 τῷ
618 1680 806 1736 σπηλαίῳ
840 1680 928 1721 ἀλλ’
958 1680 1003 1721 ὲν
1033 1681 1142 1736 οἰκίᾳ
1167 1680 1363 1734 γενέσθαι
1390 1677 1475 1722 τινὶ
1500 1676 1574 1732 τὴν

118 1883 193 1907 non
218 1883 342 1918 parum
370 1872 573 1916 ambigere,
609 1883 699 1917 quae
725 1873 762 1905 in
792 1872 867 1905 'hac
899 1872 1004 1906 stella
1042 1871 1303 1906 consideranda
1342 1872 1513 1914 veniunt;
1537 1877 1574 1904 et

119 1920 293 1965 imprimis
321 1919 487 1953 admirari
516 1925 652 1953 motum
678 1931 808 1952 novum
857 1931 898 1953 ac
922 1921 1157 1961 inusitatum,
1189 1920 1483 1960 institutionem,
1510 1930 1574 1952 oc-

119 1968 377 2009 cultationem,
404 1967 448 2001 de
476 1967 618 2000 sublimi
645 1966 877 2008 descensum,
902 1967 1047 2012 aliaque
1072 1968 1170 2000 talia.
1195 1978 1319 2000 verum
1346 1967 1435 2000 haec
1459 1966 1576 2000 nolim

118 2015 189 2050 tibi
213 2015 363 2050 nimium
390 2015 525 2058 negotii
552 2016 738 2047 facessere.
763 2025 838 2047 non
866 2015 961 2047 enim
987 2014 1077 2047 haec
1101 2014 1207 2047 stella
1231 2014 1276 2047 de
1303 2015 1448 2047 illorum
1475 2013 1574 2047 side-

119 2073 198 2096 tum
224 2074 375 2095 numero
401 2063 489 2102 fuit,
526 2073 620 2106 quae
650 2062 754 2094 initio
782 2073 898 2094 rerum
924 2061 1013 2094 deus
1039 2062 1077 2094 in
1101 2062 1326 2095 firmamento
1354 2061 1573 2102 collocavit,

119 2110 186 2143 sed
209 2114 368 2155 potestas
409 2109 585 2154 quaedam
625 2108 937 2153 inadspectabiiis,
977 2109 1015 2141 in
1040 2108 1245 2142 huiusmodi
1271 2110 1427 2154 speciem
1455 2115 1574 2143 trans-

120 2157 291 2197 formata,
319 2157 621 2202 quemadmodum
654 2156 830 2189 Iohannes
863 2156 1136 2199 Chrysostomus
1167 2156 1229 2190 ait.
1259 2156 1451 2201 oportebat
1475 2157 1574 2189 enim

120 2205 160 2239 in
185 2205 374 2238 nativitate
401 2204 607 2238 admirabili
633 2210 669 2237 et
696 2203 868 2236 inusitata
894 2204 1002 2236 etiam
1029 2203 1170 2237 stellam
1194 2215 1322 2237 novam
1351 2216 1390 2237 ac
1417 2204 1574 2237 inusita-

120 2258 194 2287 tam
221 2252 334 2294 oriri,
361 2263 453 2298 quae
479 2251 591 2285 index
615 2257 710 2284 esset
734 2262 774 2283 ac
798 2251 1011 2295 praenuntia
1027 2276 1036 2291 ‚
1066 2251 1172 2284 sicuti
1199 2251 1341 2284 divinus
1367 2251 1431 2286 ille
1457 2251 1575 2294 Cyril-

122 2299 178 2333 lus
201 2299 375 2344 loquitur.
399 2311 479 2333 nam
510 2299 646 2344 absque
679 2298 744 2331 illo
772 2298 885 2338 soret,
925 2309 998 2331 non
1026 2303 1165 2331 tantum
1190 2299 1281 2331 lucis
1307 2305 1343 2332 et
1367 2298 1574 2344 splendoris

121 2345 327 2388 habuisset,
363 2358 438 2381 non
461 2346 581 2382 medio
610 2345 668 2378 die
694 2345 812 2378 radios
845 2345 980 2378 solares
1007 2350 1229 2390 superasset,
1254 2358 1327 2378 non
1352 2346 1466 2391 Magis
1488 2357 1575 2391 per-

122 2394 294 2428 suasisset
324 2398 364 2427 ut
387 2405 406 2426 e
432 2394 547 2438 patria
589 2393 743 2438 profecti
779 2398 921 2425 tantum
951 2392 1091 2427 itineris
1126 2393 1372 2438 susciperent,
1413 2405 1487 2426 non
1511 2403 1574 2425 eos

122 2440 229 2475 modo
255 2447 328 2475 tam
352 2440 559 2474 admirabili
586 2440 815 2486 perduxisset
836 2439 1140 2483 Hierosolymam,
1168 2452 1241 2475 non
1270 2452 1313 2473 ex
1341 2441 1416 2474 alto
1442 2451 1481 2473 se
1507 2439 1573 2472 de-

122 2488 269 2522 mittens
301 2500 408 2533 supra
446 2494 568 2523 natum
606 2487 781 2521 infantem
825 2487 1066 2527 constitisset,
1097 2498 1171 2520 non
1207 2487 1377 2532 deinceps
1414 2486 1574 2531 conspici

125 2534 302 2570 desiisset.
333 2541 567 2581 posteaquam
602 2535 699 2568 enim
737 2535 782 2567 ab
807 2544 859 2567 zea
883 2535 982 2568 ducti
1017 2534 1062 2568 ad
1087 2534 1267 2568 Christum
1291 2540 1513 2567 accesserant
1537 2540 1575 2567 et

122 2593 208 2615 vera
232 2582 334 2616 illum
368 2582 439 2615 fide
475 2582 630 2627 amplexi
666 2582 831 2622 fuerant,
866 2592 940 2616 non
967 2581 1036 2614 iam
1068 2582 1220 2626 amplius
1247 2582 1423 2615 eiusmodi
1449 2593 1575 2614 manu-

125 2629 308 2663 ductionis
341 2630 506 2673 egebant.
544 2629 699 2673 ideoque
735 2627 881 2662 oraculo
913 2639 979 2674 per
1013 2629 1172 2675 quietem
1203 2629 1382 2662 admoniti
1424 2628 1495 2661 alia
1517 2628 1576 2662 via

127 2687 226 2711 suam
251 2677 288 2709 in
313 2677 465 2720 patriam
491 2683 576 2711 sunt
600 2676 742 2709 reversi.
1169 2696 1173 2700 -

220 2723 392 2756 Fortassis
426 2729 544 2758 autem
562 2750 570 2765 ‚
615 2723 748 2756 dilecte
775 2722 847 2760 fili,
888 2722 1075 2766 Bulgariae
1100 2723 1284 2767 pontificis
1312 2723 1578 2757 enarrationem

129 2772 168 2808 in
194 2769 351 2808 medium
376 2771 553 2816 prolatam
582 2771 686 2806 nohis
712 2780 891 2815 oppones,
919 2775 955 2803 et
979 2781 1024 2804 ex
1063 2781 1104 2804 ea
1128 2769 1301 2817 probabis
1326 2782 1399 2808 uon
1423 2771 1461 2806 in
1494 2782 1576 2817 spe-
