1826 3120
606 152 893 195 ANNALmM
933 154 1072 196 PARS
1108 155 1162 195 11.
1497 134 1611 191 333

143 257 248 315 τήν,
280 256 348 314 ἐφ’
388 246 423 314 ᾤ’
450 254 712 312 καταπειθὴς
751 252 922 312 δρᾶται.
977 252 1247 311 παραχρῆμα
1274 257 1610 310 μῖσοςτίκτεται
1622 257 1664 297 V.
1684 264 1749 299 138

140 326 232 367 κατ’
261 323 396 379 αὐτῆς
421 324 479 380 τῷ
507 320 695 375 Ἀμνών,
725 324 795 379 ἐφ’
820 317 855 382 ᾦ
887 324 961 366 καί
985 322 1179 376 ἐκβάλλει
1208 321 1353 379 αὐτήν.
1410 325 1610 379 θλίβεται

142 392 196 433 οὔ
222 391 385 446 μικραῖς
428 384 533 444 αὕτη
550 421 562 442 ,
610 387 900 431 α’ποκαλύπτει
926 391 1063 431 ταῦτα
1092 391 1149 447 τῷ
1172 389 1468 446 Ἀβεσσαλώμ.
1525 408 1608 434 πα-

140 454 384 516 ρατηρεῖται
415 456 587 512 καιρόν,
618 458 839 511 ἐξέρχεται
859 457 920 505 εἷς
939 455 1097 510 κουρὰν
1123 459 1208 498 τῶν
1239 458 1498 512 θρεμμάτων
1527 461 1644 502 oti-B

100 526 238 580 ὅτοῧ,
269 521 559 578 συλλαμβάνει
591 526 693 577 μεθ’
722 519 880 565 ἑαυτοῦ
918 522 992 563 καί
1015 521 1115 573 τούς
1140 523 1367 581 α’δελφούς.
1423 530 1609 570 τελεῖται

136 590 402 645 συμπόσιον,
430 592 504 632 καί
531 591 777 645 καρωθέντα
806 590 881 631 τὸν
917 589 1083 641 Ἀμνών
1113 591 1348 634 κτείνουσιν
1379 591 1417 635 οἱ
1447 594 1608 636 οἰκέται

136 659 290 701 αὐτοῦ’.
348 658 546 700 ἐντεῦθεν
572 652 647 698 οὖν
673 654 694 697 ὃ
724 654 1003 709 Ἀβεσσαλώμ
1031 658 1238 711 πτοηθείς
1269 664 1442 714 φρονεῖν
1473 653 1607 715 ἦρξα-

135 742 185 769 το
213 726 322 768 κατα
351 724 524 781 πατρός.
583 726 657 766 καί
682 726 850 779 πρῶτον
888 725 967 776 μὲν
996 726 1136 767 πείθει
1161 723 1292 768 αὸτὸν
1320 725 1343 768 ὅ
1371 726 1606 784 Ἀχιτόφελ

133 796 196 844 εἰς
224 792 304 844 τὰς
326 791 546 841 παλλακάς
574 793 781 834 εἰσελθεῖν
807 793 883 833 τοῦ
911 788 1096 847 πατρός,
1140 791 1288 835 ἔπειτα
1317 792 1606 848 συμβουλεύει

72 873 121 902 10
135 860 249 918 αὕτῷ
274 859 384 914 μετὰ
412 860 620 914 στρατιᾶς
646 857 836 912 ὁρμῆσαι
863 855 966 899 κατὰ
997 858 1074 900 τοῦ
1100 860 1258 913 Δαβίδ.
1317 857 1376 915 μὴ
1405 862 1605 903 εἰσακου-

130 929 250 976 σθείς
278 927 325 969 δὲ
350 924 421 968 διὰ
450 923 494 967 vd
526 922 697 979 ἀγαθὴν
719 919 935 979 δόξαιτὴν
960 926 1038 966 τοῦ
1052 927 1198 968 Χουσί
1216 925 1461 982 συμβουλήν
1488 926 1604 983 (ἔτυ-

124 1009 179 1049 χε
215 991 297 1049 γὰρ
338 993 460 1049 φίλος
500 988 608 1033 εἶναι
646 993 704 1048 τῷ
730 993 875 1045 Δαβίδ
912 989 935 1032 ὅ
966 991 1128 1047 Χουσί)
1170 990 1331 1051 ιῖγχόνῃ
1372 995 1599 1050 ἐχρήσατο.

128 1061 202 1103 ἐπὶ
229 1060 277 1102 δὲ
303 1056 438 1117 τούτῳ
469 1057 668 1100 διώκει-αι
694 1059 857 1111 μᾶλλον
897 1056 918 1100 ὅ
947 1058 1248 1113 Ἀβεσσαλαὶμ,
1281 1062 1356 1102 καί
1386 1059 1438 1116 δὴ
1467 1078 1601 1103 κατα-

127 1124 406 1181 λαμβάνεται.
476 1126 565 1166 α’λλ’
606 1120 642 1166 αἶ
680 1125 915 1180 Δαβιδικῆς
952 1127 1133 1180 ψυχῆς]
1201 1127 1275 1168 καί
1301 1129 1487 1170 τοσαῦτα
1515 1126 1639 1184 γάρο

66 1198 114 1239 15
128 1191 281 1236 παθών
308 1190 424 1248 παρὰ
461 1193 541 1235 τοῦ
568 1192 809 1247 πατραλοία
838 1189 953 1246 ἔλεγε
979 1194 1221 1248 „meduan-3⁶
1260 1195 1337 1235 τοῦ
1367 1196 1599 1250 παιδαρίου

127 1257 440 1314 Ἀβεσσαλώμ.”
507 1256 616 1299 ἄλλα
656 1256 731 1300 καί
768 1261 844 1299 τοῦ
866 1256 993 1311 Ἰωάβ
1037 1257 1145 1300 κατὰ
1190 1261 1370 1316 καρδίας
1396 1261 1600 1314 βαλόντος

126 1324 521 1381 τὰνἈβεσσαλώμ,
567 1322 690 1380 ἡνίκα
729 1325 790 1383 τῷ
824 1325 983 1383 δένδρῳ
1022 1324 1258 1384 α’πῃωρὴθη
1290 1328 1373 1369 τῶν
1404 1330 1597 1384 τριχῶν,

126 1394 362 1450 ἐθρὴνησεν
390 1388 576 1449 ἄμετρα.

244 1461 312 1517 Τῷ
338 1462 483 1512 μέντοι
512 1459 657 1513 Δαβίδ
682 1450 911 1511 μελετῶντι
940 1459 1042 1501 ναὸν
1075 1461 1352 1515 οἰκοδομῆσαι
1381 1464 1442 1519 τῷ
1462 1464 1594 1520 κυρίῳ

57 1519 241 1568 zoelum·
278 1524 304 1567 ὅ
343 1523 503 1568 Νάθαν
538 1522 704 1578 ,,πάντα
747 1519 828 1566 ὅσα
869 1525 914 1567 ἐν
951 1527 1004 1583 τῇ
1043 1527 1197 1585 καρδίᾳ
1226 1542 1304 1568 σου
1346 1527 1495 1580 βάδιζε
1522 1528 1598 1570 καί

123 1594 260 1646 ποίει,
305 1589 371 1634 ὅτι
402 1590 501 1641 θεὸς
523 1590 631 1645 μετὰ
670 1592 787 1633 σοῦ.”
844 1589 1021 1647 ἠγνόησε
1047 1591 1129 1648 γὰρ
1163 1594 1236 1634 καὶ
1266 1588 1387 1643 οὗτος
1418 1593 1462 1636 τὸ
1489 1597 1593 1647 μέλ-

122 1663 220 1713 λον,
254 1658 312 1709 ὦς
337 1657 359 1700 ὅ
380 1656 586 1714 Σαμουὴλ
614 1656 689 1700 τὸν
716 1655 1060 1714 χρισθησόμενον
1090 1657 1185 1701 υἱὸν
1212 1662 1288 1702 τοῦ
1315 1661 1490 1715 Ἰεσσαί,
1520 1661 1594 1704 καί

220 1766 271 1800 16.
294 1765 504 1811 βάλλοντος
518 1766 554 1799 P.

118 1865 266 1913 puellae
292 1864 433 1910 aperit,
462 1874 557 1910 quae
583 1874 664 1896 cum
692 1864 769 1898 eius
802 1862 984 1896 desiderio
1009 1874 1084 1896 non
1112 1863 1374 1906 adsentiretur,
1400 1865 1526 1899 vitium
1554 1867 1588 1900 ei

118 1925 185 1960 per
208 1914 282 1948 vim
311 1914 426 1946 offert.
466 1924 549 1945 mox
585 1918 761 1956 concepto
787 1911 826 1943 in
849 1922 926 1943 eam
958 1910 1044 1943 odio
1069 1910 1165 1943 foras
1190 1911 1358 1944 violatam
1388 1913 1496 1947 eiicit.
1522 1914 1588 1947 illa

117 1973 194 1995 non
231 1972 358 2006 parum
400 1965 516 1993 semet
550 1959 761 2000 adflictare,
803 1957 904 1991 fratri
929 1957 1144 1990 Abesalomo
1171 1969 1245 1991 rem
1270 1960 1497 2004 patefacere;
1522 1963 1588 2007 qui

116 2009 290 2054 temporis
316 2007 590 2053 opportunitate
616 2006 822 2047 observata,
850 2015 996 2038 suorum
1022 2004 1069 2038 ad
1092 2016 1262 2050 pecorum
1284 2012 1468 2041 tonsuram
1498 2020 1586 2053 pro..

116 2057 279 2090 ficiscens
305 2055 432 2088 fratres
458 2066 542 2088 suos
572 2055 742 2087 invitatos
769 2064 889 2087 secum
914 2052 1072 2086 abducit.
1099 2052 1185 2086 hinc
1205 2054 1352 2098 epulum
1379 2055 1585 2098 instruitur,

115 2106 390 2149 Amnonemque
418 2103 551 2136 factum
574 2102 784 2135 hilariorem
808 2100 1015 2133 Abesalomi
1034 2100 1152 2133 fratris
1179 2100 1304 2134 famuli
1332 2113 1376 2135 ex
1402 2105 1584 2148 composi-

115 2157 154 2184 to
180 2156 323 2185 necant.
351 2161 395 2183 ex
420 2161 462 2183 eo
491 2155 654 2195 tempore
682 2155 848 2182 metuens
876 2147 944 2180 sibi
961 2147 1195 2181 Abesalomus
1221 2149 1374 2182 consilia
1402 2151 1581 2196 quaedam

116 2205 240 2232 contra
264 2205 402 2244 patrem
428 2198 589 2232 molitur.
628 2208 670 2230 ac
698 2198 812 2242 primo
839 2195 985 2241 quidem
1013 2201 1138 2229 auctor
1164 2196 1195 2228 ei
1222 2196 1294 2230 fuit
1314 2197 1581 2244 Achitophelus

115 2252 156 2280 ut
180 2247 292 2292 patris
330 2246 551 2279 concubinas
584 2245 710 2286 iniret3
740 2243 874 2276 deinde
912 2248 953 2275 ut
978 2254 1056 2276 cum
1085 2244 1244 2277 exercitu
1272 2245 1448 2278 Davidem
1476 2247 1582 2280 inva-

117 2293 229 2327 deret.
264 2305 388 2327 verum
426 2304 506 2326 cum
546 2293 579 2325 ei
611 2298 804 2337 propterea
836 2301 910 2324 non
936 2289 1268 2335 obtemperaretur,
1298 2292 1398 2337 quod
1423 2293 1580 2328 Chusaei

115 2342 303 2374 consilium
333 2341 463 2374 melius
492 2351 570 2373 esse
595 2341 708 2373 visum
734 2340 883 2379 fuisset,
910 2337 1067 2370 hominis
1090 2338 1216 2371 Davidi
1243 2339 1350 2372 valde
1376 2341 1579 2384 familiaris,

114 2389 310 2434 suspendio
334 2389 444 2421 vitam
472 2388 563 2421 finit.
593 2386 792 2420 secundum
819 2385 908 2418 haec
933 2385 1168 2419 Abesalomus
1191 2387 1330 2432 impetu
1355 2389 1483 2421 maiori
1512 2402 1578 2434 pa..

112 2442 205 2469 trem
242 2437 494 2481 persequitur:
534 2434 599 2468 sed
636 2434 763 2467 haeret
797 2433 955 2466 tandem.
997 2438 1106 2479 atque
1134 2433 1216 2467 heic
1242 2434 1334 2467 mihi
1358 2435 1576 2470 Davidicnm

112 2484 268 2516 animum
296 2483 450 2528 adspice.
477 2494 685 2527 quanquam
707 2482 794 2514 talia
820 2487 995 2525 tantaque
1021 2491 1211 2525 perpessus
1238 2493 1257 2514 a
1282 2483 1458 2527 parricida
1484 2484 1578 2518 fuis-

113 2537 189 2572 set,
216 2530 452 2564 nihilominus
480 2531 518 2563 in
542 2530 633 2562 haec
654 2529 764 2562 verba
789 2540 871 2561 suos
901 2528 1100 2574 alloquitur
1121 2531 1157 2574 (2
1186 2530 1267 2573 Reg.
1301 2531 1339 2563 18
1370 2531 1405 2575 5)
1430 2533 1577 2576 „parci-

113 2584 150 2611 te
176 2578 299 2611 iuveni
327 2578 574 2611 Abesalomo.''
607 2577 722 2616 idem,
759 2588 838 2609 cum
866 2575 1096 2609 Abesalomns
1133 2575 1255 2609 arbori
1285 2578 1444 2611 crinibus
1467 2579 1575 2613 inne-

111 2626 166 2658 xis
192 2625 438 2667 adhaesisset,
464 2635 572 2670 supra
594 2624 742 2657 modum
768 2624 1010 2656 calamitatem
1035 2624 1113 2656 eius
1138 2622 1357 2669 deploravit.

207 2672 410 2705 Secundum
452 2672 541 2705 haec
577 2673 751 2716 cogitanti
785 2683 863 2703 cum
890 2671 1007 2703 animo
1044 2683 1108 2703 suo
1135 2671 1265 2704 Davidi
1301 2671 1345 2704 de
1370 2673 1506 2718 templo
1534 2675 1572 2708 in

111 2719 286 2753 honorem
312 2720 447 2752 domini
485 2718 704 2753 exstruendo
732 2717 877 2752 Nathan
917 2718 1132 2762 respondet,
1163 2719 1339 2764 quicquid
1371 2731 1489 2753 secum
1517 2722 1574 2754 sa-

112 2768 194 2801 cer‘e
235 2768 502 2810 constituisset,
541 2767 581 2801 id
610 2767 731 2801 moliri
766 2766 834 2799 deo
870 2764 1027 2800 secundo
1059 2772 1236 2813 pergeret.
1261 2767 1450 2811 ignorabat
1475 2770 1570 2802 enim
