1826 3120
294 143 363 216 78
738 152 1021 194 mianEms
1062 153 1275 196 GLYCAE

287 264 365 314 μὲν
399 258 474 314 γὰρ
506 257 678 314 ζκέντρον
726 254 784 310 τῷ
823 257 1005 306 βασιλεῖ’,
1053 255 1141 294 ἄλλ’
1183 255 1234 295 ου’
1270 254 1423 308 χρῆται
1453 253 1586 312 τούτῳ
1619 251 1722 307 πρὸς
1751 270 1754 272 “

288 323 464 378 ἄμυναν.
519 319 637 373 νόμοι
675 322 783 367 τινές
812 320 917 361 εἰσιν
958 314 1074 361 οὗτοι
1101 321 1173 374 τῆς
1203 319 1369 375 φύσεως
1396 315 1610 376 ἄγραφοι,
1643 317 1721 373 ἆρ-

286 389 386 445 γούς
428 385 532 430 εἶναι
583 383 686 439 πρὸς
730 385 935 438 τιμωρίαν
974 384 1070 434 τούς
1114 387 1198 426 ταῖν
1237 387 1442 439 μεγίστων
1469 386 1722 428 δυναστειῶν

286 456 589 508 ἐπιβαίνοντας.
661 447 773 492 οὕτω
813 452 890 504 μὲν
931 449 975 493 αἱ
1014 453 1072 508 τῷ
1110 453 1184 492 τοῦ
1207 452 1411 504 βασιλέως
1447 450 1719 506 ὑποδείγματι

285 520 344 575 μη
391 519 694 560 ἀκολου-’λοῦσαι
729 519 780 574 τῇ
823 518 901 558 τοῦ
939 519 1109 570 κέντρου
1145 518 1278 573 πληγῇ
1319 515 1757 571 ἑναποθνὴσκουσιν,5

286 582 381 636 ἄξια
412 586 482 637 τῆς
508 580 670 624 ἑαυτῶν
698 580 910 638 ὠμότητος
938 584 1208 637 εὖρίσκο-υσαι
1237 582 1287 624 τὰ
1322 584 1529 637 ἐπίχειρα.

390 647 514 690 'AM-a*
555 651 628 689 καί
660 650 779 690 τοῦτο
821 649 1058 702 θαυμάζειν
1085 646 1225 702 ἄξιον,
1261 650 1349 696 πῶς
1381 647 1426 690 αῖ
1451 648 1616 704 γέρανοι
1646 646 1723 696 τοὶς

283 718 327 758 ἑν
353 718 404 771 τῇ
434 713 553 756 νυκτὶ
579 714 852 770 προφυλακὰς
893 717 937 766 ἐκ
967 716 1218 769 περιτροπῆς
1251 713 1550 767 ὑποδέχονται,
1579 715 1650 755 καὶ
1677 711 1722 754 αἱ

283 783 361 834 μὲν
389 779 666 822 καθεύδουσιν
684 814 695 833 ,
737 779 782 822 αἱ
811 782 858 822 δὲ
885 779 1020 838 κύκλῳ
1063 782 1301 834 περιιοῦσαι
1330 781 1470 821 πᾶσαν
1501 779 1651 829 αὐταῖς
1677 780 1723 821 ἐν

182 850 339 904 impr&
377 843 490 902 ὕπνῳ
531 848 764 900 παρέχουσι
806 845 881 900 τὴν
914 842 1161 902 ἀσφάλειαν.
1234 842 1321 886 εἶτα
1359 844 1439 886 τοῦ
1471 845 1622 899 καιροῦ
1646 845 1786 899 τῆςιο

285 915 472 969 φυλακῆς
506 914 791 966 πληρουμένου
821 911 848 967 ἦ
879 914 956 966 μὲν
981 912 1169 966 βοήσασα
1194 911 1296 964 πρὸς
1333 908 1464 953 ὕπνον
1493 909 1666 965 ἐτράπη,
1693 907 1720 965 ἦ

285 980 331 1020 δὲ
357 977 433 1033 την
462 977 664 1031 διαδοχήν
692 980 917 1033 δεξαμένη,
947 973 995 1032 ἧς
1034 977 1181 1031 ἔτυχεν
1213 975 1471 1034 ἀσφαλείας,
1501 978 1575 1018 καί
1602 976 1722 1018 οἶντέ-

284 1047 388 1086 δωκε
420 1051 510 1092 ταῖς
540 1048 713 1093 λοιπαῖς.
786 1042 896 1086 οὕτω
922 1048 1000 1096 μὲν
1030 1041 1105 1085 οὖν
1134 1046 1206 1085 καί
1229 1043 1273 1086 τὸ
1306 1046 1388 1086 τῶν
1415 1044 1632 1098 πελαργῶν
1662 1043 1723 1090 εἰς

283 1111 474 1165 ἔκπληξιν
505 1106 595 1164 ἄγει
624 1109 779 1160 πάντας
805 1111 887 1152 τῶν
917 1113 1228 1166 διαληφθέντων
1268 1111 1342 1151 οὐκ
1373 1108 1560 1151 ἔλασσον.
1613 1109 1720 1150 ἐκεῖ·-

283 1192 345 1218 νοι
389 1175 467 1230 γὰρ
513 1175 585 1217 τὸν
627 1178 784 1231 πατέρα
823 1175 901 1217 ὑπὸ
931 1179 1005 1218 τοῦ
1030 1175 1182 1230 γηρους
1211 1174 1579 1231 πτερορρυήσαντα
1604 1189 1720 1229 περι·
1740 1178 1785 1220 15

283 1241 450 1290 στάντες
480 1244 524 1283 ἐν
552 1240 684 1299 κύκλῳ
714 1248 798 1290 τοῖς
826 1243 992 1290 οἰκείοις
1022 1248 1183 1297 πτεροῖς
1213 1241 1520 1294 διαθάλπουσι,
1547 1241 1620 1282 καί
1645 1239 1722 1288 τοὶς

174 1318 267 1351 V.32
282 1307 439 1364 τροφὰς
470 1306 669 1364 α’φθόνως
717 1309 1099 1363 παρασκευάζοντες
1138 1308 1340 1362 βοήθειαν
1369 1307 1494 1364 ,αὐτῷ
1543 1303 1645 1364 κατα
1675 1321 1721 1360 γε

282 1373 357 1428 την
387 1376 533 1428 πτῆσιν
562 1376 844 1428 παρέχουσιν,
875 1376 1014 1427 ἠρέμα
1041 1377 1097 1430 τῷ
1123 1376 1255 1429 πτερῷ
1285 1374 1551 1428 κουφίζοντες
1578 1367 1722 1413 ἑκατέ-

284 1443 432 1493 ρωθεν.
499 1442 571 1480 καί
594 1438 727 1490 οὕτως
770 1441 875 1483 πᾶσι
902 1443 1023 1482 τοῦτο
1054 1438 1323 1494 διαβεβόηται
1350 1436 1406 1487 αἷς
1432 1439 1625 1480 ἐντεῦθεν
1651 1439 1728 1478 καί

245 1514 271 1545 B
285 1521 400 1553 τινας
435 1503 507 1558 την
550 1507 631 1546 τῶν
671 1505 1012 1560 εὐεργετημάτων
1045 1506 1256 1546 ἀντίδοσιν
1295 1504 1514 1556 ὀνομάζειν
1549 1503 1783 1550 vivum-20

284 1567 505 1621 λάργωσιν.
574 1572 721 1623 μηδείς
757 1566 832 1611 οὖν
873 1569 943 1612 διὰ
971 1572 1113 1613 πενίαν
1153 1570 1224 1623 την
1254 1567 1385 1610 αὑτοῦ
1406 1564 1719 1622 ἇπογινωσκὲτω

286 1633 410 1687 ζωήν.

284 1799 420 1821 morum
447 1788 732 1821 mansuetudine.
757 1799 837 1821 nam
864 1789 1008 1821 stimulo
1038 1787 1181 1832 quidem
1210 1799 1271 1820 rex
1295 1787 1478 1832 praeditus
1502 1792 1572 1829 est,
1595 1798 1718 1821 venun

284 1835 330 1867 ad
352 1834 543 1868 vindictam
582 1845 623 1867 eo
659 1846 733 1867 non
767 1836 888 1868 utitur.
930 1840 1013 1867 sunt
1036 1834 1103 1867 hae
1123 1835 1217 1878 leges
1243 1834 1419 1878 quaedam
1443 1846 1515 1867 non
1539 1834 1718 1880 scriptae,

283 1881 347 1914 sed
370 1881 412 1913 ab
438 1882 515 1925 ipsa
540 1882 721 1926 profectae
756 1887 881 1914 natura
897 1907 905 1922 ‚
929 1887 968 1914 ut
995 1883 1057 1926 qui
1080 1882 1236 1914 maximis
1259 1881 1416 1925 imperiis
1440 1881 1644 1925 potiuntur,
1669 1881 1718 1914 ad

281 1928 504 1973 puniendum
539 1927 634 1960 tardi
666 1930 745 1961 sint.
765 1934 800 1961 et
836 1928 981 1973 quidem
1007 1929 1036 1960 si
1071 1938 1164 1972 quae
1189 1938 1271 1972 apes
1304 1927 1505 1972 exemplum
1544 1928 1635 1972 regis
1659 1928 1717 1961 sui

282 1986 357 2007 non
388 1975 589 2014 imitantur,
619 1974 734 2008 defixo
759 1975 902 2008 stimulo
921 1976 1026 2008 simul
1053 1975 1273 2009 emoriuntur
1297 1973 1476 2019 dignaque
1499 1974 1716 2009 crudelitate

285 2033 348 2053 sua
373 2022 529 2065 praemia
560 2028 837 2066 consequuntur.

378 2068 452 2099 Hoc
477 2068 581 2099 etiam
605 2079 668 2100 nos
706 2069 870 2102 admirari
898 2081 962 2114 par
987 2074 1058 2110 est,
1086 2078 1156 2112 qno
1180 2072 1284 2111 pacto
1309 2078 1412 2110 grues
1436 2072 1627 2102 nocturnas
1653 2079 1715 2102 ex-

286 2113 406 2145 cubias
436 2124 499 2158 per
524 2114 616 2146 vices
645 2114 793 2156 obeant,
822 2116 906 2149 dum
931 2116 1024 2149 aliae
1051 2114 1193 2160 quidem
1220 2113 1423 2154 dormiunt,
1447 2115 1538 2148 alian
1564 2116 1716 2149 circum-

286 2160 404 2192 eundo
434 2165 625 2203 praestant,
654 2167 694 2194 ut
713 2174 833 2196 omnes
859 2163 903 2195 ab
928 2163 1023 2196 omni
1049 2161 1207 2207 periculo
1231 2171 1294 2205 per
1320 2162 1478 2205 quietem
1504 2168 1604 2196 tutae
1630 2163 1715 2197 sint.

286 2206 349 2237 ubi
376 2205 506 2238 deinde
534 2212 672 2251 tempus
697 2210 854 2242 excubiis
879 2211 983 2243 unius
1016 2209 1228 2242 destinatum
1253 2209 1449 2252 praeter-lit,
1475 2209 1626 2243 clamore
1651 2210 1717 2242 illa

285 2252 426 2285 sublato
451 2264 487 2285 se
514 2254 626 2297 quieti
657 2254 736 2288 dat:
767 2256 818 2288 ibi
844 2262 919 2289 tum
942 2257 1052 2290 altera
1075 2254 1266 2287 succedens
1294 2255 1330 2287 in
1360 2255 1436 2293 eius
1458 2256 1586 2295 locum,
1610 2267 1716 2302 quam

285 2299 383 2332 illius
417 2298 592 2332 beneficio
618 2309 806 2334 consecuta
831 2309 904 2345 est,
941 2304 1095 2349 quietem
1119 2301 1271 2334 vicissim
1300 2301 1447 2346 reliquis
1473 2308 1585 2336 tutam
1611 2314 1716 2348 prae-

286 2351 365 2378 stat.
393 2347 570 2378 consimili
595 2347 701 2380 modo
730 2349 945 2383 ciconiarum
972 2359 1114 2395 quoque
1149 2348 1245 2380 natio
1272 2354 1416 2382 cunctos
1442 2349 1479 2382 in
1507 2350 1714 2383 admiratio-

284 2403 366 2424 nem
391 2393 504 2437 rapit,
538 2394 606 2424 iam
634 2394 802 2429 indicatis
835 2397 932 2430 haud
956 2397 1093 2430 cedens.
1126 2406 1205 2427 nam
1231 2400 1388 2439 patrem,
1414 2397 1476 2440 qui
1499 2407 1586 2441 prae
1611 2397 1711 2430 senio

283 2449 419 2483 pennas
453 2440 591 2478 amisit,
622 2441 782 2486 undique
823 2444 1086 2477 circumstantes
1127 2442 1192 2473 alis
1215 2442 1366 2485 propriis
1395 2442 1533 2484 fovent,
1559 2444 1712 2476 alimen-

283 2491 359 2517 tum
387 2485 441 2518 illi
475 2485 615 2518 abunde
649 2489 902 2532 suppeditant,
936 2497 1042 2536 atque
1066 2489 1171 2522 etiam
1197 2487 1235 2520 in
1259 2489 1380 2521 volatu
1408 2489 1553 2531 iuvant,
1580 2490 1712 2524 leniter

284 2542 364 2563 eum
394 2531 439 2564 ab
465 2538 616 2578 utraque.
641 2540 743 2578 parte
768 2537 1004 2571 sublevantes.
1035 2534 1132 2581 quod
1159 2534 1301 2579 quidem
1329 2546 1441 2580 usque
1467 2537 1556 2569 adeo
1581 2537 1712 2582 passim

281 2578 378 2622 apud
417 2590 536 2612 omnes
572 2581 816 2625 pervulgatum
855 2590 929 2626 est,
964 2589 1004 2617 ut
1027 2582 1091 2615 hac
1117 2581 1161 2614 de
1187 2592 1290 2613 causa
1313 2581 1479 2614 nonnulli
1503 2594 1714 2629 compensa-

283 2625 418 2657 tionem
453 2625 709 2659 beneficiorum
734 2631 915 2674 appellare
944 2636 1099 2664 mutuam
1127 2629 1341 2660 ciconiarum
1365 2628 1534 2672 pietatem
1562 2641 1714 2664 consue-

282 2671 406 2704 verint.
433 2683 504 2716 quo
524 2674 686 2718 exemplo
711 2677 846 2710 moneri
872 2689 936 2711 nos
961 2676 1124 2711 convenit
1150 2685 1195 2708 ne
1221 2675 1301 2719 quis
1328 2674 1374 2707 ob
1397 2683 1641 2722 paupertatem
1666 2676 1712 2709 «le

281 2717 354 2750 vita
378 2717 553 2763 desperet.
