1826 3120
611 128 896 168 ANNALIUM
938 125 1078 168 PARS
1121 128 1154 166 1.
1493 119 1587 163 151

146 232 260 287 γία.”
317 229 508 271 τοιοῦτον
536 229 583 270 δέ
612 244 647 270 τι
687 228 761 269 καί
788 223 809 267 ὃ
839 226 1148 281 χρυσορρήμων
1173 221 1367 280 Ἰωάννης
1394 228 1492 280 περί
1519 230 1601 269 τῶν

147 297 332 352 α’γγέλων
358 297 542 346 διέξεισι.
601 296 708 350 φησί
736 292 808 335 καί
834 291 914 348 γάρ
935 289 999 334 ὅτι
1031 290 1051 333 ὅ
1085 290 1304 348 προφήτης
1332 292 1496 348 Δανιὴλ
1524 296 1602 347 μέ..

145 378 201 418 γα
229 378 269 405 τι
297 364 446 417 χρῆμα
476 362 584 415 λέγει
612 359 712 410 τούς
740 360 939 415 ἀγγέλους
973 355 1095 411 εἶναι,
1127 356 1414 413 προστάγματι
1447 361 1493 403 δὲ
1524 365 1600 402 θε-

147 430 200 470 οῦ
240 430 379 471 πᾶσαν
416 426 494 483 τὴν
531 428 666 469 κτίσιν
715 428 933 479 διαλαχεῖν
967 425 1039 466 καί
1065 426 1148 466 τῶν
1177 426 1312 466 ἐθνῶν
1340 427 1599 481 ἐπιστατεῖν,

109 497 221 541 Sami
241 495 401 538 τούτων
439 492 506 535 τὸν
532 495 612 546 μὲν
652 491 753 542 τοὺς
785 494 963 546 Πέρσας
996 491 1179 546 ἐφορᾶν,
1215 489 1283 533 τὸν
1317 493 1363 534 δὲ
1393 491 1600 547 ἀρχάγγε-

145 563 218 604 λον
243 559 429 614 ΙΙΞῙιχαὴλ
467 558 537 601 τὸν
579 560 624 600 ἐκ
661 560 887 613 περιτομῆς
919 555 1019 598 λαὸν
1047 563 1265 613 φρουρεῖν.
1321 560 1526 614 συστῆναι
1554 560 1600 601 δὲ

143 632 228 677 τοῖς
264 625 436 682 ἐφόροις
473 621 604 681 ἄμφω
641 621 997 678 διαπληκτισμόν,
1042 622 1092 664 οὗ
1136 621 1244 664 κατὰ
1274 622 1412 675 πάθος
1441 624 1600 680 ὀργῆς,

144 692 252 734 α’λλοὶ
282 690 389 734 κατα
414 692 532 733 θεῖόν
560 707 653 732 τινα
681 690 752 731 καί
772 684 1012 744 α’πόρρητον
1039 689 1180 743 λόγον,
1207 690 1283 730 τοῦ
1312 693 1391 742 μὲν
1424 692 1641 738 ‹levasti-c

144 774 206 800 ειν
233 760 460 807 Ἰουδαίους
481 760 678 812 Πέρσαις
707 753 1011 810 ἀναγκάζοντος
1039 771 1096 804 ως
1129 756 1207 797 τοῦ
1234 758 1342 797 θεοῦ
1372 758 1498 812 δῆθεν
1527 775 1602 801 κα-

85 824 435 882 ιοταφρονητάς,
478 825 552 866 τοῦ
595 824 641 866 δὲ
679 821 785 878 πρὸς
822 820 897 877 τήν
936 820 1185 878 ἐλευθερίαν
1229 811 1501 873 οἷνθέλκοντος
1529 828 1604 867 και

1167 885 1182 901 C

142 893 329 947 λέγοντος
369 892 584 943 ,,παῦσαι,
619 890 804 946 Περσων
843 887 1083 944 προστάτα·
1159 904 1180 929 ο
1222 887 1303 943 γάρ
1346 887 1447 938 θεὸς
1476 888 1600 945 ἐπλη-

141 961 183 1009 ξε
211 959 290 1011 μὲν
329 954 678 1013 ἁμαρτάνοντας,
726 957 1106 1012 ἐπιστρεφομένους
1146 957 1192 998 δὲ
1235 955 1309 997 οὔκ
1337 955 1601 1014 αἠοστρέφε-

138 1025 252 1066 ται.”
892 1071 899 1076 ,

241 1087 334 1133 Ὅτι
373 1091 420 1132 δὲ
459 1092 575 1139 θεῖος
603 1085 773 1146 ἄγγελος
813 1087 879 1132 ἔνι’
921 1084 1081 1148 ἑκάστῳ
1111 1089 1388 1144 προσεδρεύει
1418 1091 1501 1132 ταῖν
1530 1108 1597 1132 πι-

77 1158 247 1202 ιὸστῶν
291 1157 482 1213 φυλακῆς
510 1159 669 1211 ἕνεκεν,
709 1155 943 1211 διείληπται
981 1158 1060 1209 μὲν
1089 1157 1162 1197 καί
1186 1156 1244 1213 τῷ
1268 1157 1437 1215 μεγάλῳ
1462 1158 1598 1199 Βασι-

135 1226 232 1281 λείῳ
267 1226 433 1277 ,λέγοντι
472 1222 558 1276 „aig
595 1222 674 1273 τοὶς
711 1224 913 1277 μελίσσας
955 1221 1191 1279 φυγαδεύει
1237 1220 1393 1271 καπνός
1421 1222 1495 1264 καί
1519 1222 1597 1272 τοὶς

134 1287 382 1346 περιστερὰς
418 1290 633 1340 ἐξελαύνει
675 1291 894 1342 δυσωδιά,
940 1285 1051 1331 οὕτω
1095 1292 1169 1330 καί
1213 1287 1282 1331 τὸν
1326 1290 1496 1345 φύλακα
1523 1292 1596 1345 τῆς

134 1357 244 1411 ζωῆς
286 1353 405 1411 ἡμῶν
449 1352 621 1410 ἄγγελον
658 1356 684 1411 ἡ
728 1356 993 1412 πολύδακρυς
1033 1355 1106 1397 καί
1146 1353 1338 1410 δυσώδης
1370 1357 1448 1412 ἀφ’
1476 1353 1593 1410 ἡμῶν

135 1423 341 1477 διίστησιν
370 1420 596 1478 ἁμαρτία.Π
654 1423 736 1476 οὔχ
765 1418 889 1478 ἧττον
917 1424 962 1463 δὲ
990 1421 1043 1464 τὰ
1073 1422 1172 1478 περὶ
1201 1421 1348 1464 τούτου
1377 1420 1451 1463 καί
1474 1415 1592 1478 αιῖτῷ
1606 1431 1702 1465 V.62

69 1490 194 1545 20τῷ
223 1487 480 1546 Θεοδωρὴτῳ
527 1487 775 1543 δεδήλωται.
851 1490 896 1531 έν
937 1486 1018 1545 γὰρ
1056 1490 1107 1545 τῇ
1148 1490 1432 1544 θεραπευτικῇ
1459 1484 1634 1529 αὖτοῦἸ)

133 1550 236 1595 τάδε
266 1555 408 1610 φησίν.
468 1554 699 1609 »ἐπαρθείς
726 1554 748 1596 ὃ
782 1551 975 1607 διάβολος
1005 1556 1171 1609 λέγεται
1199 1556 1468 1607 πεπτωκέναι,
1498 1550 1592 1596 εἶτα

131 1618 239 1662 κατὰ
285 1621 366 1662 τῶν
406 1618 644 1674 α’νθρώπων
674 1619 729 1670 ὥς
774 1621 901 1663 εἰκόνι
930 1623 1028 1678 θείᾳ
1055 1623 1337 1675 τετιμημένων
1366 1622 1588 1674 λυττῆσαι,

131 1685 205 1728 καί
240 1683 311 1729 τὸν
349 1684 456 1728 κατὰ
499 1685 658 1729 τούτων
704 1687 993 1739 ἀναδέξασθαι
1023 1685 1218 1740 πόλεμον.
1273 1686 1394 1729 ἔνθεν
1422 1702 1487 1728 τοι
1517 1688 1592 1729 καί

129 1879 336 1921 coeperunt.
362 1875 548 1909 consimile
562 1876 608 1909 de
624 1876 761 1922 angelis
777 1875 948 1922 quiddam
964 1876 1235 1920 chrysostomus
1259 1886 1404 1921 quoque
1430 1888 1585 1912 comme-

127 1929 253 1957 morat.
278 1928 401 1964 vates,
425 1924 563 1969 inquit,
590 1925 763 1957 Danielus
797 1925 941 1969 angelos
966 1925 1137 1957 eximium
1164 1923 1335 1968 quiddam
1361 1935 1436 1957 esse
1461 1925 1585 1968 tradit,

129 1971 262 2018 deique
288 1970 386 2004 iussu
426 1977 624 2004 creaturam
650 1972 849 2005 universam
884 1972 922 2004 in
948 1983 1008 2004 eos
1035 1970 1287 2012 distributam,
1309 1972 1372 2016 qui
1399 1972 1585 2006 nationum

128 2029 275 2065 quoque
300 2018 372 2051 sint
394 2018 588 2063 praesides.
613 2020 723 2052 alium
747 2020 785 2052 in
808 2019 928 2052 Persas
955 2019 1091 2052 defixos
1111 2019 1235 2052 oculos
1262 2018 1408 2060 habere,
1423 2020 1586 2054 Michae-

127 2067 203 2100 lum
237 2065 488 2110 archangelum
522 2078 586 2112 pro
620 2067 758 2112 populo
791 2066 1001 2099 circumciso
1037 2066 1206 2099 excubias
1238 2077 1354 2110 agere.
1381 2068 1583 2112 quinetiam

127 2114 223 2148 inter
252 2113 441 2158 utriusque
475 2114 634 2148 nationis
675 2113 859 2159 praesides
894 2113 1002 2147 hosce
1031 2114 1301 2147 contentionem
1324 2124 1368 2146 ex
1396 2115 1583 2149 iracundia

127 2160 307 2206 quandam
331 2160 480 2203 oboriri,
503 2161 611 2195 modo
641 2162 780 2195 scilicet
809 2161 1024 2207 rationeque
1052 2161 1175 2194 divina
1201 2166 1238 2194 et
1262 2161 1465 2203 ineffabili,
1496 2163 1581 2196 dum

127 2209 191 2242 ille
227 2208 374 2254 quidem
397 2209 550 2243 Iudaeos
588 2210 703 2242 Persis
743 2210 874 2243 servire
911 2209 1007 2254 cogit
1043 2215 1084 2242 ut
1111 2208 1170 2242 dei
1208 2214 1494 2253 contemptores,
1522 2209 1580 2244 hic

125 2267 209 2290 vero
237 2267 280 2289 ex
307 2256 377 2288 alia
402 2263 504 2301 parte
527 2258 565 2290 in
589 2257 796 2290 libertatem
819 2256 988 2298 vindicat,
1013 2267 1051 2290 ac
1076 2255 1176 2290 hisce
1199 2256 1319 2290 verbis
1346 2258 1458 2290 utitur
1472 2258 1577 2303 (Dan.

131 2305 221 2346 ιο),
226 2303 385 2344 ,desine‚
411 2304 594 2338 Persarum
620 2316 786 2350 praeses:
823 2315 906 2337 nam
930 2309 1120 2350 peccantes
1146 2303 1294 2349 quidem
1321 2302 1388 2337 hos
1412 2305 1579 2339 multavit

125 2350 338 2396 adflixitque
366 2329 453 2384 (leus
470 2377 479 2393 ‚
500 2363 620 2386 verum
645 2352 691 2385 ad
716 2363 753 2386 se
779 2363 966 2386 conversos
989 2363 1063 2385 non
1089 2351 1305 2386 aversatur-.'’

215 2399 290 2431 Iam
318 2399 466 2443 singulis
493 2400 601 2433 etiam
628 2399 791 2433 fidelium
818 2399 944 2432 adesse
979 2398 1163 2432 custodiae
1188 2409 1292 2432 causa
1322 2398 1481 2432 divinum
1512 2411 1576 2432 an-

123 2444 259 2488 gelum,
282 2456 430 2490 magnus
464 2447 527 2480 ille
552 2448 704 2480 Basilius
741 2448 836 2480 inter
861 2446 950 2479 alios
977 2446 1137 2480 tradidit.
1162 2446 1490 2492 quemadmodum,
1518 2447 1576 2479 in·

125 2492 224 2535 quit,
247 2504 332 2538 apes
356 2494 471 2538 abigit
495 2494 612 2528 fumus
641 2500 677 2528 et
698 2494 881 2527 columbas
908 2493 1062 2539 depellit
1084 2495 1221 2536 foetor,
1249 2494 1301 2527 sic
1327 2499 1363 2527 et
1386 2494 1481 2526 vitae
1506 2504 1575 2526 no-

125 2543 217 2572 strae
247 2540 435 2574 custodem
469 2542 637 2597 angelum
681 2542 804 2575 multis
845 2541 1105 2586 deplorandum
1144 2541 1310 2585 lacrymis
1357 2540 1573 2586 foetensque

122 2591 306 2628 peccatum
345 2599 365 2621 a
395 2588 499 2622 nobis
531 2590 699 2634 seiungit.
737 2589 834 2622 idem
872 2594 909 2622 et
944 2588 1187 2623 Theodoritus
1228 2588 1373 2622 indicat.
1417 2599 1499 2620 nam
1535 2588 1573 2621 in

122 2631 385 2678 Therapeutica
403 2648 466 2669 sua
491 2636 609 2669 verbis
635 2636 732 2670 hisce
759 2637 906 2677 utitur,
909 2635 1034 2676 e,latus
1060 2636 1229 2681 superbia
1255 2635 1423 2668 diabolus
1450 2635 1571 2680 lapsus

123 2689 199 2712 esse
224 2680 356 2722 fertur,
383 2693 423 2716 ac
459 2683 630 2728 deinceps
666 2684 836 2717 adversus
861 2682 1022 2717 homines
1049 2689 1241 2717 exornatos
1268 2682 1421 2727 imagine
1448 2682 1568 2716 divina

122 2726 242 2760 furore
268 2728 424 2774 quodam
453 2732 635 2774 exarsisse,
660 2730 870 2777 bellumque
896 2729 1062 2767 adversus
1085 2731 1182 2778 ipsos
1207 2730 1414 2776 suscepisse.
1439 2729 1505 2763 hac
1522 2729 1567 2763 de
