1826 3120
580 144 868 188 mmmm
921 145 1060 188 mus
1098 148 1172 187 111.
1482 127 1595 184 383

131 249 287 292 σοῦ’τον
317 248 365 290 δὲ
393 246 508 301 παρὰ
539 251 628 296 τοῖς
655 244 859 301 ὑπηκόοις
900 245 1175 301 ἀγαπώμενος
1203 242 1257 302 ἤν
1286 243 1394 290 ὥστε
1416 247 1599 300 Ῥωμαῖ-

131 329 177 365 ος
203 312 310 369 α’νὴρ
338 312 410 355 τὸν
437 312 529 367 βίον
557 314 740 355 ἐκλιπεῖν
766 315 931 366 μέλλων
959 315 1156 368 ἐπέτρεπε
1184 317 1270 363 τοῖς
1292 310 1450 356 ἑαυτοῦ
1476 314 1601 356 παισί
1612 322 1652 356 V.
1674 324 1735 358 ιῡο

131 380 440 438 χαριστηρίους
488 377 648 428 θυσίας
691 381 872 434 ἐνεγκεῖν
905 385 992 442 τοῖς
1024 383 1167 433 θεοῖς,
1210 378 1274 422 ὅτι
1304 382 1441 432 ζῶντα
1470 398 1599 423 κατα-

128 445 328 502 λιμπάνει
357 447 432 489 τὸν
459 446 680 500 σεβαστόν.
745 448 840 488 ἐπεὶ
878 447 925 487 δὲ
953 444 976 486 ὅ
1005 449 1180 501 Καῖσαρ
1219 445 1406 498 ἐξίστατο
1434 447 1509 489 τοῦ
1531 449 1600 501 βί-

91 514 180 558 5ου
199 546 213 568 ,
258 515 488 569 ,,πηλίνην”
527 509 660 568 ἔφησε
689 512 790 568 »τὴν
818 511 940 556 πόλιν
968 510 1107 566 εὑρών
1132 514 1414 567 καλλίπυργον
1437 511 1599 569 ταύτην

129 579 205 624 καὶ
231 578 477 637 στερεμνίαν
503 581 724 634 πεποίηκα.
781 577 889 634 πρὸς
909 578 1071 628 τούτοις
1101 579 1148 621 δὲ
1178 581 1252 622 καί
1280 579 1463 630 πολλοὺς
1486 582 1531 622 ἐν
1550 582 1600 637 τῇ

129 648 303 704 τελευτῇ
328 662 411 701 μου
439 644 651 700 βούλομαι
678 647 881 704 κροτῆσαι
906 651 1054 700 χεῖρας
1070 677 1082 699 ,
1111 644 1169 694 ὥς
1196 645 1270 688 ἐπὶ
1292 648 1429 700 μᾲιου
1455 651 1599 689 τελευ-

129 716 182 770 τῇ
203 712 277 756 καὶ
306 715 486 754 παίκτου
514 712 664 761 τινός.”
719 713 855 754 ταῦτα
894 713 941 754 δὲ
969 713 1241 763 καταπαιζων
1267 714 1344 755 τοῦ
1367 714 1464 766 βίου
1492 714 1598 756 πάν-

128 795 213 830 τως
241 777 374 835 ἔλεγε.
431 777 505 820 καί
533 779 633 833 περὶ
658 780 738 831 μὲν
766 777 926 821 τούτων
954 775 1101 828 οὕτως.

70 865 119 896 10
240 847 281 890 Γ
277 848 428 889 ι’νωσκε
462 847 530 898 δέ,
561 844 770 900 ἅγαπητέ,
800 840 866 886 ὅτι
893 846 939 887 ἐν
974 846 1034 902 τῷ
1060 845 1130 899 μβ
1160 844 1243 888 ἔτει
1272 847 1349 901 τῆς
1376 849 1596 900 βασιλείας
1609 855 1727 901 P.207

128 913 206 959 τοῦ
230 915 594 968 μνημονευθὲντος
624 907 790 953 ἄνωθεν
809 913 1035 967 Καίσαρος
1060 914 1257 966 γεννᾶται
1274 912 1322 954 τό
1354 911 1463 955 κατὰ
1493 913 1596 968 σάρ-

128 997 183 1025 κα
213 976 235 1022 ὅ
263 979 407 1036 κύριος
435 978 556 1033 ἡμῶν
580 977 752 1034 Ἰησοῦς
785 976 977 1032 Χριστὸς
1006 980 1053 1020 ἐκ
1081 980 1155 1033 τῆς
1185 980 1471 1033 αἐιπαρθὲνου
1490 982 1597 1023 Ma-

126 1049 237 1103 ριάς.
265 1045 292 1102 ἦ
321 1044 404 1101 γὰρ
434 1040 610 1098 ἄμωμος
640 1041 751 1100 αὕτη
781 1047 976 1099 γεννᾶται
1003 1047 1083 1098 μὲν
1110 1047 1155 1095 ἐξ
1183 1046 1454 1101 ἐπαγγελίας,
1484 1063 1598 1099 τριε-

125 1114 304 1166 τίζουσα
333 1114 381 1155 δὲ
407 1109 667 1168 προσάγεται
692 1113 749 1169 τῷ
774 1112 885 1169 ναῷ,
927 1110 1078 1168 καιρὸν
1103 1111 1251 1155 ἱκανὸν
1279 1115 1324 1155 ἐν
1352 1119 1439 1163 τοῖς
1465 1110 1599 1156 αὐτοῦ

66 1178 269 1235 ιόδιάγει
296 1177 496 1231 ἀδύτοις,
526 1179 598 1220 ὑπ’
624 1174 803 1233 α’γγὲλου
836 1178 1056 1231 κομίζεται
1079 1179 1155 1234 τήν
1181 1178 1361 1236 τροφήν,
1392 1179 1497 1222 ὦσεί
1528 1181 1597 1222 δέ-

124 1263 183 1290 κα
209 1247 371 1302 γίνεται
402 1248 483 1299 καί
528 1243 749 1299 τεσσάρων
789 1246 911 1286 ε’τῶν.
984 1247 1228 1288 σκέπτονται
1255 1246 1355 1300 περὶ
1379 1244 1524 1289 τούτου
1556 1245 1597 1289 οἱ

125 1313 367 1369 ἀρχιερεῖς,
397 1311 455 1362 ὥς
482 1309 615 1362 εἰκός·
673 1308 838 1367 δεήσεις
861 1311 1123 1368 προσάγουσι
1151 1313 1211 1370 τῷ
1237 1314 1336 1371 θεῷ.
1366 1313 1596 1368 μνηστεύε-

124 1395 196 1424 ται
222 1379 448 1435 τηνικαῦτα
478 1381 537 1437 τῷ
563 1375 755 1435 Ἰωσήφ,
793 1379 871 1420 τοῦ
899 1380 1007 1420 θεοῦ
1031 1380 1105 1420 καί
1121 1381 1244 1421 τοῦτο
1275 1377 1345 1421 διὰ
1383 1381 1458 1435 τῆς
1490 1383 1594 1432 βλα-

123 1445 337 1502 στησοίσης
381 1443 544 1502 ῥάβδου
584 1447 915 1501 προτρέψαντος.
986 1443 1081 1488 τότε
1121 1444 1173 1501 δή
1216 1446 1311 1488 τότε
1352 1448 1425 1488 καί
1463 1451 1595 1501 πέρας

61 1531 114 1559 20
127 1509 335 1566 λαμβάνει
373 1510 612 1568 προφητικὴ
649 1511 774 1567 ῥῆσις
816 1509 842 1567 ἡ
872 1514 1052 1566 λέγουσα
1083 1512 1206 1566 ,,ἰδού
1239 1515 1402 1555 δίδοται
1429 1516 1630 1567 βιβλίονΒ

44 1594 48 1595 ’
124 1579 462 1636 ἑσφραγισμένον
486 1578 613 1636 ἀνδρί
633 1578 763 1621 εἰδότι
790 1576 1077 1635 γράμματα’,”
1093 1581 1282 1623 τουτέστι
1295 1579 1446 1635 γάμοις
1462 1595 1593 1635 προσ-

126 1766 301 1813 quiddam
340 1766 407 1801 tibi
433 1766 545 1801 deest.
574 1768 651 1800 noli
688 1767 733 1801 de
765 1769 836 1801 reis
866 1769 1082 1802 sententiam
1108 1770 1207 1814 prius
1233 1769 1326 1802 ferre
1357 1781 1465 1815 quam
1492 1771 1590 1816 apud

125 1821 164 1848 te
198 1815 338 1848 litteras
369 1815 501 1858 viginti
534 1820 708 1860 quattuor
740 1816 981 1849 recstaverisl’
1019 1817 1205 1863 ceteroqui
1236 1823 1339 1850 tanto
1379 1824 1455 1851 erat
1492 1819 1590 1864 apud

125 1861 291 1896 subditos
317 1862 354 1895 in
379 1873 498 1895 amore
531 1863 682 1903 Caesar,
718 1868 760 1896 ut
787 1864 964 1896 Romanus
993 1863 1142 1908 quidam
1169 1864 1254 1897 civis
1279 1875 1298 1897 e
1321 1865 1395 1898 vita
1420 1865 1590 1899 decessu-

125 1921 186 1943 rus
211 1909 337 1943 liberis
363 1911 435 1943 suis
461 1910 704 1955 praeceperit,
730 1911 926 1954 gratiarum
954 1912 1107 1946 actionis
1132 1922 1215 1955 ergo
1241 1911 1309 1945 diis
1333 1913 1496 1947 victimas
1521 1914 1590 1946 im—

124 1957 330 1999 motarent,
368 1957 468 2003 quod
500 1958 699 2002 Augustum
723 1963 806 2002 post
842 1968 879 1990 se
905 1958 1040 1991 salvum
1067 1959 1300 2004 relinqueret.
1349 1959 1481 1993 Caesar
1510 1961 1588 2006 ipse

125 2016 206 2038 cum
235 2015 256 2038 e
278 2005 352 2039 vita
376 2006 567 2049 migraret,
588 2006 770 2046 „luteam”
791 2005 915 2050 inquit
938 2005 1087 2046 „urbem
1105 2006 1240 2047 inveni,
1266 2018 1373 2052 quam
1399 2007 1477 2052 ipse
1503 2009 1588 2053 pul-

125 2053 193 2086 cris
219 2057 383 2086 ornatam
415 2052 557 2085 arcibus
593 2057 630 2086 et
666 2063 900 2085 marmoream
941 2054 1078 2086 effeci.”
1110 2060 1296 2099 praeterea
1321 2054 1467 2088 dicebat
1490 2056 1587 2089 velle

124 2110 165 2133 se
188 2099 361 2145 plurimos
398 2100 478 2145 ipso
518 2101 695 2133 moriente
739 2100 904 2133 manibus
942 2100 1109 2145 plausum
1136 2101 1244 2143 dare,
1282 2101 1586 2148 quemadmodum

123 2147 234 2181 mimo
263 2147 321 2180 vel
354 2147 507 2181 ludione
543 2147 732 2182 desinente
769 2147 846 2180 fieri
873 2149 1111 2182 consueverit.
1145 2160 1239 2194 quae
1266 2160 1352 2183 sane
1377 2150 1486 2184 verba
1509 2162 1585 2185 non

124 2193 338 2240 spectabant
365 2195 438 2228 alio
465 2206 573 2241 quam
587 2194 688 2241 quod
713 2195 824 2229 vitam
839 2194 932 2228 hanc
957 2194 1101 2230 rideret.
1129 2207 1172 2230 ac
1197 2196 1243 2230 de
1266 2196 1322 2231 his
1346 2197 1496 2243 quidem
1520 2198 1587 2232 ha-

124 2248 264 2276 ctenus.

219 2289 318 2323 Scito
347 2294 489 2330 autem,
522 2288 658 2322 dilecte
685 2289 749 2330 fili,
775 2300 870 2322 anno
899 2288 1043 2334 imperii
1067 2289 1195 2332 huius,
1219 2291 1264 2325 de
1292 2302 1366 2338 quo
1389 2292 1586 2338 loquimur,

123 2337 274 2381 Augusti
299 2336 458 2369 Caesaris
496 2337 562 2380 42,
592 2337 692 2382 quod
718 2348 860 2370 carnem
889 2338 1044 2379 attinet,
1070 2337 1255 2372 dominum
1280 2345 1441 2373 nostrum
1468 2340 1586 2373 Iesum

125 2383 306 2418 Christum
341 2395 386 2416 ex
413 2390 589 2428 perpetua
617 2385 753 2428 virgine
778 2384 892 2417 Maria
915 2389 1040 2418 natum
1069 2395 1157 2420 esse.
1181 2387 1317 2432 quippe
1340 2387 1473 2420 mulier
1495 2386 1586 2421 haec

125 2431 308 2476 inculpata
333 2442 377 2463 ex
402 2431 526 2464 divino
545 2433 722 2475 promisso
746 2438 830 2465 nata
857 2431 937 2473 fuit,
963 2443 1116 2478 cumque
1140 2434 1289 2468 tertium
1314 2435 1492 2479 attigisset
1519 2447 1586 2468 an-

124 2490 223 2518 num,
242 2478 288 2511 ad
299 2479 474 2523 templum
492 2478 647 2512 deducta
665 2479 728 2512 diu
744 2481 781 2512 in
798 2479 1047 2524 penetralibus
1065 2481 1142 2514 eius
1157 2481 1258 2523 vixit,
1279 2493 1358 2515 cum
1375 2481 1521 2527 quidem
1537 2483 1584 2515 ab

126 2526 254 2570 angelo
278 2527 392 2560 victus
418 2527 451 2559 ei
477 2526 730 2570 praeberetur,
758 2527 873 2559 donec
899 2527 945 2560 ad
970 2538 1101 2561 annum
1130 2530 1259 2563 aetatis
1290 2531 1328 2573 ¹4
1350 2530 1583 2574 pervenisset.

124 2572 194 2606 hac
224 2572 270 2606 de
298 2584 336 2606 re
362 2574 570 2618 pontifices,
598 2579 638 2607 ut
662 2574 740 2606 fieri
765 2586 831 2618 par
858 2580 954 2615 erat,
986 2575 1082 2608 inter
1106 2587 1144 2609 se
1172 2577 1379 2610 consultant
1407 2582 1444 2610 et
1465 2577 1585 2622 preci-

124 2619 196 2653 bus
220 2618 327 2653 deum
351 2620 554 2666 implorant.
582 2620 667 2654 inde
688 2621 846 2666 Iosepho
876 2621 1133 2667 despondetur,
1158 2623 1227 2656 deo
1242 2635 1307 2669 per
1329 2625 1462 2668 virg-‘un
1489 2635 1584 2670 quae

126 2667 406 2712 germinaverat,
432 2674 473 2701 ut
500 2669 647 2701 omnino
672 2668 711 2701 id
735 2670 864 2709 fieret,
898 2676 1079 2704 monente.
1119 2676 1340 2716 quapropter
1376 2671 1414 2704 id
1443 2676 1584 2717 tempo-

128 2715 177 2748 ris
203 2713 286 2747 huic
313 2716 460 2749 oraculo
484 2716 576 2749 vatis
600 2717 658 2762 (Is.
685 2727 729 2758 29
763 2717 818 2762 12)
846 2723 994 2751 eventus
1034 2719 1242 2763 respondit:
1268 2729 1337 2759 „en
1366 2718 1458 2751 liber
1484 2720 1584 2752 obsi..

128 2767 255 2807 gnatus
278 2762 354 2800 viro
380 2762 582 2798 litterarum
606 2775 680 2799 non
704 2765 827 2808 ignaro
852 2763 978 2799 datur‘’
1012 2765 1097 2811 (hoc
1121 2772 1176 2801 est
1203 2767 1237 2799 ei
1262 2766 1325 2813 qui
1351 2766 1389 2802 in
1414 2768 1581 2813 coniugio
