1826 3120
574 142 854 184 ANNALmM
898 143 1031 183 PARS
1077 144 1108 182 ι.
1461 145 1477 177 ι
1501 117 1566 179 13'

114 248 293 292 τοιαῦτα
323 245 681 301 παραμίγνυσθαι.
713 246 782 300 ἐφ’
810 238 842 302 ᾧ
869 243 944 291 τὰς
971 245 1139 298 ἐχίδνας
1167 243 1563 302 παραλαμβάνομεν,

114 315 194 358 σύν
221 315 280 371 τῷ
325 311 484 368 οὐραίῳ
533 309 608 360 τάς
636 309 823 366 κεφαλάς
851 305 1170 364 ἆποτέμνοντες,
1200 312 1244 353 ἐν
1273 307 1335 361 οἷς
1359 309 1380 353 ὁ
1410 314 1564 352 κακίων

112 379 273 434 χυμός,
305 378 518 420 τουτέστιν
543 374 669 424 αὐτὸς
693 374 715 416 ὅ
736 375 810 425 ἰός.
866 374 943 424 τάς
962 377 1094 429 μέσας
1118 371 1193 420 οὖν
1225 375 1385 434 σάρκας
1413 379 1563 431 ἐκβάλ-

113 450 252 494 λοντες
280 442 550 499 ἰσχυρότερον
576 444 776 493 ποιοῦμεν
801 442 846 483 τὸ
878 439 1115 498 φάρμακον.

76 512 102 552 5
226 512 279 553 Εἰ
308 512 352 551 δὲ
391 509 464 550 καί
490 504 587 549 ὅθεν
632 506 833 562 ἐπενοήθη
863 510 946 548 τῶν
974 509 1197 562 ἐχιδναίων
1224 511 1391 564 σαρκῶν
1419 509 1447 566 ἤ
1474 511 1602 558 ἐπί-ρ

113 580 226 631 μίξις
254 577 414 624 ἐθέλεις
440 577 622 626 μαθεῖν,
675 571 698 613 ὅ
726 573 839 628 παρὰ
870 576 973 615 πᾶσι
1003 573 1156 628 σχεδὸν
1186 576 1418 630 φερόμενος
1449 575 1566 631 λόγος

114 646 187 685 καί
216 645 337 684 τοῦτο
381 637 460 696 ἤδη
492 639 650 690 διδάξει
685 641 747 685 σέ,
821 640 983 693 λέγεται
1012 639 1093 697 γάρ
1139 636 1205 682 ὅτι
1233 640 1336 683 κατά
1366 641 1439 697 την
1466 658 1565 697 πρε-

114 711 324 764 σβυτέραν
347 703 512 759 Ῥώμην
542 701 629 763 ὥρᾳ
656 706 810 759 θέρους
839 700 987 760 ἄνδρες
1026 708 1135 756 τινὲς
1176 705 1564 761 στάχυας,ἐ’τιλλον.

115 777 190 817 καί
224 775 348 818 τοῦτο
376 773 592 819 ποιοῦντες
635 772 752 824 δίψει
794 774 982 825 γίνονται
1010 770 1194 827 κάτοχοι.
1251 772 1380 831 ταύτῃ
1407 789 1470 816 τοι
1495 777 1568 817 καί

57 839 220 896 ιοπρός
248 839 412 894 ἀγγεῖον
438 835 607 892 ἔτρεχον
639 835 752 879 οἴνου
782 836 954 891 μεστόν,
984 839 1217 891 ἐλπίζοντες
1244 842 1404 882 ἐκεῖθεν
1429 843 1564 882 α’παλ-

114 905 247 961 λαγήν
275 906 348 960 τῆς
376 905 503 959 δίψης
532 900 686 958 εὑρεῖν.
746 904 838 944 ἀλλ’
866 903 1113 960 ἐσφάλησαν
1140 907 1218 947 τοῦ
1250 908 1433 948 σκοποῦ·
1477 905 1567 959 ἔχις

113 971 194 1028 γάρ
224 973 385 1014 ἐκεῖθεν
415 968 617 1025 αἰφνηδὸν
645 967 916 1024 ἐκπηδήσασα
945 972 1017 1026 τῆς
1047 968 1182 1026 ὁρμῆς
1210 970 1362 1021 αὐτούς
1395 973 1568 1026 α’νεχαιί-

113 1053 214 1082 τισε.
271 1039 318 1079 τι’
342 1035 385 1079 τὸ
405 1035 476 1077 ἐπὶ
503 1035 692 1086 τούτοις,·
724 1035 989 1088 λαμβάνουσι
1019 1035 1090 1078 τὸν
1119 1034 1228 1079 οἶνον
1255 1039 1328 1079 καί
1355 1038 1565 1095 α’νθρώπῳ

113 1105 198 1147 τινί
223 1105 496 1159 λελωβημένῳ
523 1100 739 1154 διδόασιν,
772 1101 829 1150 ὥς
865 1104 1057 1145 ἐντεῦθεν
1085 1102 1215 1145 αὐτὸν
1241 1106 1395 1147 θᾶττον
1421 1106 1567 1159 ἐκστῆ-

55 1177 101 1217 15
114 1187 182 1212 ναι
210 1171 293 1212 τῶν
321 1163 403 1211 ὧδε
434 1167 507 1209 καί
527 1166 586 1222 μή
617 1166 662 1209 τὸ
693 1169 767 1222 ζῆν
794 1165 929 1217 οὕτως
969 1167 1082 1222 ἔχειν
1110 1167 1337 1212 ἐπώδυνον.
1399 1171 1566 1224 δέχεται

113 1236 188 1279 τὸν
220 1232 330 1277 οἶνον
370 1235 544 1287 ἐκεῖνος,
575 1235 674 1286 μεθ’
714 1234 864 1288 ἡδονῆς
892 1237 1076 1293 ἐκροφῇ,
1109 1237 1180 1278 καί
1204 1238 1467 1291 παραχρῆμα
1493 1239 1607 1291 τῆςῙ)

113 1301 241 1344 νόσου
281 1298 489 1356 λύτρωσιν
528 1297 698 1352 εὕρατο.
775 1298 910 1342 ε”κτοτε
940 1297 1016 1342 οὖν
1046 1299 1089 1342 αἱ
1118 1302 1191 1356 τῆς
1220 1303 1385 1356 ἐχίδνης
1414 1302 1564 1356 σάρκες

114 1367 388 1422 ἐμβάλλονται
430 1367 487 1424 ‘trgi'
515 1365 742 1423 φαρμάκῳ.
815 1365 922 1407 ἄλλα
955 1365 1026 1407 καί
1062 1366 1275 1423 θηριακὴν
1303 1365 1349 1409 τὸ
1378 1370 1566 1409 τοιοῦτον

114 1433 185 1476 διά
215 1433 290 1482 τὰς
315 1435 397 1474 τῶν
422 1434 585 1487 θηρίων
609 1430 766 1486 σάρκας
808 1430 1142 1486 ἐπονομάζουσι,
1175 1433 1248 1475 καί
1275 1430 1338 1475 ὅτι
1368 1439 1454 1482 τοῖς
1482 1432 1563 1474 α’πό

51 1518 101 1546 20
113 1501 193 1542 τῶν
222 1493 363 1555 ὄφεων
392 1498 572 1552 δήγμασι
604 1500 676 1539 καί
705 1499 821 1550 μάλα
852 1497 898 1539 τὸ
929 1500 1120 1540 τοιοῦτον
1148 1496 1359 1554 ἁρμόττει.
1414 1501 1489 1553 τῆς
1519 1500 1566 1541 δὲ

113 1563 307 1620 τοιαύτης
344 1563 594 1619 ἐπινοήσεως
635 1561 931 1618 Ἀνδρόμαχός
960 1580 1024 1612 τις
1068 1566 1232 1619 γέγονεν
1259 1562 1420 1617 αἴτιος,
1450 1564 1561 1606 καθά

114 1648 219 1687 φησι
251 1629 462 1685 Γαληνός,
493 1630 766 1683 συνακμάσας
794 1631 851 1686 τῷ
881 1631 1059 1685 Νέρωνι.

114 1856 168 1884 co,
194 1843 233 1878 id
261 1849 315 1877 est
342 1843 523 1876 theriacae
543 1841 718 1887 quaedam
743 1840 896 1874 misceri.
915 1852 987 1886 quo
1006 1842 1047 1873 fit
1071 1846 1110 1873 ut
1134 1851 1212 1873 cum
1237 1841 1284 1874 ad
1309 1838 1411 1875 usum
1441 1853 1561 1876 earum

112 1893 252 1938 viperas
280 1892 462 1930 sumimus,
487 1900 555 1922 una
584 1900 662 1920 cum
691 1887 804 1920 cauda
828 1894 936 1933 caput
958 1887 1215 1933 praecidamus,
1239 1889 1372 1933 quibus
1391 1890 1427 1922 in
1449 1891 1564 1934 parti-

113 1940 180 1972 bus
205 1939 335 1971 humor
358 1938 421 1970 iile
460 1936 631 1976 deterior,
661 1935 829 1968 nimirum
859 1936 956 1968 virus
985 1935 1117 1979 ipsum,
1149 1935 1280 1968 existit.
1304 1936 1460 1981 ideoque
1485 1948 1562 1969 car-

113 1998 176 2020 nes
203 1986 315 2019 medii
339 1985 495 2029 corporis
516 1989 723 2016 exsecantes
747 1981 976 2026 pharmacum
993 1982 1218 2026 praesentius
1247 1982 1426 2015 efficimus.

206 2032 346 2079 Quodsi
373 2033 479 2065 etiam
505 2031 595 2064 scire
613 2030 711 2074 cupis
734 2029 830 2061 unde
848 2029 1001 2073 primum
1030 2030 1076 2062 sit
1097 2034 1226 2068 ortum,
1253 2030 1352 2074 quod
1378 2029 1559 2063 theriacae

110 2081 314 2125 viperarum
345 2090 467 2112 carnes
500 2078 706 2117 miscentur,
733 2076 801 2108 hoc
826 2077 940 2120 ipsum
967 2087 1010 2108 ex
1034 2081 1120 2108 nota
1143 2076 1248 2119 vulgo
1272 2078 1478 2109 narratione
1505 2077 1558 2110 fa-

112 2128 182 2161 cilo
211 2138 412 2172 cognosces.
442 2125 621 2171 proditum
650 2129 702 2156 est
731 2124 824 2156 enim
855 2123 1048 2156 memoriae
1084 2122 1260 2167 quosdam
1287 2123 1386 2156 iuxta
1411 2125 1559 2157 Romani

110 2181 290 2216 veterem,
316 2186 396 2208 cum
421 2173 556 2207 aestivo
580 2178 742 2216 tempore
769 2170 884 2215 spicas
921 2170 1121 2211 vellerent,
1143 2170 1203 2202 siti
1229 2170 1340 2203 fuisse
1365 2177 1558 2215 correptos.

111 2222 236 2268 itaque
271 2222 453 2255 vasculum
494 2219 540 2253 ad
577 2218 757 2264 quoddam
786 2218 870 2249 vino
906 2217 1053 2262 plenum
1077 2217 1299 2258 cucurrisse,
1326 2217 1425 2264 quod
1452 2229 1494 2251 eo
1521 2229 1559 2251 se

111 2269 207 2302 sitim
231 2269 452 2302 extincturos
483 2272 679 2312 sperarent.
706 2276 828 2298 verum
854 2274 894 2296 ea
919 2275 980 2308 spe
1006 2263 1200 2297 excidisse:
1237 2276 1320 2297 nam
1347 2265 1472 2309 vipera
1498 2277 1559 2298 su-

110 2315 188 2349 bito
217 2316 303 2349 inde
340 2315 530 2361 prosiliens
555 2313 719 2346 homines
745 2312 788 2344 ab
825 2311 990 2344 instituto
1020 2310 1221 2346 revocabat.
1247 2311 1336 2356 quid
1361 2312 1559 2345 secundum

111 2361 199 2396 haec
235 2363 382 2397 evenit?
425 2367 570 2395 sumunt
596 2362 738 2399 vinum,
780 2358 892 2402 idque
925 2357 1063 2391 cuidam
1095 2358 1235 2391 homini
1260 2359 1389 2391 misere
1413 2359 1556 2392 adfecto

110 2411 308 2454 porrigunt,
335 2416 374 2443 ut
399 2409 466 2442 hoc
489 2413 596 2453 epoto
627 2408 732 2440 citius
758 2406 864 2438 tantis
891 2404 1074 2438 doloribus
1098 2405 1325 2445 liberaretur,
1349 2417 1416 2438 nec
1442 2417 1555 2450 usque

112 2456 202 2490 adeo
230 2458 367 2490 tristem
400 2456 554 2501 amplius
587 2455 697 2488 vitam
740 2458 868 2497 ageret.
907 2452 1036 2497 accipit
1073 2453 1236 2486 oblatum
1260 2453 1324 2485 ille
1349 2454 1493 2493 vinum,
1520 2458 1556 2485 et

112 2514 190 2536 cum
214 2505 399 2550 voluptate
419 2503 591 2536 exhaurit.
610 2513 693 2534 mox
717 2511 792 2532 sese
820 2498 944 2531 morbo
969 2498 1115 2532 liberari
1139 2499 1403 2534 animadvertit.
1429 2510 1557 2543 quam-

113 2549 234 2583 obrem
260 2551 304 2584 ab
330 2552 394 2584 5110
429 2557 592 2594 tempore
621 2558 743 2581 carnes
767 2546 950 2590 viperinae
973 2544 1059 2578 huic
1083 2546 1274 2591 pharmaco
1298 2546 1439 2578 misceri
1469 2557 1556 2578 con-

113 2605 322 2638 sueverunt,
352 2598 407 2630 cui
435 2597 614 2630 theriacae
637 2606 768 2627 nomen
789 2593 911 2626 datum
939 2598 992 2626 est
1018 2604 1035 2625 a
1062 2594 1147 2626 feris
1176 2600 1284 2638 atque
1310 2593 1447 2634 hestiis,
1473 2594 1556 2637 qui-

112 2643 179 2676 bus
205 2645 249 2678 ad
275 2656 349 2677 eam
379 2642 636 2677 conficiendam
675 2642 817 2674 utimur.
847 2645 884 2672 et
907 2638 1076 2673 conducit
1099 2641 1137 2673 in
1160 2641 1281 2685 primis
1307 2639 1353 2671 ad
1377 2639 1555 2672 sanandos

112 2696 316 2734 serpentum
343 2703 487 2724 morsus.
514 2695 638 2722 auctor
665 2688 802 2721 inventi
828 2687 991 2730 princeps
1010 2687 1121 2720 fuisse
1145 2687 1258 2720 fertur
1287 2685 1555 2722 Andromaehus

112 2738 280 2782 qnidam,
304 2743 344 2771 ut
372 2738 528 2771 Galenus
556 2736 718 2780 scripsit,
744 2735 804 2779 qui
833 2734 984 2766 Neronis
1010 2739 1126 2766 aetate
1150 2735 1252 2769 vixit.

200 2813 343 2855 Glycas.
1279 2807 1299 2836 ὃ
