1826 3120
266 188 295 221 2
307 188 335 220 2
705 181 991 222 MICHAELIS
1034 178 1250 220 GLYCAE

222 284 352 328 Cu‘av
380 282 704 340 μνημονεύωμεν
722 313 734 334 ‚
766 280 822 329 ὥς
851 280 871 322 ὅ
903 284 1034 335 με’γας
1064 282 1172 336 φησί
1201 283 1447 334 Βασίλειος,
1483 280 1554 323 διὰ
1581 283 1702 324 τοῦτο

253 350 477 407 προσεφύη
511 351 569 405 τῷ
615 348 728 404 ῥόδῳ
768 347 793 401 ἧ
838 342 1017 388 ἄκανθα.
1083 345 1265 402 πρόσεχε
1306 342 1390 388 οὖν.
1467 348 1508 389 εἰ
1530 345 1589 401 μή
1619 345 1700 400 γάρ

256 414 432 472 ἤκουσεν
460 414 484 457 0‘
524 412 662 467 Ἀδάμ
698 412 1034 468 ,,ἑπικατάρατος
1065 412 1090 469 ἦ
1124 415 1179 467 γῆ
1217 414 1263 454 ἐν
1296 418 1381 463 τοῖς
1411 412 1546 469 ἔργοις
1571 428 1648 454 σου
1662 414 1703 464 ,”

255 482 367 536 τάχα
398 478 450 524 ἂν
478 482 505 535 ἦ
531 482 584 535 γῆ
614 479 687 521 καί
712 474 842 529 αὖθις
858 477 973 535 φυτὰ
1005 481 1182 535 παρεῖχέ
1209 494 1276 521 σοι
1303 477 1578 535 ἔγκαρπαμὴ
1610 478 1702 521 δεό-

253 565 360 601 μενα
387 546 546 603 χρόνου
588 545 693 600 πρὸς
737 540 925 600 αὔξησιν.
981 543 1070 587 τότε
1112 547 1191 598 μὲν
1217 546 1322 600 γάρ,
1349 543 1430 601 πρὸ
1457 547 1533 600 τῆς
1562 543 1739 599 παρα-5

253 616 413 667 βάσεως
442 612 654 667 δηλονότι,
693 611 751 660 ὥς
783 610 806 652 ὅ
834 613 966 665 μέγας
1002 613 1110 667 φησί
1149 610 1399 664 Βασίλειος,
1429 612 1474 654 ἐν
1501 611 1702 668 α’κοιριοιίᾳ

251 678 409 733 χρόνον
438 678 548 734 ῥοπῇ
590 675 671 719 <ind
702 679 774 733 τῆς
810 677 1078 733 βλαστήσεως
1118 679 1332 732 α’ρξαμένη
1357 677 1384 732 ἦ
1412 678 1466 732 γῆ
1481 711 1493 730 ,
1522 677 1591 718 ἵνα
1618 692 1702 731 φυ-

252 743 351 800 λάξῃ
374 743 471 792 τοὺς
501 739 656 796 νόμους
681 745 761 784 τοῦ
787 743 1015 795 κτίσαντος,
1044 743 1186 785 πᾶσαν
1211 744 1331 786 ἰδεάν
1356 740 1566 798 αόξήσεως
1593 742 1702 792 διεξ-

252 811 468 860 ελθοῦσα,
506 806 640 858 εὕθὺς
669 806 775 864 πρὸς
813 807 858 850 τὸ
887 810 1043 850 τέλειον
1075 803 1206 863 ἤγαγε
1232 808 1285 851 τοὶ
1314 805 1602 864 βλαστήματα.
1630 805 1704 848 καί

251 878 452 928 λειμῶνες
477 875 554 928 μὲν
586 872 667 929 γάρ
699 870 808 930 ἦσαν
834 877 983 928 βαθεῖς
1010 875 1060 933 τῇ
1087 875 1275 933 α’φθονίᾳ
1301 875 1378 917 τοῦ
1401 873 1590 929 χόρτου,
1617 875 1701 916 τῶν
1717 886 1765 913 10

252 943 300 983 δὲ
327 941 482 983 πεδίων
509 939 561 982 τὰ
598 935 790 996 εὔκαρποι
826 939 1028 997 βρίθοντα
1054 946 1140 990 τοῖς
1169 942 1301 995 ληΐοις
1327 937 1469 983 εἰκόνα
1495 939 1701 995 πελάγους

206 1005 521 1060 Βκυμαίνοντος
549 1008 591 1048 ἐν
621 1008 674 1064 τῇ
702 1006 859 1062 κινήσει
887 1008 970 1049 τῶν
993 1004 1220 1062 ἀσταχύων
1246 1004 1449 1058 ἆπὲσωζε.
1503 1008 1579 1048 καί
1601 1009 1700 1048 ταῦ-

247 1091 299 1116 τα
323 1076 425 1126 με’ν,
464 1071 588 1128 ἡνίκα
631 1071 771 1127 ἔλεγεν
815 1073 838 1113 ὁ
883 1071 984 1122 θεὸς
1028 1071 1332 1128 ,,βλαστησάτω
1371 1070 1398 1127 ἧ
1438 1073 1491 1127 γῆ
1517 1069 1700 1127 βοτάνην

246 1137 442 1194 χόρτου·”
480 1138 656 1194 ὁπηνίκα
688 1140 734 1181 δὲ
758 1140 999 1194 προσετίθει
1033 1141 1136 1193 „nai
1163 1137 1286 1191 ’ξύλον
1315 1138 1526 1195 κάρπιμον
1553 1139 1703 1180 ποιοῦν

247 1203 433 1261 καρπόν,
464 1201 518 1246 οὗ
542 1203 590 1247 τὸ
623 1206 791 1262 σπέρμα
812 1204 950 1247 αὐτοῦ
970 1206 1014 1247 ἐν
1046 1206 1187 1262 αὐτῷ,
1217 1205 1323 1248 κατὰ
1354 1206 1470 1259 γένος
1495 1204 1570 1248 καί
1598 1202 1764 1246 καθἰὄ

249 1271 474 1326 ὁμοιότητα
486 1304 499 1325 ‚
535 1269 607 1313 ἐπὶ
643 1273 716 1326 τῆς
746 1274 874 1326 γῆς,”
911 1271 1002 1313 τότε
1031 1271 1082 1326 δὴ
1125 1269 1221 1314 τότε
1257 1273 1392 1313 πᾶσαι
1433 1273 1512 1324 μὲν
1540 1269 1700 1324 λόχμαι

248 1340 600 1388 κατεπυκνοῢντο,
639 1337 776 1379 πάντα
814 1338 862 1378 δὲ
903 1339 1102 1392 α’νέτρεχε
1143 1338 1326 1393 δένδρα,
1362 1336 1509 1380 ἐλάται
1535 1338 1608 1379 καί
1633 1338 1700 1378 κέ-

249 1405 345 1458 δροι
372 1405 530 1446 πεῦκαί
552 1419 596 1446 τε
625 1405 698 1445 καί
723 1401 1004 1458 κυπάρισσοι,
1034 1405 1107 1445 καί
1133 1399 1210 1446 ὅσα
1237 1406 1437 1456 τοιαῦτα,
1483 1404 1533 1445 αἳ
1553 1417 1598 1444 τε
1626 1400 1710 1458 (io-¹

247 1471 399 1511 δωνιαί
426 1471 500 1512 καί
538 1472 740 1526 μυρσίναι
777 1467 851 1510 καί
877 1466 1067 1524 δάφναι,
1111 1468 1244 1511 πάντα
1273 1471 1317 1510 ἑν
1344 1470 1422 1526 μιᾷ
1449 1470 1600 1524 καιροῦ
1628 1466 1700 1524 ῥο-

243 1537 322 1591 πῇ,
353 1536 429 1576 οὐκ
473 1530 573 1577 ὄντα
621 1534 854 1590 πρότερον,
883 1536 942 1582 εἰς
969 1534 1013 1576 τὸ
1045 1531 1153 1577 εἶναι
1180 1535 1382 1591 παρήχθη
1407 1533 1515 1588 μετὰ
1540 1536 1616 1590 τῆς
1639 1535 1699 1576 οἶ-
1711 1547 1762 1574 20

245 1603 360 1650 κειάς
393 1598 571 1642 ἑκάστου
601 1597 824 1655 ἰδιότητος.
1769 1604 1772 1606 ’

358 1665 438 1722 Μὴ
466 1665 666 1720 θαύμαζε
699 1668 745 1708 δὲ
776 1665 892 1716 εἴπερ
924 1667 969 1708 αἱ
1005 1665 1180 1720 βοτάναι
1210 1668 1344 1709 πᾶσαι
1374 1666 1448 1708 οὔκ
1478 1665 1696 1719 ἐδώδιμοι.

245 1732 294 1775 τὰ
322 1731 401 1788 γάρ
433 1730 493 1787 μη
522 1731 833 1788 χρησιμεύοντα
860 1734 918 1790 τῷ
951 1730 1162 1790 ἀνθρώπῳ
1192 1732 1382 1789 χρήσιμά
1414 1733 1503 1774 ε’στι
1530 1736 1614 1781 τοῖς
1643 1733 1699 1774 δι’

143 1812 175 1844 P.
195 1796 372 1843 ιιιαῦτόν
398 1799 683 1854 γεγενημένοις
710 1796 840 1856 ζῴοις.
875 1800 915 1841 εἰ
941 1800 989 1841 δὲ
1018 1801 1091 1841 καί
1119 1796 1349 1855 δηλητήρια
1380 1796 1596 1854 πρόσεισιν
1624 1794 1700 1840 αὖ·

245 1971 353 2004 velim
377 1970 458 2003 heic
483 1969 571 2002 mihi
595 1970 873 2011 animadvertas,
902 1969 1002 2015 quod
1028 1970 1098 2002 nisi
1122 1968 1277 2003 Adamas
1305 1968 1466 2002 audisset
1489 1968 1696 2011 „infelicem

244 2019 300 2050 tui
325 2018 467 2050 labores
503 2022 634 2050 terram
668 2017 938 2061 experiantur,''
969 2016 1120 2050 fortasse
1145 2015 1314 2060 deinceps
1338 2026 1484 2061 quoque
1509 2015 1697 2060 frugiferas

245 2064 350 2097 nobis
373 2065 516 2108 plantas
541 2063 784 2109 produxisset,
809 2063 854 2096 ad
879 2064 1141 2097 incrementum
1172 2063 1227 2096 sui
1250 2063 1351 2095 nullo
1379 2063 1550 2107 temporis
1579 2063 1696 2107 spatio

245 2111 463 2154 indigentes,
511 2122 593 2143 nam
629 2116 712 2144 ante
746 2111 915 2156 lapsum,
949 2116 990 2144 ut
1017 2110 1115 2143 idem
1145 2109 1300 2143 Basilius
1332 2110 1477 2154 inquit,
1509 2115 1696 2144 momento

244 2158 416 2202 temporis
441 2168 460 2190 a
489 2158 748 2201 germinatione
765 2158 888 2200 tellus,
912 2163 954 2192 ut
977 2157 1117 2202 legibus
1143 2156 1278 2202 opificis
1301 2162 1454 2201 pareret,
1478 2157 1604 2202 quavis
1630 2168 1697 2190 au-

244 2203 411 2248 gescendi
444 2205 564 2248 specie
600 2204 789 2247 absoluta,
830 2215 916 2239 mox
950 2205 1085 2238 fructus
1117 2210 1275 2238 maturos
1316 2202 1533 2248 proferebat.
1572 2204 1697 2250 itaque

243 2257 344 2296 prata
373 2252 519 2296 copioso
547 2252 695 2298 altoque
723 2253 883 2297 gramine
923 2251 1177 2292 abundabant,
1204 2256 1241 2283 et
1265 2251 1380 2295 campi
1406 2250 1570 2294 frugiferi
1594 2261 1697 2295 sege-

244 2298 342 2331 tibus
366 2299 503 2331 onerati
531 2300 639 2332 motis
683 2310 804 2333 earum
828 2299 955 2333 culmis
974 2299 1164 2343 imaginem
1191 2297 1401 2330 fluctuantis
1417 2297 1537 2343 pelagi
1562 2298 1697 2330 refere-

243 2345 343 2378 bant.
374 2350 410 2378 et
434 2344 522 2378 haec
547 2346 693 2391 quidem
722 2352 800 2380 orta
825 2352 921 2388 sunt,
947 2357 1027 2380 cum
1050 2345 1187 2378 diceret
1212 2344 1300 2377 deus
1322 2344 1429 2388 (Gen.
1462 2356 1473 2378 ι
1509 2344 1562 2391 11)
1588 2343 1696 2386 „edat

245 2392 374 2424 humus
400 2393 595 2436 gramineas
621 2393 786 2426 herbas.''
804 2404 929 2427 verum
942 2398 1177 2438 posteaquam
1202 2391 1334 2424 adiecit
1359 2396 1422 2433 „et
1447 2391 1591 2424 arbores
1619 2390 1696 2423 fru-

243 2439 407 2479 ctiferas,
434 2450 527 2484 quae
553 2451 617 2473 suo
644 2451 811 2486 quaeque
836 2441 875 2473 in
897 2450 1026 2485 genere
1050 2449 1171 2472 semen
1189 2449 1292 2470 suum
1316 2439 1353 2470 in
1376 2438 1481 2471 terris
1504 2436 1695 2478 habeant,”

242 2491 318 2518 tum
347 2497 430 2519 vero
470 2486 545 2518 luci
571 2487 815 2521 densabantur
848 2492 885 2520 et
909 2487 1053 2532 quaevis
1089 2484 1233 2518 arbores
1273 2484 1505 2526 oriebantur,
1535 2484 1695 2525 abietes,

242 2533 366 2571 cedri,
401 2533 528 2577 pinus,
577 2535 757 2579 cupressi,
802 2539 977 2567 caeterae.
1013 2537 1199 2578 praeterea
1233 2542 1391 2565 rosarum
1423 2536 1694 2576 myrtorumque

242 2578 389 2611 frutices
405 2606 413 2619 ‚
439 2591 479 2612 ac
505 2580 596 2613 lauri
621 2593 692 2614 uno
722 2582 891 2626 temporis
916 2584 1096 2613 momento
1128 2577 1326 2624 productae
1350 2582 1456 2618 sunt,
1480 2578 1553 2611 suis
1580 2588 1694 2624 quae-

242 2625 335 2658 lihet
360 2637 438 2658 cum
463 2628 764 2672 proprietatibus,
795 2639 874 2661 cum
900 2632 1005 2661 antea
1028 2637 1100 2662 non
1130 2625 1335 2659 existerent.

329 2671 405 2705 Nee
429 2674 558 2706 mirum
600 2675 668 2708 tibi
701 2675 815 2708 videri
842 2674 953 2708 debet
977 2685 1050 2707 non
1075 2683 1199 2707 omnes
1221 2671 1353 2705 herbas
1379 2671 1579 2705 esculentas
1603 2681 1692 2704 esse.

241 2729 324 2751 nam
348 2719 377 2751 si
404 2729 496 2764 quae
539 2720 675 2754 homiui
708 2721 862 2755 maxime
887 2733 959 2754 non
997 2725 1080 2754 sunt
1107 2719 1210 2760 usui,
1238 2718 1477 2753 nihilominus
1505 2718 1587 2752 aliis
1612 2717 1692 2752 ani.-

241 2765 420 2799 mantibus
454 2766 682 2810 conducunt,
725 2779 818 2815 quae
853 2773 1000 2814 propter
1034 2766 1216 2803 homiuem
1269 2765 1415 2803 condita
1453 2770 1546 2802 sunt-
1581 2762 1688 2802 aeid
