1826 3120
253 149 369 216 444
695 160 983 204 micHAssms
1024 160 1237 203 GLYCAE

250 272 352 311 λῶνι
382 266 455 309 κατ’
477 264 550 320 τήν
580 263 651 305 ὑπ’
673 261 891 316 Ἀντιόχου
919 265 994 304 τοῦ
1019 262 1261 319 ἐπιφανοῦς.
1313 259 1401 303 ἀλλ’
1427 261 1684 310 ἕπὶ·τοῦτοις

250 336 322 375 καί
343 331 388 374 αἱ
430 328 717 384 αἰχμαλωσίαι
757 326 1086 383 προηγορεύοντο
1126 329 1198 369 καί
1227 326 1252 382 ἦ
1285 325 1501 381 ἐπάνοδος,
1538 329 1613 370 ἐπὶ
1635 328 1683 368 δὲ

250 401 326 452 τῆς
358 394 535 450 ἐσχάτης
566 394 858 448 αἰχμαλωσίας
898 397 1020 436 τοῦτο
1047 394 1098 435 οὔ
1124 394 1276 447 γέγονε.
1332 391 1404 434 καί
1430 389 1513 447 ὅρα.
1535 391 1591 436 τὰ,
1609 394 1686 434 τοῦ,

211 461 457 517 (ῙἸωσήπου
487 461 743 516 φιλάληθες·
813 456 876 501 ὅτι
901 462 978 513 μὲν
1004 457 1082 514 γάρ
1111 456 1193 500 {md
1218 457 1437 511 Ῥωμαίων
1464 457 1682 514 ἐρημωθή-

250 544 366 570 σεται
392 526 443 569 τοὶ
468 526 772 582 Ἱεροσόλυμα,
814 524 996 583 ἔγραφε,
1038 524 1238 579 παράγων
1277 526 1349 566 καί
1374 522 1443 566 τὸν
1468 521 1718 580 προφὴέηκό

247 591 406 647 Δανιὴλ
433 592 627 672 μάρτυρα
658 594 734 633 τοῦ
762 591 887 646 λόγου
918 591 1075 645 αὐτοῦ,
1107 587 1174 632 ὅτι
1199 591 1245 632 δὲ
1261 589 1454 645 στήσεται
1482 592 1558 645 τῆς
1587 591 1688 644 ἐρη-

247 660 443 712 μώσεως,
474 658 549 699 οῦκ
571 656 784 714 ἔγραφεν,
821 659 913 700 ἐπει
947 658 1055 711 μηδὲ
1081 655 1152 698 τὸν
1179 653 1397 734 προφήτην
1423 650 1523 712 ευρε
1545 656 1687 698 ποιοῦ*

245 724 318 766 τόν
347 741 387 766 τι
417 722 683 779 προειπόντα.
739 739 809 765 και
833 722 933 776 περὶ
959 724 1038 775 μὲν
1067 722 1227 764 τούτων
1253 718 1401 770 οὕτως.

355 788 482 832 Μετα
510 791 556 831 δὲ
574 791 755 844 Νέρωνα
784 794 931 844 κρατεῖ
951 785 1121 841 Γάλβας
1148 788 1280 842 μῆνας
1307 785 1337 837 ζ’
1339 819 1352 840 ,
1379 800 1482 839 μετα
1512 786 1559 828 δὲ
1574 785 1615 827 Γ
1610 783 1685 827 αλ-

244 860 325 910 βαν
345 851 487 899 Ὄθων
528 857 665 910 μῆνας
702 853 757 909 γ’,
800 871 908 908 μετα
959 856 1006 896 δὲ
1050 857 1194 896 τοῦτον
1229 855 1448 902 Βιτέλλιος
1473 853 1608 907 μῆνας
1633 863 1686 906 η
1702 866 1749 895 ιο

246 916 363 971 οὗτος
402 921 650 978 κηρύγματα
694 927 779 969 τοῖς
818 921 1119 976 ἆστρολέσχαις
1161 920 1398 974 προτὲθεικε
1445 915 1617 974 φεύγειν
1643 917 1689 968 ἐξ

202 990 431 1036 ΒῚταλίας.
487 985 526 1028 οἱ
559 988 594 1028 ‹5’
624 986 1008 1041 ἄντιπροτεθεύιασι
1036 987 1197 1041 ,,φεῦγε
1224 986 1301 1026 τοῦ
1326 982 1445 1038 βίον,
1474 984 1687 1037 Καῖσαρ,”

243 1054 317 1096 καί
342 1053 418 1108 τήν
445 1053 606 1106 ἡμέραν
626 1051 758 1107 αὐτὴν
785 1054 881 1093 καθ’
911 1049 964 1106 ἢν
992 1051 1268 1104 οἷποκτανθείη
1297 1046 1547 1104 γράψαντες,
1577 1048 1684 1101 μετὰ

245 1121 292 1161 δὲ
321 1122 465 1161 τοῦτον
497 1116 813 1166 Οὐεσπασιανὸς
839 1115 909 1171 ἔτη
941 1115 1002 1170 θ’,
1039 1116 1112 1158 καί
1135 1113 1242 1168 μετὰ
1264 1117 1407 1156 τοῦτον
1431 1113 1453 1155 ὅ
1482 1112 1577 1163 υἱὸς
1605 1112 1686 1155 αὖ·

243 1187 320 1227 τοῦ
343 1189 464 1234 Τῖτος
489 1182 561 1239 ἔτη
590 1183 641 1237 β’,
670 1185 741 1238 ἐφ’
770 1178 821 1224 οὗ
847 1183 919 1224 καί
942 1180 968 1236 ἦ
998 1183 1080 1224 τῶν
1106 1180 1319 1225 Ἰουδαίων
1348 1176 1504 1229 ἅλωσις
1528 1180 1683 1234 γέγονε.
1701 1180 1749 1222 15

246 1248 400 1304 ταύτης
429 1252 506 1302 μὲν
535 1251 698 1304 πρῶτος
731 1245 1046 1296 Οὐεσπασιανὸς
1085 1246 1341 1302 κατήρξατο·
1398 1247 1486 1287 ἀλλ’
1527 1246 1688 1287 ἐκεῖθεν

112 1325 155 1358 V.
175 1324 234 1358 185
247 1314 414 1370 ἀπάρας
441 1313 546 1369 πρὸς
563 1312 727 1370 Ῥώμην
748 1314 884 1369 α’φῆκε
903 1311 976 1356 τὸν
1005 1309 1296 1367 γενναιότατον
1323 1314 1444 1354 Τῖτον
1463 1308 1539 1365 τήν
1565 1308 1694 1353 πόλιν

246 1386 492 1435 πολιορκεῖν.
563 1375 683 1429 οὗτος
726 1381 772 1421 δὲ
801 1378 824 1420 ὅ
858 1383 977 1428 Τῖτος
1004 1379 1203 1421 τοσοῦτον
1226 1373 1277 1432 ἧν
1304 1375 1552 1430 θαυμαστὸς
1579 1372 1693 1421 ὥστε,

246 1449 320 1489 καί
344 1449 555 1502 θρηνῆσαι
590 1447 659 1488 διὰ
698 1445 774 1501 τήν
801 1444 904 1488 κατὰ
933 1447 1014 1487 τῶν
1050 1444 1271 1488 Ἰουδαίων
1296 1442 1502 1499 θεήλατον
1530 1440 1684 1497 ὀργήν,

247 1513 320 1555 καί
345 1516 506 1566 μᾶλλον
536 1512 655 1567 ἡνίκα
685 1512 754 1554 τὸν
782 1512 884 1554 ναόν
922 1509 1037 1566 ἐώρα
1066 1508 1421 1564 πυρπολούμενον.
1478 1504 1586 1562 ἄλλα
1613 1509 1749 1551 :caino

122 1588 157 1622 Ρ.
171 1587 238 1633 239
249 1581 325 1622 τοῦ
348 1580 453 1621 θεοῦ
483 1578 675 1632 δεόμενος
704 1576 840 1631 ἔλεγεν
886 1578 992 1629 ,,ου’κ
1020 1574 1100 1630 ἐγώ
1130 1573 1237 1617 α’λλοὶ
1266 1574 1319 1617 σύ
1345 1573 1492 1617 τούτου
1520 1571 1685 1623 αἴτιος.”

248 1802 446 1843 Antiocho,
481 1804 537 1835 cui
572 1813 768 1847 cognomen
792 1802 945 1835 Illustris
981 1807 1067 1835 erat.
1092 1812 1213 1835 verum
1243 1806 1280 1835 et
1304 1802 1489 1847 captivitas
1514 1806 1552 1834 et
1573 1803 1685 1835 servi-

250 1857 346 1884 tutes
386 1851 476 1883 istae
513 1849 718 1894 praedictae
763 1849 849 1894 ipsis
888 1848 1047 1890 fuerant,
1088 1849 1362 1903 promissusque
1390 1848 1536 1882 reditus.
1566 1853 1604 1882 at
1638 1848 1685 1882 do

252 1897 470 1942 captivitatis
495 1895 603 1929 huius
643 1897 791 1929 ultimae
826 1896 1042 1929 liberatione
1068 1896 1279 1940 promissum
1305 1895 1397 1928 nihil
1421 1895 1501 1929 fuit
1523 1895 1562 1928 in
1587 1895 1686 1928 Iose-

252 1945 325 1989 pho
362 1949 458 1977 certe
497 1943 657 1976 veritatis
685 1942 843 1976 studium
885 1943 967 1975 heic
1012 1953 1156 1987 quoque
1189 1941 1484 1976 considerandum
1513 1947 1576 1975 est.
1603 1953 1685 1975 nam

253 1990 354 2036 quod
379 1991 526 2023 Romani
551 1990 708 2023 eversuri
736 1995 856 2023 essent
878 1989 1161 2033 Hierosolymam
1187 1990 1337 2034 scripsit,
1359 1989 1504 2022 Danieli
1525 1988 1615 2022 vatis
1642 2000 1685 2022 ea

254 2039 299 2070 de
318 2049 355 2070 re
371 2037 615 2071 testimouium
634 2037 841 2082 proferens:
868 2036 966 2081 quod
991 2042 1108 2069 autem
1123 2036 1220 2069 illius
1237 2036 1470 2068 desolationis
1489 2035 1691 2081 aliquando*

254 2085 335 2117 finis
357 2085 497 2117 futurus
523 2089 631 2124 esset,
659 2094 733 2116 non
755 2084 915 2128 scripsit,
951 2082 1094 2128 quando
1117 2088 1233 2116 vatem
1255 2082 1347 2115 nihil
1374 2081 1551 2115 eiusmodi
1577 2093 1685 2128 prae-

254 2131 384 2165 dixisse
409 2131 621 2175 reperiebat.
648 2141 688 2163 ac
711 2130 755 2163 de
780 2130 836 2163 his
868 2130 1014 2175 quidem
1039 2131 1076 2162 in
1101 2129 1196 2162 hunc
1219 2129 1364 2163 modum
1388 2128 1524 2162 dictum
1549 2134 1638 2164 esto.

343 2179 425 2211 Post
448 2178 626 2210 Neronem
665 2177 781 2211 Galba
814 2188 931 2210 rerum
965 2177 1102 2221 potitus
1144 2181 1198 2209 est
1233 2187 1370 2209 menses
1411 2181 1576 2221 septem,
1602 2180 1686 2223 post

254 2224 406 2259 Galbam
431 2223 525 2256 Otho
549 2235 688 2257 menses
711 2230 804 2265 tres,
829 2229 910 2269 post
945 2224 1124 2257 Othonem
1150 2223 1320 2255 Vitellius
1342 2234 1481 2256 menses
1505 2229 1596 2257 octo.
1625 2221 1686 2255 hic

255 2272 381 2305 edictis
412 2271 605 2315 propositis
643 2270 749 2304 Italia
786 2271 892 2304 iussit
932 2270 1127 2310 excedere,
1162 2274 1342 2314 quotquot
1366 2281 1410 2302 ex
1438 2271 1540 2303 astris
1562 2270 1685 2303 futura

254 2330 294 2352 se
317 2317 559 2363 praedicturos
588 2318 770 2362 garrirent.
793 2324 831 2351 at
856 2317 913 2350 illi
940 2317 1093 2351 vicissim
1117 2316 1206 2349 haec
1230 2316 1340 2350 verba
1365 2316 1516 2361 legenda
1539 2316 1685 2362 publice

254 2369 519 2411 proposuerunt
558 2364 714 2405 „excede
738 2365 810 2398 vita
835 2364 995 2400 Caesar.'’
1033 2364 1227 2409 quinetiam
1252 2362 1347 2396 diem
1369 2364 1504 2408 ipsum,
1527 2374 1599 2408 quo
1625 2363 1685 2396 in-

254 2411 483 2445 terficiendus
506 2417 622 2452 esset,
661 2411 934 2456 adscripserunt.
973 2411 1139 2444 successit
1173 2411 1206 2443 ei
1227 2410 1489 2455 Vespasianus,
1517 2410 1581 2455 qui
1603 2419 1684 2445 cum

255 2459 358 2492 anuis
381 2472 404 2504 9
438 2463 626 2501 regnasset,
662 2458 851 2503 imperium
873 2458 956 2491 Tito
981 2458 1056 2492 filio
1081 2456 1237 2502 reliquit.
1274 2458 1304 2490 is
1331 2468 1442 2490 annos
1467 2456 1554 2490 duos
1578 2467 1684 2502 prae-

255 2506 333 2539 fnit.
359 2505 426 2538 sub
452 2503 577 2537 eodem
595 2503 807 2538 Iudaeorum
831 2505 928 2538 natio
953 2505 992 2537 in
1015 2509 1231 2549 potestatem
1255 2503 1399 2538 redacta
1424 2509 1486 2537 est.
1513 2507 1684 2548 coeperat

257 2563 317 2584 eos
340 2551 580 2596 Vespasianus
611 2551 792 2593 obsidere,
826 2563 949 2585 verum
978 2550 1161 2596 profectus
1186 2550 1271 2584 inde
1294 2562 1373 2584 cum
1400 2550 1511 2595 copiis
1536 2551 1683 2584 Romam

254 2599 375 2631 Titum
406 2599 541 2639 filiurn,
573 2598 687 2631 virum
728 2599 983 2640 fortissimum,
1024 2597 1069 2630 ad
1096 2597 1192 2631 urbis
1215 2597 1437 2630 obsidionem
1461 2597 1619 2642 reliquit..
1643 2597 1683 2631 in

257 2655 300 2677 eo
334 2651 406 2678 tam
440 2644 646 2678 admiranda
682 2644 792 2678 virtus
830 2651 925 2686 erat,
966 2650 1006 2678 ut
1037 2650 1186 2690 propter
1208 2643 1422 2677 Iudaeorum
1459 2643 1686 2678 calamitates·

258 2690 429 2724 divinitus
456 2692 628 2725 immissas
647 2692 755 2724 etiam
781 2692 950 2736 ploraret,
974 2692 1183 2736 praesertim
1209 2691 1247 2724 id
1271 2691 1437 2736 temporis
1460 2702 1539 2724 eum
1561 2688 1690 2733 ignemv

257 2737 391 2782 templo
418 2738 588 2773 iniectum
618 2743 786 2773 cerneret.
824 2739 1007 2783 praeterea
1037 2737 1142 2772 deum
1173 2737 1359 2772 obsecrans
1396 2749 1490 2780 „non
1514 2738 1601 2781 ego’¹
1625 2737 1687 2771 ἑτι-ι’
