1826 3120
228 147 245 182 1
262 128 332 182 26
559 123 566 133 '
657 144 939 186 MlcuAEms
982 142 1201 186 GLYCAE

318 243 498 299 Ὄντως,
540 245 745 299 οἷγαπητέ,
784 243 830 286 τὸ
860 243 958 293 ἔθος
986 244 1117 300 φύσις
1144 244 1219 285 ἐπί
1236 257 1321 285 τισι
1351 246 1522 299 γίνεται.
1577 241 1658 300 ὅρα

193 309 299 367 «γὰρ
329 309 392 354 ὅτι
422 310 471 353 τὰ
489 308 658 364 Λιβυκοὶ
687 313 821 366 θηρία
851 314 931 351 τοῦ
959 312 1037 364 μὲν
1063 313 1217 365 θέρους
1244 306 1296 350 οὔ
1325 311 1446 373 πίνει,
1474 307 1545 353 ὅτε
1573 308 1660 364 μά-

218 382 341 420 λιστα
384 380 490 429 δίψα
530 378 709 430 γίνεται,
743 380 950 430 χειμῶνος
991 378 1037 418 δὲ
1067 377 1288 430 πίνουσιν,
1318 371 1416 418 ὅταν
1442 371 1566 432 ,ἦττον
1593 378 1659 418 δι-

219 445 350 494 ψῶσι.
417 445 538 483 τοῦτο
584 443 630 483 δὲ
655 444 814 494 γίνεται
841 441 1003 491 πάντως
1037 440 1108 484 διὰ
1141 439 1184 484 τό
1214 440 1272 495 μή
1301 442 1496 495 γίνεσθαι
1519 440 1655 488 ,ὕδατα

215 512 367 563 θέρους
405 510 449 550 ἐν
476 510 530 563 τῇ
557 507 716 565 Λιβύῃ,
787 511 863 550 τοῦ
890 510 934 551 δὲ
961 509 1166 562 χειμῶνος
1195 505 1265 548 διὰ
1293 505 1338 549 τὸ
1369 505 1562 562 γίνεσθαι
1585 509 1693 554 ντί-5

179 583 292 616 Βνει.
353 572 378 614 ὃ
404 576 505 628 γοῦν
533 575 665 615 ἐκεῖσε
703 572 910 627 εἴθισται,
939 576 1062 616 τοῦτο
1103 575 1176 615 καί
1202 575 1247 616 ἐν
1275 569 1416 623 ἄλλοις
1442 573 1580 624 τόποις-
1603 573 1654 616 τὰ

217 642 304 690 ζῶα
330 642 464 681 ταῦτα
496 637 813 695 παραγενόμενα
840 639 966 692 σώζει
995 638 1041 682 τὸ
1067 638 1179 690 ἔθος.
1238 638 1312 682 καί
1336 640 1436 695 περί
1459 640 1539 693 μὲν
1561 637 1675 694 ‘cmi--

213 722 294 746 των
325 702 468 754 οὕτως.

325 770 453 812 Mercu
493 773 538 814 δὲ
563 774 723 825 ταῦτα,
763 766 891 826 ἤγουν
925 769 1028 824 μετὰ
1066 768 1141 827 τὴν
1181 771 1262 812 τῶν
1281 772 1495 825 χερσαίων
1520 787 1675 828 παρῶ»

212 838 372 891 γωγην,
403 835 573 880 πλάττει
596 838 668 880 τὸν
698 834 925 893 ἄνθρωπον
954 837 976 879 ὅ
1006 837 1129 890 θεὸς,
1159 837 1232 879 καί
1258 837 1425 892 τίθησιν
1456 835 1590 881 αὐτὸν
1613 839 1663 881 ἓν
1675 855 1737 882 ω’

211 906 268 958 τῷ
296 905 557 960 παραδείσῳ.
632 901 738 946 οἷλλοὶ
769 900 988 946 κάνταῦθα
1021 902 1234 957 πρόσχες,
1263 902 1459 958 ἆγαπητὲ.
1516 905 1557 946 εἰ
1575 904 1665 960 γάρ,

213 970 284 1010 καί
309 970 482 1022 λέγουσί
503 985 610 1018 τινες
655 966 719 1011 ὅτι
745 968 849 1022 μετὰ
878 968 953 1023 τὴν
982 966 1166 1023 ἑβδόμην
1194 966 1329 1010 ἔκτισε
1357 962 1430 1011 τόν
1453 969 1660 1023 παράδει-

214 1050 290 1076 σον
321 1031 341 1075 ὃ
374 1032 494 1088 θεός,
518 1037 570 1091 τῇ
598 1037 815 1092 ,Μωσαϊκῇ
859 1036 989 1089 δῆθεν
1014 1034 1176 1091 ἱστορίᾳ
1203 1032 1419 1089 ἑπόμενοι,
1449 1033 1556 1077 α’λλοὶ
1585 1051 1659 1077 πε-

213 1099 444 1154 πλάνηνται
489 1103 718 1157 προφανῶς
759 1099 833 1142 ὅτε
870 1100 919 1156 δή
951 1102 1260 1156 παροδευτικῶς
1289 1099 1563 1155 ἐπερχόμενοι
1588 1104 1663 1144 κατ’

176 1168 289 1207 Οούκ
321 1169 592 1222 ἐρευνητικῶς
617 1165 691 1222 τήν
720 1164 898 1223 γραφήν.
955 1169 1028 1208 καί
1049 1165 1175 1207 ἄκουε
1201 1168 1251 1208 τί
1273 1182 1401 1222 φησιν
1429 1165 1451 1208 ὅ
1479 1167 1658 1223 θεόπτης
1675 1173 1723 1213 15
1756 1199 1760 1201 -

211 1234 381 1287 Μωσῆς
422 1234 523 1285 ,,καί
557 1235 824 1275 συνετέλεσεν
857 1231 879 1272 ὅ
909 1231 1010 1281 θεὸς
1041 1229 1175 1274 πάντα
1210 1227 1290 1274 ὅσα
1318 1231 1510 1287 ἐποίησεν
1536 1234 1582 1275 ἐν
1609 1235 1661 1290 τῇ

213 1298 352 1354 ἡμέρᾳ
393 1300 446 1354 τῇ
490 1300 611 1355 ἕκτῃ·
687 1300 732 1340 ἐν
763 1300 808 1340 δὲ
837 1302 889 1356 τῇ
915 1296 1072 1354 ἑβδόμῃ
1104 1298 1362 1340 κατέπαυσεν
1387 1296 1470 1340 α’πὸ
1495 1297 1665 1341 πάντων

211 1365 296 1405 τῶν
335 1361 467 1416 ἔργων
505 1364 642 1405 αὐτοῦ
681 1359 740 1405 ὧν
776 1360 929 1418 ἤρξατο
967 1365 1136 1405 ποιεῖν.”
1202 1365 1356 1406 ου’κοῧν
1394 1365 1434 1406 εἰ
1458 1361 1564 1417 μετὰ
1587 1362 1662 1420 τὴν

211 1426 395 1484 ἑβδόμην
424 1431 547 1472 ου’δὲν
575 1430 657 1471 ἀπὸ
681 1432 756 1471 τοῦ
783 1430 840 1485 μή
873 1425 989 1480 ὄντος
1019 1431 1078 1478 εἰς
1096 1428 1140 1472 τὸ
1172 1426 1280 1472 εἶναι
1307 1428 1544 1485 παρήγαγε,
1573 1433 1662 1480 πῶς

213 1494 359 1537 λοιπὸν
389 1494 522 1538 ἔκτισε
547 1495 654 1548 μετὰ
684 1496 758 1551 την
786 1493 968 1551 ἑβδόμην
994 1494 1061 1538 τὸν
1087 1494 1342 1551 παράδεισον
1352 1514 1365 1549 ,-
1395 1495 1501 1538 ἔοικε
1524 1498 1602 1549 μὲν
1635 1494 1724 1552 ἧαο

213 1558 357 1617 γραφη
387 1564 520 1615 λέγειν
548 1558 614 1602 ὅτι
645 1560 754 1614 μετὰ
784 1561 860 1616 τὴν
888 1559 1073 1616 ἑβδόμην
1116 1560 1299 1604 ἔκτισται
1326 1560 1347 1604 ὃ
1378 1562 1660 1617 παράδεισος·

215 1628 307 1668 ἀλλ’
350 1628 426 1668 οὐκ
459 1624 546 1681 ἔχει
585 1628 658 1669 καί
681 1626 733 1670 τοὶ
761 1630 840 1669 τοῦ
867 1630 1049 1681 σκοποῦ,
1083 1628 1226 1677 καθώς
1252 1625 1534 1670 ὑποπτεύουσι
1560 1633 1661 1671 πολ-
1697 1652 1701 1656 >

308 1820 399 1854 Nam
424 1820 591 1853 animalia
617 1820 729 1863 mihi,
755 1832 908 1866 quaeso,
933 1822 1064 1866 Libyca
1084 1822 1249 1863 intuere,
1272 1832 1364 1867 quae
1388 1832 1454 1867 per
1474 1826 1658 1865 aestatem,

216 1878 294 1899 cum
319 1868 470 1900 maxime
494 1868 638 1909 sitiunt,
664 1879 683 1900 a
711 1874 800 1913 potu
826 1869 1029 1910 abstinent,
1058 1880 1123 1914 per
1146 1869 1318 1910 hiemem,
1345 1880 1424 1902 cum
1444 1869 1571 1903 sitiunt
1591 1871 1661 1902 mi·-

215 1926 306 1955 nus‚
350 1915 494 1949 hibunt.
525 1914 563 1947 id
597 1925 675 1947 eam
712 1914 758 1948 ob
797 1927 939 1950 causam
976 1917 1122 1949 omnino
1145 1914 1310 1958 accidit,
1335 1915 1433 1960 quod
1457 1915 1571 1960 Libya
1594 1927 1659 1962 per

217 1966 389 1994 aestatem
428 1972 543 2006 aquae
580 1961 721 1995 laboret
761 1962 894 2007 inopia.
918 1968 1140 2008 quapropter
1162 1961 1315 1995 hiberno
1343 1967 1502 2007 tempore
1530 1975 1659 2009 aquam

217 2006 405 2049 hauriunt,
432 2019 513 2040 cum
538 2009 615 2041 eius
646 2009 783 2052 copiam
817 2009 964 2045 habent.
992 2020 1144 2055 cumque
1166 2009 1218 2042 sic
1241 2009 1286 2042 iis
1306 2009 1345 2042 in
1370 2009 1459 2043 locis
1483 2009 1659 2043 adsueve-

218 2054 306 2094 riut‚
333 2056 438 2087 etiam
468 2054 513 2086 ad
540 2055 625 2087 alias
650 2056 812 2100 regiones
839 2056 960 2090 delata
985 2068 1118 2090 morem
1142 2067 1244 2089 suum
1269 2057 1439 2090 retinent.
1465 2068 1508 2090 ac
1532 2056 1576 2090 de
1600 2057 1658 2091 his

217 2100 364 2149 quidem
397 2101 582 2134 hactenus.

310 2147 496 2180 Caeterum
523 2153 606 2191 post
632 2148 838 2181 animalium
871 2150 1093 2183 terrestrium
1117 2149 1332 2183 creationem
1359 2148 1447 2183 deus
1475 2149 1659 2184 homiuem

218 2193 322 2236 fingit
346 2205 387 2226 ac
424 2194 461 2226 in
487 2194 651 2238 paradiso
691 2195 855 2228 collocat.
880 2208 951 2241 quo
980 2198 1051 2230 iam
1073 2196 1111 2230 in
1135 2197 1215 2229 loco
1238 2197 1347 2229 velim
1370 2198 1527 2230 animum
1549 2197 1659 2239 mihis,

218 2239 358 2272 delecte
387 2240 451 2281 fili,
488 2241 661 2274 advertas.
700 2244 859 2286 quamvis
895 2245 990 2277 enim
1020 2243 1146 2278 volunt
1174 2243 1286 2287 aliqui
1310 2244 1417 2277 deum
1442 2250 1526 2289 post
1547 2245 1661 2290 septi-

216 2298 312 2319 mum
352 2286 448 2319 diem
472 2287 674 2331 paradisum
714 2289 935 2331 condidisse,
975 2291 1182 2336 profitentes
1216 2300 1253 2322 se
1278 2291 1458 2324 Mosaicae
1484 2290 1659 2325 historiae

217 2334 375 2377 vestigiis
410 2333 608 2375 inhaerere,
644 2336 832 2369 manifesto
869 2343 988 2371 tamen
1012 2342 1153 2378 errant,
1177 2342 1220 2369 ut
1243 2338 1304 2381 qui
1331 2338 1557 2379 transitorie,
1584 2349 1660 2373 non

218 2380 381 2413 adhibita
409 2382 708 2425 pervestigatione
723 2384 957 2418 conveniente
982 2385 1121 2418 litteras
1147 2394 1262 2417 sacras
1288 2385 1484 2428 perlegant.
1508 2395 1550 2417 ac
1575 2384 1658 2419 vide

217 2427 306 2459 mihi
330 2427 418 2471 quid
458 2433 637 2472 spectator
672 2429 735 2462 ille
769 2429 827 2463 dei
863 2431 981 2464 Moses
1021 2431 1126 2464 dicat.
1166 2430 1347 2471 „absolvit
1383 2431 1513 2472 ‹leus‚'’
1538 2431 1660 2476 inquit

218 2473 322 2518 (Gen.
349 2484 368 2505 2
397 2474 452 2518 2),
477 2474 560 2514 „die
587 2481 685 2508 sexto
712 2483 837 2510 cuncta
865 2490 957 2523 quae
981 2478 1135 2519 fecerat3
1160 2488 1200 2509 ac
1215 2477 1275 2510 die
1299 2478 1450 2523 septimo
1475 2477 1519 2511 ab
1543 2479 1659 2511 omui-

218 2520 284 2551 bus
311 2520 501 2564 operibus,
538 2532 629 2566 quae
663 2522 799 2556 efficere
833 2531 1016 2570 coeperat,
1057 2524 1223 2570 quievit.”
1250 2524 1376 2569 itaque
1400 2525 1431 2559 si
1457 2530 1540 2569 post
1563 2524 1661 2559 diem.

214 2567 408 2610 septimum
433 2567 525 2600 nihil
548 2569 713 2609 omniuo,
739 2571 834 2614 quod
860 2578 963 2604 antea
987 2583 1060 2605 non
1083 2571 1288 2611 exstitisset,
1315 2572 1354 2604 in
1378 2577 1494 2605 ortum
1523 2569 1659 2616 produ-⁴

220 2613 296 2653 xit,
322 2615 384 2657 qui
408 2620 488 2658 post
527 2614 621 2647 diem
655 2617 842 2659 septimum
870 2618 1071 2663 paradisum
1100 2617 1288 2651 condidit?
1318 2617 1486 2651 videntur
1509 2618 1659 2664 quidem
1690 2648 1693 2650 ,

226 2659 368 2692 litterae
393 2672 510 2693 sacrae
541 2661 606 2694 hoc
644 2663 750 2695 modo
787 2664 885 2710 loqui
911 2678 951 2699 ac
974 2666 1002 2698 si
1033 2670 1114 2710 post
1141 2664 1235 2697 diem
1259 2665 1449 2709 septimum
1472 2665 1656 2709 paradisus

226 2705 389 2741 conditus
427 2707 556 2742 suerit:
595 2719 713 2743 verum
739 2711 826 2743 alius
854 2723 981 2757 scopus
1012 2718 1065 2746 est
1093 2723 1231 2754 earum,
1260 2710 1303 2743 de
1330 2712 1484 2756 plurium
1510 2712 1655 2758 quidem
