1826 3120
224 160 290 214 16
661 173 947 215 MlCHAELIS
985 171 1201 214 GLYCAE

217 280 297 336 χρὴ
326 280 383 336 τῷ
422 279 528 332 πυρὶ
564 277 885 329 προαποθὲσθαι
919 273 1122 328 δαπάνην.
1190 273 1326 323 καλῶς
1368 268 1443 315 οὖν
1473 271 1609 328 ἔλεγεν
1638 265 1669 317 ὅ

216 347 359 400 Λαβίδ
390 343 440 397 ,,ὗ
472 339 735 395 θεμελιώσας
778 339 852 395 τὴν
895 342 971 394 γῆν
1010 341 1081 381 ἐπὶ
1111 340 1193 381 τῶν
1236 337 1445 381 ὖὸ“άτων·”
1519 340 1662 393 ἐπειδὴ

216 412 295 467 γάρ
327 408 378 453 τά
408 407 544 450 ὕδατα
571 406 644 461 την
672 409 749 461 γῆν
777 406 1065 456 ἐπινοτίζοντα
1085 404 1367 461 φυλάττουσιν
1397 402 1531 460 αὕτὴν
1557 402 1664 446 ὥστε

218 476 276 532 μὴ
311 474 630 530 καταφρυγῆναι
659 475 715 530 τῷ
742 474 859 527 πυρί,
891 466 1061 526 άληθῶς
1088 467 1142 513 ἂν
1183 468 1247 525 εἴη
1274 470 1407 512 ταῦτα
1437 472 1489 527 τῇ
1517 472 1569 527 γῇ
1593 472 1665 512 θε-

220 546 364 596 μέλιον
405 537 683 593 ὀχυρώτατον.
753 534 820 579 ὅτι
849 539 895 580 δὲ
941 537 1074 579 ταῦτα
1108 534 1242 586 οὕτως
1271 535 1385 590 ἔχει,
1415 535 1489 577 καί
1514 533 1578 577 ὅτι
1608 534 1702 578 τά5

217 605 355 649 ὕδατα
394 602 585 657 καθάπερ
619 620 660 646 τι
687 605 883 656 θεμέλιον
922 602 1181 656 ὖπανέχουσι
1211 601 1286 656 τὴν
1315 604 1403 655 γῆν,
1432 600 1454 642 ὅ
1482 615 1667 656 χρυσορ·4

179 672 363 727 (ἐρήμων
392 668 580 724 Ἰωάννης
625 669 669 711 ἐν
709 671 756 724 τῇ
798 670 929 726 βίβλῳ
970 669 1053 710 τῶν
1090 666 1345 722 ἄνδριάντων
1371 667 1670 722 ἀριδηλότερον

220 738 375 790 ἔδειξε,
419 735 525 777 κατὰ
567 735 684 791 ῥῆμα
730 734 895 785 διεξιών
925 733 1088 776 οὑτωσί
1116 733 1173 788 ,,ἧ
1206 735 1280 789 γῆ,
1322 732 1398 775 ἐάν
1425 733 1671 774 ἐπιλίπωσιν

220 802 355 859 αὐτὴν
383 801 427 844 αἱ
453 804 582 857 πηγαί
608 802 681 843 καί
713 801 737 856 ἢ
769 799 885 856 παρὰ
913 802 988 855 τῆς
1015 799 1233 854 θαλάσσης
1260 801 1332 842 καί
1357 801 1439 842 τῶν
1469 799 1671 851 ποταμῶν

219 870 518 924 ἑνσπειρομένη
544 871 677 921 νοτίς,
710 871 1029 924 καταφρυγεΐσα
1057 868 1222 914 τελείως
1260 864 1524 908 άπόλλυται.”
1552 863 1671 908 ἔσται
1688 879 1735 906 ιο

220 937 364 989 μέντοι
392 931 460 976 ὅτε
488 936 560 976 καί
586 934 719 976 πάντα
748 932 1118 989 καταφρυγήσεται
1144 933 1202 989 τῷ
1229 934 1344 987 πυρί,
1373 931 1430 981 ὥς
1457 928 1478 971 ὅ
1507 931 1672 987 προφή-

222 1017 296 1055 της
316 1001 498 1048 “Ησα”ι’“ας
540 1001 669 1056 φησίν
698 1000 743 1041 ἐν
773 995 834 1047 οἷς
865 997 970 1053 πρὸς
1008 998 1079 1039 τὸν
1111 1001 1194 1039 τῶν
1222 995 1327 1040 ὅλων
1358 997 1460 1039 θεὸν
1488 997 1672 1050 διαλέγε-

222 1082 291 1109 ται
316 1064 366 1118 ,,ὃ
392 1067 522 1120 λέγων
549 1068 601 1122 τῇ
629 1064 801 1122 α’βύσσῳ
817 1097 829 1117 ,
869 1064 1154 1121 ἐρημωθήσῃ,
1189 1065 1262 1105 καί
1289 1062 1446 1111 πάντας
1473 1060 1574 1111 τούς
1599 1075 1674 1102 πο-

222 1129 383 1186 ταμούς
410 1146 486 1173 σου
510 1132 715 1185 ξηρανῶ.”

334 1195 535 1251 Παράγει
577 1192 653 1238 οὖν
690 1197 734 1247 ἐξ
760 1197 926 1238 ὑδάτων
972 1195 1018 1238 τὰ
1046 1199 1266 1252 στερέωμα
1298 1195 1319 1236 ὃ
1348 1195 1466 1247 θεός,
1497 1195 1674 1246 καλέσας
1693 1193 1740 1236 ι5

226 1262 328 1306 αὐτὸ
359 1265 702 1318 καταχρηστικῶς
721 1262 917 1317 οὐρανόν.
975 1263 1132 1317 κυρίως
1158 1265 1236 1315 μὲν
1264 1260 1342 1318 γάρ
1368 1259 1546 1317 ου’ρανὸς
1570 1261 1678 1302 ἐκεῖ·

225 1345 294 1379 νος
323 1328 345 1370 ὅ
373 1330 538 1383 πρῶτος
566 1328 707 1382 λαβὼν
737 1330 782 1378 ἐξ
810 1329 888 1369 οὐκ
917 1321 1047 1370 ὄντων
1070 1327 1145 1382 τὴν
1172 1325 1399 1370 σύστασιν·
1443 1325 1549 1369 κατὰ
1580 1327 1678 1368 δεύ-

183 1403 344 1452 Βτερον
381 1396 428 1436 δὲ
470 1393 592 1449 λόγον
640 1398 764 1436 καλεῖ
799 1392 979 1449 οὗρανὸν
1015 1393 1038 1449 ἦ
1077 1393 1222 1449 γραφὴ
1251 1392 1325 1435 καί
1367 1391 1471 1435 αὐτὸ
1505 1391 1552 1435 τὸ
1582 1407 1678 1434 στε-
1710 1383 1714 1391 Δ

136 1465 211 1511 V.7
230 1464 374 1517 ρὲωμα
403 1458 447 1502 τὸ
500 1462 543 1510 ἐξ
589 1459 786 1514 ὑδάτων,
833 1457 890 1509 ὥς
917 1458 1112 1513 εἴπομεν,
1143 1457 1322 1514 γεγονός.
1376 1460 1577 1513 §alyne-'h
1601 1453 1680 1500 οὖν

228 1528 425 1569 ἐντεῦθεν
457 1523 523 1567 ὅτι
553 1525 630 1567 δύο
662 1527 903 1580 παρέδωκεν
940 1524 1146 1580 οὐρανοὺς
1170 1525 1195 1579 ἦ
1224 1523 1380 1579 γραφή.
1437 1527 1511 1566 καί
1534 1523 1574 1566 οἱ
1600 1525 1680 1576 μὲν
1692 1537 1743 1564 20

220 1588 413 1645 Ἕλληνες
441 1593 512 1633 ἕνα
544 1592 879 1645 διισχυρίζονται
919 1586 1029 1632 εἶναι
1059 1587 1240 1645 οὐρανόν
1251 1623 1263 1642 ,
1295 1587 1367 1633 ἅτε
1396 1592 1468 1646 τῆς
1495 1593 1681 1633 Menout-

228 1658 302 1712 κῆς
331 1655 520 1711 ἱστορίας
544 1654 805 1698 παντάπασιν
837 1650 953 1705 ὄντες
993 1653 1198 1711 α’μύητοι·
1256 1655 1276 1696 ὁ
1309 1658 1355 1697 δὲ
1385 1659 1516 1709 μέγας
1542 1655 1680 1698 Βασί-

230 1719 340 1772 λειός
383 1738 512 1779 φησιν
543 1718 606 1765 ὅτι
638 1723 836 1766 τοσοῦτον
879 1722 1089 1776 ἀπέχομεν
1113 1723 1170 1779 τῷ
1199 1723 1379 1778 δευτέρῳ
1408 1722 1596 1764 άπιστεῖν
1623 1721 1681 1771 ὥς

233 1908 297 1938 ret.
325 1909 518 1950 propterea
545 1905 727 1950 praeclare
753 1906 890 1940 dietum
919 1911 973 1939 est
995 1917 1014 1939 a
1040 1905 1176 1940 Davide
1199 1905 1343 1950 (psalm.
1366 1905 1412 1938 23
1435 1906 1471 1951 2)
1496 1906 1583 1950 „qui
1608 1910 1683 1939 tera

233 1962 306 1984 ram
328 1953 367 1985 in
394 1953 497 1996 aquis
521 1951 718 1985 fundavit.''
744 1964 827 1985 nam
852 1964 932 1986 cum
959 1964 1075 1998 aquae
1100 1959 1228 1986 terram
1253 1951 1460 1984 humectare
1486 1962 1561 1985 non
1584 1951 1683 1986 desi-

232 2003 337 2039 nant,
367 2003 403 2031 et
429 2009 507 2031 eam
537 2004 579 2032 ut
603 1999 771 2032 immunis
815 1999 864 2033 sit
888 2000 931 2033 ab
966 2001 1058 2044 ignis
1097 1999 1285 2032 exustione
1318 2004 1549 2040 conservent,
1584 2004 1682 2032 recte

234 2044 308 2077 dici
343 2055 459 2089 aquae
494 2045 768 2078 fundamentum
800 2047 899 2079 illius
938 2047 1180 2080 firmissimum
1212 2050 1373 2090 possunt.
1407 2056 1501 2090 quae
1533 2045 1682 2091 quidem

234 2092 286 2124 ita
311 2101 349 2123 se
378 2091 512 2124 habere
536 2103 576 2124 ac
603 2091 830 2125 fundamenti
853 2093 1038 2127 cuiusdam
1061 2094 1172 2127 instar
1200 2103 1309 2136 aquas
1333 2098 1464 2125 terram
1491 2092 1680 2135 sustinere,
1700 2095 1715 2108 ⁸

233 2137 414 2170 Iohannes
453 2138 726 2181 Chrysostomus
753 2139 791 2171 in
815 2139 910 2172 libro
938 2140 982 2174 de
1011 2141 1136 2174 statuis
1170 2139 1348 2172 illustrius
1372 2140 1478 2172 etiam
1502 2139 1683 2179 ostendit,

235 2184 292 2216 his
316 2183 436 2217 verbis
464 2190 570 2217 utens
588 2190 743 2226 „terram
769 2197 789 2218 a
814 2186 976 2221 fontibus
995 2188 1067 2221 suis
1095 2186 1271 2220 desertam
1290 2191 1326 2219 et
1351 2185 1395 2218 ab
1421 2185 1592 2228 humore,
1618 2185 1683 2231 qui

236 2242 257 2263 a
280 2231 367 2263 mari
404 2241 445 2263 ac
481 2230 692 2265 fluminibus
718 2233 751 2264 ei
791 2233 893 2267 velut
916 2234 1155 2280 inspergitur,
1180 2243 1326 2266 necesse
1351 2243 1495 2277 prorsus
1519 2238 1574 2266 est
1599 2244 1684 2266 exa-

238 2287 386 2310 rescere.
424 2282 460 2311 et
500 2279 570 2311 erit
601 2278 798 2324 aliquando
825 2285 986 2325 tempus,
1015 2292 1095 2314 cum
1124 2279 1169 2313 ab
1197 2280 1279 2323 igne
1303 2285 1431 2313 cuncta
1459 2285 1683 2320 exurentur,

238 2323 544 2369 quemadmodum
576 2331 674 2359 vates
701 2331 824 2359 noster
855 2328 974 2361 Esaias
1012 2327 1133 2373 inquit
1166 2326 1228 2372 (¹9
1252 2326 1309 2372 5),
1335 2338 1416 2359 cum
1440 2326 1682 2360 universitatis

238 2370 390 2403 huiusce
415 2370 482 2404 deo
521 2373 625 2416 quasi
662 2373 892 2417 colloquenS,
923 2375 1013 2421 „qui
1043 2374 1090 2408 ad
1116 2372 1282 2417 abyssum
1310 2373 1380 2415 ait,
1417 2372 1559 2407 deserta
1584 2377 1682 2413 esto,

239 2418 434 2462 cunctique
462 2417 562 2450 fluvii
578 2419 632 2451 tui
660 2422 895 2453 exarescant.”

333 2464 460 2508 Itaque
474 2463 561 2497 deus
574 2476 617 2498 ex
633 2467 732 2510 aquis
748 2466 1004 2501 firmamentum
1017 2466 1190 2507 condidit,
1207 2470 1244 2499 et
1259 2466 1330 2510 ipsi
1346 2476 1493 2511 quoque
1509 2466 1603 2499 coeli
1616 2477 1684 2499 no-

239 2521 323 2544 men
340 2510 461 2544 dedit:
488 2511 552 2544 sed
569 2513 712 2557 proprie
734 2514 873 2548 coelum
891 2520 1039 2549 vocatur
1055 2514 1149 2548 illud
1173 2512 1272 2558 quod
1291 2513 1391 2557 prius
1406 2518 1461 2546 est
1488 2512 1684 2553 conditum,

224 2563 278 2603 ⁸et
293 2557 440 2601 quidem
458 2568 501 2590 ex
520 2557 649 2594 nihilo.
674 2560 829 2593 secunda
851 2573 935 2595 vero
961 2562 1219 2607 significatione
1237 2559 1377 2592 coelum
1395 2570 1514 2592 sacrae
1539 2560 1685 2592 litterae

239 2610 368 2637 vocant
393 2605 501 2637 etiam
521 2605 793 2639 fundamentum
814 2607 881 2640 hoc
897 2620 940 2641 ex
956 2609 1071 2653 aquis,
1094 2613 1136 2641 ut
1152 2606 1288 2640 dictum
1303 2611 1368 2647 est,
1387 2611 1515 2640 ortum.
1540 2605 1586 2639 ‹le
1611 2617 1684 2650 quo

239 2651 311 2683 iam
328 2651 502 2695 intelligis
521 2652 662 2685 tradere
685 2653 822 2686 litteras
845 2667 958 2688 sacras
977 2656 1065 2688 duos
1089 2654 1229 2694 coelos,
1264 2653 1408 2685 tametsi
1435 2654 1575 2686 coelum
1601 2654 1685 2686 uni-

241 2709 322 2730 cum
347 2708 422 2730 esse
448 2703 608 2732 statuant
634 2699 780 2741 ethnici,
809 2712 953 2746 prorsus
969 2702 1105 2736 scilicet
1120 2700 1294 2734 historiae
1316 2699 1495 2733 Mosaicae
1518 2699 1622 2733 rudes
1647 2703 1685 2733 et

243 2744 412 2791 imperiti.
436 2745 524 2792 quin
550 2757 696 2792 maguus
721 2748 827 2782 etiam
849 2749 1000 2785 Basilius
1024 2748 1087 2782 ille
1128 2747 1292 2795 scripsit,
1327 2751 1469 2782 tantum
1494 2746 1618 2781 abesse
1642 2751 1690 2781 ut-
