1826 3120
262 128 336 187 60
707 153 991 197 sufflantis
1033 153 1249 195 GLYCAE

261 259 287 313 ἡ
321 261 397 311 μὲν
424 256 503 313 γάρ
544 256 659 312 ῥῆξις
695 255 769 297 τὸν
801 253 1004 310 κεραυνὸν
1033 255 1306 312 ἀπεγέννησε,
1342 258 1418 298 τοῦ
1448 253 1697 313 νέφουςβιζι

262 326 537 372 σπασθέντος·
596 321 822 376 τηνικαῦτα
853 325 900 364 δὲ
921 322 1110 364 θυλάκου
1133 317 1270 377 ὥσπερ
1301 323 1595 378 ὁίαρραγέντος
1627 319 1697 363 ὗε-

227 389 334 440 οτὸς
360 388 660 444 κατενήνεκται.
728 386 750 430 ὃ
795 390 843 430 δέ
872 404 916 443 γε
957 390 1027 442 τῆς
1071 385 1230 443 ῥήξεως
1259 383 1371 443 ἦχος
1408 387 1485 443 τὴν
1521 386 1698 444 βροντὴν

262 457 547 510 α’πεγέννησεν.
614 455 705 495 ἀλλ’
745 455 834 496 ἐκεῖ
864 457 940 507 μὲν
982 456 1048 495 δεῖ
1080 455 1245 510 πρῶτον
1283 454 1458 510 ῥαγῆναι
1494 453 1542 496 τὸ
1572 454 1698 510 νέφος

262 522 335 563 καί
360 518 465 562 οὕτω
508 522 689 576 φανῆναι
723 519 798 576 τὴν
826 519 1065 577 ἀστραπήν·
1134 519 1257 575 ἡμεῖς
1284 521 1330 562 δὲ
1349 521 1422 562 τοῦ
1448 517 1582 575 πυρὸς
1607 517 1736 561 ἐπι-5

264 587 564 639 λαμβανόμεθα
599 586 812 642 πρότερον.
882 586 1030 630 τούτου
1065 587 1111 628 δὲ
1141 586 1270 629 αἴτιον
1305 586 1331 642 ἦ
1364 587 1445 629 τῶν
1468 585 1602 628 αἰτίων
1629 584 1703 627 καὶ

263 656 346 694 τῶν
375 652 609 706 ὀφθαλμῶν
648 653 949 707 διοργάνωσις·
1025 652 1063 694 οἱ
1105 655 1183 706 μὲν
1218 651 1299 708 γὰρ
1335 652 1556 708 ὀφθαλμοὶ
1581 648 1702 707 ἧμῶν

265 719 430 770 ιίμέσως
475 714 712 771 ὁμιλοῦντες
757 722 814 776 τῷ
854 721 946 774 α’έρι
976 721 1052 760 τοῦ
1079 718 1234 773 ὁρατοῦ
1262 720 1418 761 θᾶττον
1447 713 1703 771 ἀντιλαμβά-

263 799 423 836 νονται,
459 780 479 825 ὃ
517 782 579 825 δέ’
604 799 648 839 γε
685 791 770 834 τοῖς
810 787 946 834 ω’τιόις
987 787 1317 840 προβεβλημένος
1350 781 1591 838 κοχλοειὸἦς
1623 779 1703 824 πό·
1753 789 1758 794 ’

263 865 334 903 ρος
374 851 564 907 βραδέως
611 847 767 904 εἰσάγει
804 849 874 893 τὸν
923 850 1078 907 ψόφον.
1146 851 1365 905 κοχλοειὸἧ
1391 851 1437 892 δὲ
1466 848 1536 891 τὸν
1563 849 1766 891 rozaz-10

262 931 332 956 τον
360 914 632 958 κατεσκεύασε
677 915 806 972 πόρον
835 915 857 958 ὅ
899 915 1152 974 δημιουργός
1183 914 1300 972 ἡμῶν
1322 914 1446 968 θεός,
1474 916 1544 957 ἵνα
1570 911 1628 970 μὴ
1658 915 1705 956 ἐκ

261 983 343 1023 τῶν
371 973 716 1036 παραπιπτόντων
742 979 842 1037 ἡμῖν
871 979 1064 1039 ἀθρόων,
1096 981 1178 1024 εἴτε
1199 981 1344 1038 ψόφου
1363 980 1443 1023 εἴτε
1467 981 1591 1036 ἀέρος
1618 990 1705 1033 ψυ-

263 1049 394 1103 χροῦ,
442 1045 462 1090 ὃ
489 1050 718 1103 ἐγκέφαλος
747 1047 863 1104 ἡμῶν
893 1050 944 1091 ου’
969 1050 1131 1104 μικραῖς
1159 1046 1510 1104 καταβλάπτηται.
1566 1048 1636 1088 καὶ
1659 1046 1708 1089 ,εἰ

222 1116 340 1165 Βμὲν
367 1113 448 1155 α’πὸ
483 1116 706 1168 ξηροτάτου
743 1117 897 1171 νέφους
935 1113 955 1156 ὅ
986 1113 1185 1171 κεραυνός
1213 1116 1391 1172 ἐκραγῇ,
1422 1114 1636 1170 φοινικοῦς
1661 1127 1706 1155 τε

263 1180 340 1234 τήν
365 1179 516 1235 χροιὰν
547 1180 568 1222 ὁ
605 1181 788 1231 τοιοῦτός
817 1183 906 1224 ἐστι
944 1184 1017 1224 καί
1046 1180 1120 1237 τήν
1147 1181 1295 1224 οὖσιάν
1326 1177 1567 1236 φλογώδης,-
1594 1179 1634 1220 εἰ
1660 1179 1705 1220 δὲ
1724 1176 1770 1218 15

263 1247 335 1301 ἀφ’
363 1247 588 1302 ὖγροτέρου
618 1250 785 1304 νέφους,
813 1245 956 1290 λευκόν
984 1264 1027 1290 τε
1063 1247 1151 1302 ἔχει
1178 1246 1226 1290 τὸ
1254 1248 1410 1302 χρῶμα
1441 1246 1515 1288 καί
1539 1243 1708 1288 καυσώ-

268 1314 339 1368 δης
366 1312 528 1366 ἥκιστα.

358 1375 476 1422 Οὕτω
497 1381 578 1432 μὲν
595 1375 715 1434 οὕτω,
731 1378 922 1436 καθάπερ
947 1376 1109 1423 ἄνωθεν
1130 1376 1307 1436 εἴρηται,
1324 1381 1396 1421 καί
1414 1375 1513 1427 τούς
1531 1377 1710 1433 α’στέρας

264 1444 364 1494 τούς
391 1446 583 1495 ἀπλανεῖς
611 1462 656 1488 τε
682 1448 754 1488 καί
781 1448 1076 1500 πλανωμένους
1098 1447 1157 1495 εἰς
1177 1452 1329 1500 σημεῖα
1355 1444 1426 1487 καὶ
1452 1445 1512 1494 εἷς
1539 1442 1711 1498 καιρούς

267 1510 287 1551 ὃ
309 1509 478 1566 ποιητὴς
508 1511 672 1554 πάντων
699 1511 775 1554 καί
796 1511 940 1568 κύριος
967 1510 1102 1554 ἔθετο.
1127 1515 1299 1567 κυρίους
1327 1513 1373 1552 δὲ
1401 1513 1483 1552 τῶν
1509 1512 1579 1566 ἐφ’
1609 1509 1778 1566 ῆμῖναο

267 1578 417 1632 α’ρετῆς
443 1593 488 1618 τε
531 1580 602 1619 καί
628 1580 773 1627 κακίας
813 1577 1084 1634 παρεκτεκούς
1116 1574 1191 1619 οὖκ
1217 1574 1268 1620 ἄν
1296 1592 1395 1620 ποτε
1427 1575 1520 1634 εἴπῃ
1549 1592 1614 1626 τις
1640 1580 1710 1618 λο-

267 1645 422 1698 γισμοῦ
448 1641 588 1701 κύριος
615 1639 701 1698 ὤν,
744 1643 788 1687 εἴ
806 1660 851 1700 γε
888 1646 961 1687 καί
999 1646 1161 1699 μᾶλλον
1195 1640 1350 1701 ἤκουσε
1398 1645 1475 1686 τοῦ
1500 1645 1606 1686 θεοῦ
1634 1644 1710 1686 διά

367 1751 416 1783 ι8.
442 1746 552 1798 οὕτω]
579 1745 671 1786 οὖνἐ·

269 1858 417 1902 cogitur.
445 1857 597 1892 alterum
624 1869 708 1892 vero
731 1859 867 1894 fulmen
892 1860 1048 1905 gignitur
1074 1859 1211 1895 collisis
1228 1860 1322 1894 inter
1347 1871 1384 1894 se
1411 1859 1569 1895 nubibus
1593 1871 1709 1906 eaque

271 1904 315 1937 de
349 1917 453 1938 causa
488 1907 678 1951 perruptis.
719 1917 801 1939 nam
833 1918 875 1940 ea
906 1903 1090 1953 perruptih
1127 1907 1264 1941 fulmen
1290 1907 1403 1941 efficit
1426 1907 1523 1941 nube
1547 1918 1613 1953 per
1636 1907 1709 1941 vim

269 1953 460 1986 convulsa:
485 1954 591 1986 simul
615 1959 693 1986 utre
721 1955 823 1998 quasi
847 1954 1003 1999 quodam
1027 1960 1149 2000 rupto,
1173 1954 1296 2000 pluvia
1321 1953 1513 1988 delabitur.
1537 1954 1711 2000 strepitus

269 2000 346 2044 ipse
370 2001 613 2044 perruptionis
646 2001 781 2033 tonitru
807 2002 928 2035 efficit.
967 2007 1004 2035 et
1025 2001 1158 2035 nubem
1182 2000 1329 2046 quidem
1357 2002 1539 2046 perrumpi
1562 2012 1710 2036 necesse

271 2052 350 2087 est,
389 2052 428 2078 ut
460 2047 510 2079 ita
547 2047 666 2090 fulgur
700 2048 954 2092 conspiciatur:
993 2060 1058 2081 nos
1088 2058 1171 2082 vero
1203 2048 1301 2092 prius
1330 2047 1448 2092 ignem
1476 2049 1709 2094 percipimus,

272 2093 349 2125 eius
379 2093 430 2124 rei
455 2104 560 2125 causa
586 2099 641 2125 est
680 2095 819 2127 aurium
858 2100 895 2128 et
921 2096 1105 2128 oculorum
1141 2099 1327 2128 structura.
1366 2107 1449 2128 nam
1472 2096 1569 2128 oculi
1595 2095 1710 2129 nostri

271 2141 361 2172 citra
386 2138 543 2172 medium
567 2140 682 2172 ullum
721 2153 800 2174 cum
826 2146 908 2176 acre
939 2142 1055 2175 iuncti
1079 2142 1183 2175 citius
1209 2153 1282 2174 rem
1304 2142 1441 2175 visilem
1469 2142 1711 2188 prehendunt.

271 2191 310 2219 at
332 2192 469 2218 meatus
499 2186 563 2218 ille
580 2192 760 2221 tortuosus
787 2189 1030 2235 cochleaeque
1055 2188 1268 2229 consimilis,
1297 2200 1368 2234 quo
1394 2195 1518 2234 septae
1541 2195 1626 2223 sunt
1647 2201 1712 2223 au-

273 2244 347 2273 res,
384 2232 487 2266 tarde
523 2244 650 2266 sonum
675 2234 842 2269 admittit.
869 2243 905 2270 et
941 2237 1061 2282 opifex
1083 2241 1205 2269 noster
1229 2235 1317 2268 deus
1341 2235 1436 2269 hunc
1461 2237 1578 2282 ipsum
1598 2237 1713 2270 instar

273 2279 443 2313 cochleae
477 2284 679 2313 tortuosum
707 2283 887 2325 condidit,
919 2294 966 2317 ne
987 2294 1052 2329 per
1077 2282 1270 2315 illabentes
1296 2283 1415 2316 subito
1435 2284 1510 2318 sive
1539 2284 1712 2328 strepitus

274 2327 348 2360 sive
371 2325 539 2371 frigidum
565 2331 648 2361 aera
674 2329 857 2363 cerebrum
881 2336 1040 2364 nostrum
1067 2330 1219 2373 graviter
1242 2329 1456 2363 laederetur.
1485 2331 1555 2364 iam
1584 2331 1614 2364 si
1638 2330 1712 2362 sul-

272 2384 356 2407 men
382 2384 400 2406 e
425 2372 522 2406 nube
550 2375 742 2408 siccissima
767 2383 945 2422 erumpat,
981 2376 1127 2422 punicei
1151 2376 1280 2409 coloris
1307 2382 1359 2409 est
1384 2382 1422 2410 et
1447 2383 1575 2411 natura
1600 2377 1711 2410 vehe-

273 2426 412 2454 menter
434 2430 558 2453 urens:
585 2422 641 2455 sin
669 2432 713 2455 ex
744 2422 940 2458 humidiori
963 2424 1083 2465 nube,
1119 2423 1276 2456 colorem
1300 2423 1422 2456 album
1445 2424 1557 2459 habet.
1580 2435 1621 2458 ac
1643 2424 1711 2457 mi-

273 2478 340 2501 nus
366 2468 448 2501 urit.

367 2514 424 2547 Sic
453 2517 557 2561 erge,
592 2515 890 2560 quemadmodum
928 2515 1153 2562 exposuimus
1186 2517 1378 2560 hactenus,
1403 2519 1520 2552 sidera
1545 2530 1617 2552 non
1636 2522 1714 2551 tam

275 2562 428 2594 errantia
452 2573 558 2608 quam
595 2563 744 2595 erratica
777 2575 891 2598 rerum
927 2565 1048 2608 opifex
1069 2569 1175 2608 atque
1201 2565 1365 2598 dominus
1390 2566 1428 2599 in
1449 2567 1546 2611 signa
1571 2571 1712 2610 tempo-

275 2620 386 2652 raque
417 2609 615 2643 constituit.
655 2620 695 2641 ea
724 2621 807 2643 vero
845 2616 1059 2656 potestatem
1084 2611 1288 2645 absolutam
1317 2612 1355 2645 iu
1381 2613 1542 2646 actiones
1571 2619 1711 2646 nostras

276 2655 410 2687 habere
426 2682 434 2696 ‚
462 2658 704 2701 virtutemque
727 2658 831 2690 nobis
856 2664 917 2691 aut
929 2658 1052 2691 vitium
1078 2656 1201 2699 indere
1216 2678 1229 2700 ‚-
1249 2670 1354 2692 nemo
1380 2671 1537 2705 unquam
1563 2657 1713 2693 rationis.

277 2713 421 2749 compos
461 2703 613 2742 dixerit,
650 2703 826 2748 siquidem
860 2705 966 2738 deum
1003 2715 1066 2748 per
1089 2711 1204 2738 vatem
1231 2705 1331 2750 loqui
1356 2706 1511 2740 audierit
1537 2706 1662 2753 (ls'aiae
1693 2715 1706 2736 1
1746 2736 1747 2739 ,

282 2753 337 2799 ¹9)
361 2752 411 2794 „si
440 2750 624 2784 volueritis
660 2756 695 2783 et
715 2750 1042 2796 obtemperaveritis
1068 2751 1180 2794 mihi,v
1217 2752 1322 2786 bonis
1346 2759 1462 2787 terrae
1485 2747 1712 2793 vescemini,''
