1826 3120
578 134 864 176 ANNALIUM
904 136 1039 177 PARS
1081 137 1114 177 1.
1478 116 1579 170 165

134 245 349 302 ἀθανασίᾳ
379 246 582 302 τετίμηκε.
656 248 730 288 καί
769 242 846 288 οὔκ
872 245 952 299 ἐμοὶ
982 245 1032 288 τὰ
1064 243 1250 302 ῥήματα.
1316 245 1337 288 ὅ
1365 246 1584 295 θειότατος

134 312 334 366 Ἀνδρέας
374 307 394 352 ὅ
425 311 598 367 Κρήτης
639 313 683 354 ἐν
711 314 770 370 τῷ
799 314 858 363 εἰς
891 313 1168 367 κοιμηθέντας
1195 311 1300 369 λόγῳ
1329 313 1465 354 αότοῦ
1489 312 1587 368 περὶ

131 375 292 433 τούτων
321 373 458 426 οὕτως
490 374 667 433 εὕρηται
699 380 831 432 λέγων
858 378 1054 431 ηπλάσας
1074 377 1097 419 ὅ
1122 375 1220 426 θεὸς
1251 375 1324 419 τὸν
1346 372 1586 434 ἄνθρωπον,

133 441 299 496 ἀξίωμα
321 444 498 485 δέδωκεν
527 445 645 502 αιῖτῷ
668 443 713 486 τὸ
747 444 911 498 λογικόν
937 459 982 485 τε
1013 443 1086 485 καί
1112 442 1252 498 νοερὸν
1282 446 1356 485 καί
1373 440 1587 487 ἀθάνατον

100 511 209 553 ὄκαί
237 507 521 564 α’νώλεθρον.”
575 508 690 564 εἴπερ
726 504 802 551 οὖν
841 510 1006 562 α’ξίωμα
1038 511 1194 551 δέδωκε
1218 511 1275 567 τῷ
1302 509 1509 568 ἀνθρώπῳ
1538 509 1584 552 τὸ

133 574 346 618 ἀθάνατον
392 575 413 617 ὃ
443 575 565 630 θεός,
605 578 693 625 παῖς
734 574 876 617 λοιπὸν
906 574 1036 617 αὐτὸν
1064 574 1220 630 θνητὸν
1265 578 1339 618 καί
1374 574 1588 618 α’θοίνατον

130 639 342 694 εἴπωμεν,
396 637 426 696 ἢ
462 639 654 697 φθαρτὸν
693 639 848 694 ὅμοίως
899 640 973 683 καί
1018 637 1240 697 ἄφθαρτον
1254 660 1268 695 ,·
1313 644 1583 695 α’νένδεκτον,

130 706 188 756 ὥς
232 702 374 761 οἶμαι,
411 709 536 748 τοῦτο
589 706 662 748 καί
701 709 795 749 λίαν
836 709 974 761 ἐστίν,
1026 703 1088 750 ὅτι
1127 709 1236 763 μηδὲ
1289 706 1488 762 προσήκει
1531 712 1587 765 τῷ

130 771 330 831 ἀθανάτῳ
379 774 453 816 καί
500 774 728 831 α’νωλέθρῳ
777 775 1034 831 προσάπτειν
1085 771 1193 823 ὅλως
1235 773 1279 816 τό
1325 773 1477 830 θνητὸν
1515 777 1589 817 καί

73 854 119 880 ιο
131 835 367 896 ἄφθαρτον.

237 905 365 948 Ἀλλὰ
407 903 487 960 γάρ
521 901 599 947 οὔκ
630 902 725 948 οἶδα
767 905 901 948 πόθεν
937 907 1086 948 ἐκεῖνοι
1113 907 1315 960 λαβόντες
1341 904 1417 953 τὰς
1447 906 1583 962 ἅφορ-
1596 916 1629 949 Ρ.
1644 917 1685 959 87

128 970 214 1024 μὰς
239 970 289 1012 ου’
316 970 367 1013 τὰ
401 966 559 1024 ἄμικτα
585 972 805 1026 μιγνύουσι
835 970 996 1025 μόνον,
1034 971 1158 1028 ἡνίκα
1191 971 1354 1027 δηλαδή
1380 971 1425 1013 τὸ
1458 974 1583 1025 σῶμα

126 1041 204 1080 τοῦ
236 1036 377 1091 'Adam
407 1040 539 1081 ἐκεῖνο
565 1041 694 1092 μέσον
722 1040 959 1088 ἀθανασίας
1002 1035 1109 1081 εἶναι
1137 1040 1210 1080 καί
1237 1037 1489 1094 θνητότητος
1517 1041 1584 1081 λέ-

126 1120 293 1159 γουσιν,
330 1103 436 1146 ἀλλὰ
478 1107 552 1147 καί
578 1106 697 1160 πάθη
738 1103 899 1161 φυσικοὶ
933 1107 991 1164 τῷ
1021 1103 1101 1160 πρὸ
1134 1108 1207 1159 τῆς
1237 1104 1448 1159 ἁμαρτίας
1477 1104 1582 1146 (ἔπα-

69 1173 202 1214 ιὸθεῖ
227 1171 300 1213 καί
341 1170 549 1230 ἀφθάρτῳ
597 1171 857 1227 προσάπτειν
898 1172 949 1212 οὗ
990 1173 1322 1228 παραιτοῦνται,
1354 1172 1584 1212 καὶταῦτα

126 1253 260 1293 γωρις
290 1238 545 1288 α’ποὸειξεως
572 1240 797 1294 γραφικῆς.
856 1236 961 1279 ἄλλα
994 1236 1053 1291 μὴ
1085 1239 1227 1279 δέδιθι
1254 1237 1404 1278 τούτου
1433 1238 1583 1280 ἕνεκεν.

127 1299 192 1346 ὅτι
218 1306 296 1357 μὲν
324 1301 404 1359 γὰρ
440 1302 461 1343 ὄ
493 1305 578 1346 κατ’
605 1305 746 1346 εἰκόνα
767 1305 869 1345 θεοῦ
897 1303 1090 1358 τοιαύτης
1116 1303 1282 1358 ὑπῆρχε
1313 1301 1483 1358 φύσεως
1514 1300 1587 1344 dn’

129 1369 288 1425 α’ρχῆς,
329 1367 562 1425 οἶφθοίρτου
606 1368 765 1424 δηλαδή
799 1372 872 1411 καί
899 1370 1120 1412 ἀθανάτου
1140 1402 1152 1423 ,
1187 1387 1255 1411 και
1288 1365 1352 1410 ὅτι
1382 1368 1429 1410 τὸ
1461 1370 1585 1421 σῶμα

707 1432 727 1439 a-

125 1436 203 1476 τοῦ
230 1431 365 1487 Ἀδὰμ
395 1436 526 1476 ἐκεῖνο
554 1437 652 1476 καθ’
683 1440 770 1478 οἱον
795 1435 846 1491 δέ
868 1451 960 1476 τινα
986 1435 1139 1489 τρόπον
1169 1436 1243 1476 οὐκ
1271 1434 1443 1489 ἔπασχε,
1474 1438 1585 1490 φθο-

65 1502 207 1554 2ορᾶς
251 1498 418 1555 ἁπάσης
460 1500 690 1557 ὑπέρτερον
743 1497 819 1553 ὅν,
861 1518 882 1543 ο
938 1500 1252 1558 χρυσορρὴμων
1284 1501 1474 1556 Ἰωάννης
1514 1503 1621 1543 ε’πιΒ

130 1687 297 1720 nimirum
326 1686 414 1719 deus
451 1698 531 1720 eum
566 1687 685 1720 statim
721 1688 765 1720 ab
802 1688 906 1721 initio
943 1694 1124 1732 expertem
1166 1689 1330 1721 interitus
1357 1686 1522 1721 condidit
1547 1694 1584 1722 et

130 1734 226 1767 dono
265 1733 544 1766 immortalitatis
588 1734 737 1767 ornavit.
776 1746 868 1779 quae
900 1735 1046 1779 quidem
1093 1736 1201 1767 verba
1241 1746 1468 1780 nequaquam
1503 1747 1582 1768 mea

130 1787 232 1822 sunt,
260 1781 323 1814 sed
349 1781 400 1814 vir
429 1781 598 1820 eximius,
622 1780 782 1813 Andreas
807 1782 957 1815 antistes
984 1782 1173 1821 Cretensis,
1201 1783 1238 1814 in
1262 1784 1425 1815 oratione
1450 1795 1512 1815 sua
1536 1782 1580 1815 de

129 1829 172 1862 iis
199 1828 261 1874 qui
289 1827 563 1861 obdormierunt
586 1828 624 1859 in
649 1827 743 1860 hunc
768 1828 915 1861 modum
941 1829 1103 1873 loquitur
1127 1840 1231 1869 „cum
1257 1828 1438 1861 hominem
1464 1840 1581 1862 creas-

130 1881 185 1909 set
209 1875 316 1916 deus,
341 1874 409 1907 hoc
434 1875 468 1906 ei
494 1874 677 1919 dignitatis
702 1875 849 1919 largitus
873 1881 926 1908 est
953 1881 993 1908 ut
1018 1881 1112 1908 esset
1130 1876 1309 1920 particeps
1337 1876 1496 1916 rationis,
1524 1877 1580 1908 in—

129 1922 319 1967 telligendi
354 1922 527 1955 facultate
551 1921 753 1966 praeditus,
793 1922 1027 1962 immortalis,
1065 1922 1231 1955 interitus
1264 1924 1423 1967 expers.’'
1450 1923 1580 1967 quodsi

129 1970 341 2015 dignitatem
369 1969 462 2002 hanc
488 1969 766 2002 immortalitatis
794 1967 932 2002 homini
960 1968 1047 2001 deus
1090 1970 1266 2002 concessit
1284 1996 1292 2010 ,
1325 1971 1385 2014 qui
1411 1970 1489 2002 fieri
1514 1982 1580 2015 po-

129 2023 222 2059 test,
258 2022 299 2050 ut
335 2015 491 2050 eundem
530 2017 667 2062 pariter
698 2021 734 2049 et
772 2017 960 2048 mortalem
992 2021 1029 2049 et
1053 2016 1290 2049 immortalem
1312 2017 1498 2050 dicamus?
1521 2018 1580 2050 vel

130 2064 326 2098 obnoxium
363 2063 528 2097 interitui
563 2064 697 2108 pariter
730 2068 767 2096 et
798 2063 965 2096 interitus
990 2063 1201 2107 expertem?
1230 2064 1360 2108 nequit
1386 2063 1453 2097 hoc
1477 2075 1580 2109 pror-

131 2123 213 2152 sus,
240 2122 320 2144 mea
363 2110 512 2156 quidem
544 2111 736 2156 opinione,
776 2110 864 2144 fieri.
902 2121 983 2143 nam
1026 2110 1218 2144 immortali
1251 2117 1288 2144 et
1322 2111 1490 2144 interitus
1517 2122 1579 2144 ex—

129 2159 224 2205 perti
265 2169 493 2204 nequaquam
533 2163 654 2204 potest
688 2157 746 2191 vel
785 2158 890 2190 morti
923 2158 977 2191 vel
1017 2157 1182 2194 interitui
1215 2158 1378 2191 subiecta
1413 2158 1579 2191 condicio

131 2205 256 2240 tribui.

221 2252 410 2286 Enimvero
438 2252 529 2285 scire
555 2250 702 2297 quidem
717 2261 859 2296 nequeo
881 2250 1013 2296 quibus
1040 2251 1077 2284 hi
1098 2252 1212 2285 causis
1233 2252 1386 2297 permoti
1412 2263 1485 2285 non
1504 2264 1582 2285 mo-

132 2299 178 2333 do
198 2311 270 2333 non
292 2299 475 2332 miscenda
498 2300 683 2340 misceant,
703 2310 782 2332 cum
804 2298 930 2331 Adami
955 2310 1081 2343 corpus
1105 2299 1226 2332 medio
1253 2299 1348 2333 inter
1371 2300 1583 2332 immortali-

131 2352 243 2380 tatem
266 2358 307 2380 ac
332 2347 591 2380 mortalitatem
617 2347 697 2379 loco
723 2347 957 2386 constituunt,
984 2346 1046 2379 sed
1072 2347 1180 2380 etiam
1199 2347 1380 2380 naturales
1405 2346 1583 2379 adfectio-

132 2405 194 2428 nes
219 2400 329 2440 atque
355 2393 497 2427 morbos
524 2394 559 2427 ei
586 2393 746 2426 tribuere
771 2404 844 2425 non
869 2399 1069 2434 vereantur,
1097 2394 1159 2439 qui
1185 2399 1268 2427 ante
1297 2400 1483 2439 peccatum
1509 2400 1581 2427 tam

133 2441 274 2474 illarum
293 2440 538 2474 adfectionum
556 2452 662 2486 quam
687 2440 853 2473 interitus
880 2451 1003 2484 expers
1022 2446 1108 2482 erat,
1135 2446 1171 2474 et
1196 2440 1342 2486 quidem
1371 2440 1441 2473 hoc
1465 2442 1582 2485 ipsum

134 2489 222 2521 citra
249 2488 590 2522 demonstrationem
618 2488 776 2532 aliquam
805 2498 824 2520 e
850 2487 956 2520 sacris
983 2488 1134 2532 petitam
1161 2489 1291 2522 litteris
1318 2488 1463 2521 faciant.
1493 2498 1583 2532 qua-

134 2540 282 2580 propter
305 2535 399 2568 nihil
424 2535 505 2568 heic
532 2535 599 2567 tibi
622 2534 817 2568 verendum
842 2539 906 2567 est.
932 2545 1012 2567 nam
1035 2534 1216 2569 hominem
1243 2535 1288 2568 ad
1307 2535 1498 2579 imaginem
1522 2533 1583 2567 dei

136 2581 319 2615 conditum
344 2583 410 2616 tali
440 2583 484 2615 ab
512 2582 618 2615 initio
643 2588 771 2615 natura
797 2580 1002 2626 praeditum
1027 2582 1138 2616 fuisse
1156 2609 1165 2623 ‚
1195 2583 1363 2616 nimirum
1398 2582 1583 2615 immorta-

136 2628 163 2660 li
193 2634 228 2662 et
252 2629 416 2663 interitus
447 2635 616 2674 experte,
652 2641 692 2662 ac
716 2635 902 2674 praeterea
927 2639 1052 2674 corpus
1081 2630 1173 2663 illud
1199 2630 1322 2663 Adami
1348 2629 1450 2663 nullo
1473 2628 1581 2662 modo

136 2675 203 2708 ulli
233 2677 388 2721 passioni
420 2676 617 2710 obnoxium
652 2676 780 2716 fuisse,
823 2687 928 2721 supra
948 2676 1132 2710 interitum
1162 2677 1300 2710 scilicet.
1318 2687 1458 2710 omnem
1484 2676 1582 2721 posi-

134 2727 237 2763 tum,
269 2722 444 2756 Iohannes
482 2723 545 2756 ille
581 2728 702 2757 noster
730 2722 1000 2766 Chrysostomus
1042 2729 1077 2758 et
1111 2724 1287 2770 prolixius
1331 2729 1366 2757 et
1390 2723 1520 2757 clarius
1543 2728 1582 2756 to
