1826 3120
607 149 895 191 ANNALmM
936 151 1071 192 PARS
1110 154 1141 192 1.
1497 153 1514 187 1
1527 134 1562 201 4
1576 154 1594 188 ι

144 270 277 310 μενος·
317 251 430 308 ἔχεις
457 252 535 307 γάρ
563 249 636 294 τὸν
664 254 860 308 Σιναΐτην
885 257 1002 295 θεῖον
1026 252 1306 297 Ἀναστὰσιον
1340 256 1510 308 λε’-γοντα
1539 270 1598 309 μη

144 323 217 365 τὸν
251 318 356 364 θεὸν
395 316 506 362 εἶναι
544 321 627 361 τῶν
665 318 867 362 τοιούτων
907 318 1070 373 αἴτιον,
1110 319 1240 376 αὐτην
1268 322 1314 364 δὲ
1341 323 1500 375 μᾶλλον
1526 318 1600 375 τὴν

143 387 275 446 φύσιν
303 384 375 430 καί
400 385 474 441 την
502 387 586 428 τῶν
613 382 831 441 τεσσάρων
856 388 1077 440 στοιχείων
1105 386 1349 443 συνδρομὴν
1378 386 1453 429 καὶ
1478 385 1600 430 συνέ-

142 459 299 498 λευσιν.
366 447 416 495 ἂν
457 450 536 507 γάρ
565 450 723 508 εὑρεθῇ
748 453 982 507 πλημμύρα
1012 454 1089 494 τοῦ
1115 455 1282 509 θερμοῦ
1314 452 1522 508 στοιχείου
1554 455 1600 496 ἐν

104 522 191 578 5τῇ
221 517 312 578 αῗρᾳ
355 521 430 575 τῆς
474 519 551 560 τοῦ
593 519 782 574 βρέφους
822 517 1097 572 συλλήψεως,
1141 522 1305 575 θερμῆς
1334 521 1522 576 κράσεως
1549 518 1596 562 τό

139 585 381 640 τικτόμενον
408 583 593 640 γίνεται·
652 582 729 626 ἐὰν
759 585 806 626 δὲ
832 582 879 625 τὸ
904 582 1075 639 ψυχρὸν
1103 586 1453 646 καθυπερτερήσῃ
1484 602 1600 630 στοι-ι

137 660 278 708 χεῖον,
308 652 578 707 ψυχροτέρας
604 651 728 701 ἕξεως
755 646 994 706 εὗρίσκεται
1012 649 1058 693 τὸ
1089 651 1343 705 τικτόμενον.
1402 656 1600 696 ἐντεῦθεν

138 719 286 763 λοιπὸν
327 716 352 760 ἱί
379 734 424 760 τε
459 716 666 772 θυμώδης
708 719 782 759 καί
812 716 834 758 ὅ
874 718 1035 772 πρᾶος,
1080 717 1102 759 ὅ
1137 718 1329 774 ἀνδρεῖος
1354 722 1427 762 καί
1451 718 1597 769 δειλός.

138 788 212 829 καί
235 783 317 840 ὅρα
346 783 418 828 τὸν
437 786 516 827 σῦν
544 782 616 826 καί
642 782 713 826 τὸν
742 782 915 841 ἔλαφον,
944 781 1015 826 τὸν
1040 786 1119 838 μὲν
1147 783 1254 840 πρὸς
1285 784 1467 840 πόλεμον
1496 788 1599 829 ἕτοι-

79 850 217 907 ιομον
250 850 321 894 διὰ
352 849 616 906 θερμότητα,
649 850 722 892 τὸν
751 851 798 891 δὲ
829 849 905 905 τήν
929 848 1070 906 μάχην
1104 853 1312 907 φεύγοντα
1345 851 1415 894 ὁιοὶ
1445 851 1520 907 τὴν
1552 854 1637 896 ὲκΒ

136 917 408 974 ψυχρότητος
438 916 553 973 αὐτῷ
580 918 824 973 προσοῦσαν
855 918 1027 959 δειλίαν.
1062 915 1135 960 ἐὰν
1166 919 1212 959 δὲ
1241 915 1287 959 τὸ
1316 917 1439 973 ξηρὸν
1467 916 1598 973 ὕπερ-

135 983 292 1043 τερήσῃ
322 990 550 1038 στοιχεῖον,
583 981 794 1040 νηφάλιόν
820 999 916 1026 τινα
946 984 1019 1026 καί
1045 982 1250 1039 γρήγορον
1280 985 1494 1027 α’ποτίκτει
1523 981 1600 1028 ἆν-

135 1056 319 1108 θρωπον.
380 1053 446 1108 ἐφ’
487 1045 523 1110 ᾧ
551 1049 630 1092 καί
652 1066 716 1099 τις
748 1051 910 1107 σοφός,
941 1044 971 1109 ᾧ
1006 1045 1138 1104 ὄνομα
1162 1048 1453 1107 ἹΙράκλειτος,
1482 1051 1597 1107 ἔλεγε

135 1117 284 1174 »ψυχή
317 1119 518 1174 ξηροτέρη
564 1118 838 1173 σοφωτέρη,”
875 1116 1021 1172 ψυχὴν
1063 1119 1249 1159 ἐνταῦθα
1278 1116 1354 1173 τὴν
1379 1120 1455 1160 τοῦ
1484 1120 1598 1174 ἐγκε-

74 1192 121 1233 15
136 1184 274 1243 φάλου
303 1187 482 1234 καλέσας
502 1184 665 1226 οὐσίαν.
725 1183 798 1226 ἐὰν
830 1185 874 1226 δὲ
904 1184 951 1225 τὸ
986 1181 1114 1239 ὑγρὸν
1141 1183 1349 1242 πλεονάσῃ
1379 1192 1597 1240 στοιχεῖον,

132 1251 297 1308 νωθρὸν
333 1268 426 1294 τινα
463 1257 580 1292 ποιεῖ
600 1253 673 1292 καί
696 1252 952 1305 δυσκίνητον.
1029 1249 1133 1292 κατὰ
1163 1252 1296 1293 ταῦτα
1325 1249 1470 1294 λοιπὸν
1499 1249 1524 1308 ἦ
1552 1253 1598 1295 ἐκ

134 1317 306 1376 φύσεως
333 1316 520 1373 πραότης
549 1314 751 1374 φρόνησίς
783 1333 830 1358 τε
859 1316 932 1359 καί
955 1316 1213 1372 σωφροσύνη
1240 1317 1316 1358 οὐκ
1336 1319 1487 1372 α’ρεταί
1512 1324 1598 1369 τοῖς

131 1387 266 1434 θείοις
307 1383 494 1440 πατράσι
541 1383 776 1439 κρίνονται,
818 1383 977 1439 φυσικὰ
1018 1384 1064 1424 δὲ
1100 1381 1451 1439 πλεονεκτήματα.
1526 1387 1600 1427 καί

131 1450 310 1507 πρόσχες
349 1450 464 1508 αὐτῷ
493 1452 550 1507 τῷ
581 1447 750 1507 μεγάλῳ
779 1448 992 1507 Βασιλείῳ
1040 1450 1198 1503 λέγοντι
1227 1449 1435 1503 »πολλοὺς
1467 1449 1596 1505 ε”γνων

66 1517 262 1576 ῃοφύσει
306 1519 535 1572 μισοῦντας
571 1515 618 1558 τὸ
653 1519 885 1571 μίγνυσθαι
929 1517 1111 1571 γυναικί.
1170 1510 1239 1570 ἆρ’
1262 1512 1338 1558 οὖν
1371 1516 1634 1572 σώφροναςῦ

130 1584 288 1635 αὐτοὺς
325 1581 612 1638 ὀνομάσομενς
653 1579 874 1636 οὐδαμῶς·
944 1581 1202 1639 σωφροσύνη
1230 1581 1310 1637 γάρ
1340 1584 1455 1625 ἐστιν
1483 1582 1591 1639 αὕτη

129 1653 157 1707 ἦ
187 1651 402 1707 ἐγκράτεια
431 1649 504 1692 καὶ
529 1648 575 1692 τὸ
606 1648 848 1704 μαχόμενον
873 1648 1170 1706 περιγενέσθαι
1188 1652 1273 1692 τῶν
1294 1647 1490 1705 ἦὸ“ονῶν.”
1521 1652 1596 1693 καί

130 1719 230 1774 περὶ
252 1720 331 1772 μὲν
356 1718 511 1760 τούτων
540 1714 683 1765 οὕτως.

131 1820 339 1856 Anastasius
364 1819 540 1860 Sinastes,
571 1818 622 1851 ait
654 1816 761 1850 deum
787 1829 859 1851 non
898 1828 975 1851 esse
1013 1817 1140 1850 talium
1167 1822 1361 1858 auctorem,
1388 1817 1451 1850 sed
1474 1817 1590 1863 ipsam

130 1869 252 1914 potius
279 1874 444 1901 naturam
472 1872 509 1900 et
538 1866 798 1899 elementorum
822 1871 995 1909 quattuor
1019 1875 1242 1899 concursum.
1268 1876 1349 1897 nam
1375 1865 1405 1898 si
1432 1865 1591 1898 elemen-

131 1917 161 1950 ti
187 1915 295 1950 calidi
315 1914 539 1948 abundantia
565 1919 727 1958 tempore
754 1912 1000 1957 conceptionis
1018 1911 1243 1952 inveniatur,
1269 1917 1590 1956 temperamentum

131 1974 278 2010 quoque
305 1962 463 1996 calidum
491 1960 722 2006 consequitur
745 1959 783 1992 id
800 1959 897 2004 quod
914 1965 989 1992 tum
1014 1959 1180 2003 gignitur.
1206 1958 1262 1991 sin
1280 1959 1451 1992 elementi
1468 1959 1590 2004 frigidi

130 2012 183 2045 vis
207 2011 320 2044 maior
345 2011 466 2051 fuerit,
497 2010 591 2042 fetus
619 2008 725 2042 etiam
760 2006 910 2051 frigidus
936 2011 1154 2050 procreatur.
1182 2005 1307 2038 eadem
1334 2006 1378 2040 de
1403 2018 1508 2040 causa
1531 2007 1591 2041 vel

130 2058 295 2092 iracundi
331 2058 390 2092 vel
428 2058 552 2097 mites,
582 2056 641 2089 vel
678 2055 788 2087 fortes
827 2053 885 2086 vel
923 2052 1151 2086 formidolosi
1187 2053 1350 2087 homines
1383 2054 1588 2098 gignuntur.

131 2118 257 2152 aprum
282 2105 364 2139 heic
389 2105 479 2138 mihi
508 2115 586 2138 cum
607 2113 709 2136 cervo
735 2102 899 2142 intuere,
924 2112 1073 2146 quorum
1101 2101 1166 2134 ille
1193 2107 1336 2146 paratus
1367 2107 1421 2134 est
1447 2101 1492 2134 ad
1519 2113 1590 2147 pu-

130 2166 236 2199 gnam
262 2152 308 2187 ob
346 2153 523 2193 calorem,
562 2151 645 2184 heic
674 2160 828 2195 pugnam
868 2148 1076 2182 reformidat
1118 2154 1155 2181 et
1181 2148 1274 2193 fugit
1301 2148 1347 2182 ob
1376 2160 1453 2182 eam
1480 2160 1590 2194 quam

131 2201 243 2236 habet
271 2212 314 2234 ex
334 2200 488 2245 frigore,
520 2199 764 2233 timiditatem.
795 2195 926 2241 quodsi
950 2195 1189 2229 abundaverit
1214 2196 1299 2229 sicci
1323 2196 1375 2229 vis
1403 2197 1587 2239 elementi,

130 2249 238 2283 homo
267 2248 409 2282 sobrius
439 2254 548 2294 atque
571 2247 659 2291 vigil
686 2249 904 2290 procreatur.
925 2242 969 2276 de
995 2255 1066 2288 quo
1087 2244 1223 2288 priscus
1249 2243 1397 2289 quidam
1423 2244 1589 2289 philoso-

130 2297 223 2343 phus
252 2296 456 2329 Heraclitus
482 2295 594 2335 dixit,
619 2294 774 2326 animam
805 2302 876 2336 quo
902 2291 1027 2333 sicci-or
1053 2292 1119 2332 sit,
1147 2301 1189 2324 eo
1212 2291 1469 2336 sapientiorem
1496 2303 1586 2335 esse;

131 2344 267 2390 quibus
303 2343 342 2376 in
368 2343 488 2377 verbis
517 2342 671 2375 animam
705 2344 809 2374 vocat
842 2338 1031 2372 essentiam
1057 2338 1208 2372 cerebri.
1238 2339 1268 2371 si
1295 2338 1454 2384 denique
1481 2340 1587 2384 copia

131 2391 254 2436 frigidi
281 2391 450 2424 elementi
484 2388 727 2435 superaverit,
766 2387 920 2431 gignitur
942 2386 1087 2431 ignavus
1118 2385 1266 2431 quidam
1290 2385 1395 2419 homo
1412 2412 1421 2427 ,
1448 2387 1586 2431 quique

132 2438 330 2473 difficulter
363 2437 408 2471 ad
443 2437 619 2483 agendum
645 2435 855 2480 impellitur.
882 2444 954 2479 quo
979 2434 1021 2467 fit
1043 2439 1084 2467 ut
1107 2433 1309 2467 naturalem
1336 2434 1586 2467 mansuetudi-

131 2497 213 2520 nem
234 2485 467 2531 prudentiam
491 2484 768 2530 temperantiam
793 2492 868 2514 non
884 2481 1055 2514 virtutum
1080 2481 1160 2514 loco
1188 2480 1302 2514 divini
1328 2487 1447 2526 patres
1471 2479 1586 2514 habe-

132 2539 215 2574 ant,
240 2533 303 2566 sed
342 2544 418 2566 esse
451 2532 632 2567 naturalia
668 2528 845 2577 quaedam
878 2528 1077 2570 beneficia,
1128 2528 1259 2574 quibus
1287 2528 1468 2562 excellant
1492 2528 1584 2562 alios

133 2580 219 2621 alii,
257 2585 426 2614 statuant.
492 2580 644 2613 Basilius
687 2576 776 2624 quid
811 2576 928 2617 dicat,
971 2575 1159 2610 advertito.
1182 2575 1339 2618 „multos
1364 2575 1449 2608 novi
1474 2576 1539 2620 qui
1564 2586 1585 2608 a

132 2632 259 2660 natura
284 2628 491 2673 complexus
515 2628 696 2660 Venereos
740 2623 859 2658 odere.
883 2635 968 2656 num
996 2634 1056 2669 eos
1085 2629 1327 2669 temperantes
1351 2622 1584 2656 vocabimus?

132 2685 374 2719 nequaquam:
401 2687 482 2708 nam
510 2673 749 2720 temperantia
775 2677 828 2704 est
844 2671 1067 2705 continentia
1093 2670 1271 2718 quaedam
1287 2696 1296 2711 ‚
1322 2681 1392 2715 qua
1417 2669 1585 2715 volupta—

132 2727 186 2755 tes
226 2722 414 2756 nobiscum
441 2727 639 2768 pugnantes
676 2719 883 2756 vincimus.”
909 2729 949 2752 ac
973 2717 1018 2752 de
1038 2718 1094 2752 his
1120 2718 1270 2764 quidem
1293 2717 1363 2752 hoc
1391 2716 1500 2765 modo
1527 2716 1584 2750 di-

132 2775 228 2803 ctum
257 2774 343 2802 esto.
