1826 3120
592 135 876 198 ANNALlUM
923 157 1058 199 PARS
1098 160 1129 197 1.
1485 157 1588 211 129

242 256 428 301 ’Πλάττει
459 260 536 311 μὲν
566 252 655 304 οὖν,
683 258 739 309 ὥς
769 258 957 315 εἴρηται,
986 264 1080 308 ταῖς
1110 260 1238 309 ἰδῖαις
1265 260 1390 314 χερσί
1413 257 1486 300 τὸν
1515 252 1589 300 ὅν-

129 328 302 381 θρωπον
342 323 365 366 ὃ
393 327 506 374 θεός.
575 327 676 379 ,,καί
711 324 865 379 ἔλαβε”
892 324 972 380 γάρ
1006 341 1112 381 φησι
1145 328 1278 379 ,,χοῦν
1307 323 1388 367 ἀπὸ
1417 326 1489 380 τῆς
1513 326 1589 380 γῆς

130 389 153 434 ὅ
179 390 304 444 θεός,
352 390 426 433 καί
464 389 621 433 ἔπλασε
659 390 732 433 τόν
775 386 1028 447 ἄνθρωπον,
1065 390 1138 433 καί
1165 389 1424 448 ἐνεφύσησεν
1456 393 1516 442 εἰς
1542 390 1588 433 τὸ

100 497 110 506 ,
130 458 355 514 πρόσωπον
394 458 535 500 αὐτοῦ
577 456 707 513 πνοήν
739 459 865 512 ζωῆς·
937 458 1011 499 καί
1038 458 1196 511 ἐγένετο
1225 455 1245 499 ὃ
1276 454 1500 513 ἄνθρωπος
1529 458 1590 507 εἰς

93 521 279 579 5ψυχῆν
319 524 493 575 ζῶσαν.”
566 523 747 578 εὐλόγως
778 519 853 565 οὖν
881 522 934 565 τὰ
964 524 1042 576 μὲν
1070 529 1253 577 χερσαῖα
1282 523 1416 566 πάντα
1449 522 1587 579 θνητοὶ

129 591 353 645 τυγχάνει·
411 592 560 646 ἐξῆλθε
594 587 698 646 γάρ,
738 606 891 647 φησιν,
930 588 1013 632 ἀπὸ
1055 592 1128 645 τῆς
1167 593 1243 646 γῆς
1288 589 1367 633 σὺν
1402 591 1514 648 αὐτῇ
1541 593 1590 648 τῇ

129 659 275 714 ψυχῇ·
334 657 622 711 ,,ε’ξαγαγέτω”
654 653 732 711 γάρ
765 672 894 713 φησιν
917 656 972 712 ,,ἦ
1000 659 1055 711 γῆ
1082 656 1228 712 ψυχὴν
1260 658 1434 709 ζῶσαν.”
1491 655 1512 698 ὃ
1543 659 1590 700 δὲ

129 717 354 778 ἅνθρωπος
389 720 515 776 μόνος
557 721 795 771 α’θανασίας
835 725 1091 778 μετέσχηκεν
1103 757 1115 776 ,
1163 719 1229 764 ὅτι
1257 722 1327 764 διὰ
1360 725 1439 766 τοῦ
1468 725 1590 765 θείου

129 788 438 846 ἑμφυσῆματος
481 790 556 831 καί
592 790 669 831 οὐκ
700 786 783 830 α’πό
813 791 888 845 γῆς
919 788 1046 843 ἔλαβε
1074 787 1148 845 τήν
1177 789 1352 844 ψυχήν·
1408 789 1590 846 „522⁶an-

71 873 117 901 10
130 858 255 912 σησε”
282 854 360 912 γάρ
393 871 522 911 φησιν
550 855 638 908 ,,εἷς
668 854 713 897 τὸ
744 857 969 910 πρόσωπον
998 855 1135 897 αὐτοῦ’
1162 856 1292 911 πνοὴν
1321 858 1481 911 ζωῆς,”
1508 853 1588 898 αὖ·

127 921 205 978 τήν
230 919 307 977 τήν
351 920 503 976 νοεριὶν
542 920 732 977 δηλονότι
777 920 940 977 ψυχήν.
1007 922 1106 964 οὐδὲ
1136 920 1216 978 γάρ
1249 921 1331 964 α’πὸ
1361 926 1437 977 γῆς
1465 918 1585 978 αὕτη.
1600 931 1635 965 Ρ.
1649 932 1695 966 68

127 988 202 1030 καί
229 990 379 1029 πείθου
428 990 483 1044 τῷ
511 987 696 1045 θεολόγῳ
737 990 778 1029 Γ
777 988 955 1046 ρηγοριέρ
998 989 1096 1042 περὶ
1135 990 1208 1043 τῆς
1251 989 1329 1030 τοῦ
1358 986 1588 1044 ἀνθρώπου

126 1053 320 1102 πλάσεως
349 1050 480 1103 οὕτως
499 1051 606 1095 κατὰ
631 1054 748 1110 ῥῆμα
778 1054 973 1104 διεξιόντι
1003 1056 1106 1108 „nal
1133 1053 1249 1109 παρὰ
1277 1056 1356 1108 μὲν
1385 1058 1457 1110 τῆς
1485 1051 1590 1110 ὕλης

128 1118 271 1174 λαβών
300 1118 345 1162 τὸ
376 1121 501 1173 σῶμα
543 1116 624 1175 ἤδη
670 1120 1022 1176 προῦποστάσης,
1062 1122 1161 1174 παρ’
1192 1117 1353 1163 ἑαυτοῦ
1381 1123 1428 1163 δὲ
1459 1121 1592 1177 πνοήν

69 1189 115 1231 15
128 1187 290 1240 ἐνθείς,
319 1183 342 1227 ὃ
372 1185 422 1242 δη
455 1184 602 1243 νοερὰν
630 1184 779 1242 ψυχήν
805 1189 911 1229 θεοῦ
941 1185 1052 1229 οἶδεν
1081 1186 1102 1229 ὁ
1133 1188 1274 1243 λόγος,
1307 1186 1492 1245 παράγει
1520 1187 1592 1231 τόν

127 1247 401 1306 ἄνθρωπον.”
458 1251 642 1309 πρόσεχε
685 1249 772 1295 οὖν.
831 1253 977 1308 ἐπειδὴ
1016 1253 1099 1309 γὰρ
1144 1254 1170 1309 ἦ
1215 1253 1340 1307 νοερά
1384 1254 1504 1310 ψυχὴ
1537 1257 1590 1297 δι’

126 1318 431 1375 ἐμφυσήματος
468 1321 525 1377 τῷ
553 1318 764 1377 ἀνθρώπῳ
809 1321 1035 1362 ε’ντέθειται
1063 1319 1178 1375 παρὰ
1204 1324 1335 1375 θεοῦ,
1368 1319 1438 1363 διὰ
1468 1326 1589 1364 τοῦτο

126 1387 200 1427 καί
225 1383 441 1434 α’θάνατός
471 1387 596 1428 ἐστιν.
658 1385 684 1441 ἦ
716 1387 763 1428 δὲ
791 1388 872 1428 τῶν
909 1385 1070 1440 ἀλόγων
1104 1385 1222 1438 ζώων
1249 1386 1369 1442 ψυχὴ
1401 1386 1482 1429 α’πὸ
1513 1390 1639 1443 γῆςν,
1653 1402 1696 1435 53

126 1452 358 1503 ἐξελθοῦσα
398 1450 500 1494 κατά
541 1451 616 1507 τὴν
659 1455 783 1495 θείαν
822 1451 968 1509 φωνην
1012 1451 1170 1508 γεώδης
1210 1454 1324 1509 ἐστι’,
1363 1452 1434 1496 διὰ
1461 1457 1588 1497 τοῦτο

61 1520 200 1562 αοκαί
227 1517 379 1573 θνητή.
437 1517 512 1561 καί
537 1518 636 1574 περὶ
659 1522 737 1572 μὲν
766 1517 927 1561 τούτων
959 1514 1110 1568 οὕτως.

238 1585 482 1640 Ἀναγκαῖον
523 1586 571 1628 δὲ
611 1586 768 1629 εἰδέναι
796 1601 871 1640 σε,
920 1587 1129 1642 οἷγαπητέ,
1171 1588 1244 1630 καί
1277 1588 1323 1630 τί
1347 1603 1476 1644 φησιν
1514 1588 1588 1629 ἐπὶ

221 1718 277 1742 21.
305 1707 345 1743 δὲ
370 1708 503 1743 deerat.

221 1817 343 1862 Fingit
367 1828 450 1863 ergo
490 1818 577 1851 deus
609 1817 791 1851 hominem
823 1819 980 1864 propriis
1005 1817 1195 1860 manibus,
1225 1825 1267 1853 ut
1291 1830 1411 1853 sacrae
1440 1819 1584 1855 litterae

129 1863 327 1910 loquuntur
351 1865 460 1908 (Gen.
483 1876 502 1898 2
531 1868 584 1913 7):
618 1871 787 1910 „sumpto
813 1866 858 1898 de
891 1872 987 1899 terra
1012 1867 1161 1911 pulvere
1185 1866 1273 1900 deus
1299 1866 1482 1901 hominem
1511 1869 1586 1902 sor-

128 1912 262 1953 mavit,
291 1917 328 1945 et
357 1912 396 1945 in
412 1913 489 1945 eius
514 1912 643 1946 faciem
670 1913 836 1958 spiritum
859 1914 1006 1947 vitalem
1030 1914 1232 1959 inspiravit,
1253 1925 1297 1947 ex
1321 1926 1394 1960 quo
1422 1916 1584 1949 animans

129 1961 278 1993 effectus
307 1961 395 1993 est.”
429 1959 588 2006 ideoque
626 1971 700 1993 nou
735 1960 797 1993 abs
838 1971 876 1993 re
908 1961 1079 1993 animalia
1119 1967 1247 1994 cuncta
1271 1962 1453 1995 terrestria
1476 1965 1583 1997 morti

129 2011 214 2040 sunt
237 2006 405 2040 obnoxia.
431 2009 566 2053 quippe
593 2007 638 2041 de
664 2014 757 2041 terra
783 2012 861 2040 orta
884 2013 968 2041 sunt
985 2008 1063 2053 ipsa
1089 2019 1169 2042 cum
1193 2010 1322 2050 anima,
1350 2010 1586 2055 quemadmo-

128 2052 215 2086 dum
239 2055 349 2088 sacris
375 2055 414 2088 iu
440 2055 570 2089 litteris
597 2061 650 2089 est
681 2055 813 2088 dixisse
839 2054 946 2087 deum
970 2055 1082 2096 „edat
1104 2061 1200 2089 terra
1224 2057 1370 2090 vitalem
1395 2058 1584 2091 animam.¹'

127 2101 224 2134 solus
249 2107 370 2135 autem
409 2101 516 2136 homo
555 2103 670 2136 factus
709 2108 763 2136 est
789 2102 1068 2136 immortalitatIS
1111 2114 1155 2137 ex
1182 2114 1225 2136 eo
1259 2105 1454 2150 particeps,
1484 2105 1584 2150 quod

127 2148 282 2182 animam
307 2160 372 2194 per
396 2149 566 2183 adflatum
596 2156 632 2184 et
657 2150 928 2195 inspirationem
955 2149 1137 2193 divinam,
1166 2162 1240 2183 non
1267 2163 1286 2184 e
1312 2149 1406 2184 terra
1432 2154 1583 2198 accepit.

127 2206 209 2229 nam
234 2197 273 2230 in
305 2197 432 2230 faeiem
461 2198 537 2230 eius
569 2198 732 2243 spiritum
755 2197 902 2230 vitalem
926 2197 1136 2242 inspiravit,
1165 2198 1336 2232 nimirum
1361 2201 1476 2244 ipsam
1504 2201 1583 2232 ani-

128 2254 220 2276 mam
250 2244 479 2289 intelligendi
515 2245 687 2278 facultate
720 2244 930 2290 praeditam.
958 2256 1024 2278 nec
1050 2246 1143 2278 enim
1170 2245 1241 2279 dici
1265 2252 1387 2292 potest
1413 2246 1506 2280 hanc
1535 2248 1581 2281 de

129 2296 223 2324 terra
249 2292 439 2325 exstitisse.
464 2292 700 2337 persuadebit
728 2292 796 2325 hoe
823 2291 888 2325 tibi
924 2292 1031 2325 facile
1058 2294 1252 2337 Gregorius
1282 2294 1346 2327 ille
1377 2293 1581 2339 theologus,

129 2338 193 2382 qui
218 2337 263 2371 de
297 2339 452 2373 hominis
490 2340 706 2374 formatione
730 2341 780 2372 sic
814 2339 860 2372 ad
883 2338 1031 2372 verbum
1058 2340 1201 2374 disserit
1223 2352 1331 2382 „cum
1356 2341 1401 2374 de
1430 2343 1580 2376 materie

129 2395 272 2427 crassa,
308 2398 400 2432 quae
440 2388 510 2420 iam
549 2387 748 2428 existebat,
785 2398 912 2431 corpus
944 2388 1180 2432 sumpsisset,
1214 2389 1322 2434 eique
1345 2389 1511 2433 spiritum
1536 2401 1580 2422 ex

129 2434 319 2478 semetipso
346 2434 550 2476 indidisset,
575 2436 675 2468 cuius
713 2434 956 2479 appellatione
983 2434 1087 2469 nobis
1105 2436 1222 2469 anima
1247 2436 1517 2480 intelligentiae
1542 2437 1580 2470 vi

128 2479 290 2523 praedita
330 2486 367 2514 et
394 2482 510 2526 imago
545 2482 606 2515 dei
637 2483 755 2522 venit,
789 2481 972 2514 hominem
1003 2482 1041 2515 in
1073 2489 1189 2516 ortum
1223 2482 1424 2527 producit.''
1448 2484 1577 2516 iccirco

128 2525 235 2559 velim
261 2528 542 2571 animadvertas,
566 2529 664 2575 quod
690 2541 769 2562 cum
787 2530 904 2562 anima
930 2527 1195 2574 intelligentiae
1216 2531 1251 2564 vi
1279 2536 1405 2563 ornata
1429 2541 1493 2574 per
1520 2531 1578 2564 in-

129 2573 360 2618 spirationem
383 2575 519 2610 homini
545 2588 566 2609 a
591 2577 659 2610 deo
689 2577 799 2610 suerit
823 2577 953 2616 insita,
989 2576 1052 2609 illa
1076 2578 1155 2623 ipsa
1178 2578 1284 2610 etiam
1310 2577 1354 2610 de
1379 2589 1485 2610 causa
1509 2578 1577 2610 im-

129 2621 289 2655 mortalis
316 2623 372 2656 sit.
399 2630 436 2657 at
473 2624 661 2658 brutorum
689 2625 805 2656 anima
842 2625 939 2656 iussu
966 2622 1087 2657 divino
1113 2631 1237 2658 exorta
1258 2625 1303 2658 de
1328 2624 1437 2658 humo
1463 2630 1577 2658 terre-

131 2667 213 2701 stris
243 2674 296 2702 est
330 2668 485 2716 ideoque
524 2672 631 2705 morti
668 2672 835 2705 obnoxia.
864 2676 900 2704 et
934 2669 978 2703 de
1007 2670 1062 2705 his
1096 2671 1243 2717 quidem
1284 2671 1351 2704 hoc
1388 2671 1495 2706 modo
1518 2671 1577 2705 di-

131 2719 229 2748 ctum
252 2720 341 2749 esto.

225 2761 322 2796 Scire
358 2768 477 2798 autem
508 2763 618 2799 debes
651 2764 740 2809 quid
764 2762 829 2797 hac
855 2763 891 2798 in
914 2769 1017 2809 parte
1036 2764 1305 2808 Chrysostomus
1333 2776 1478 2812 quoque
1504 2771 1575 2798 tra-

204 2834 347 2879 Glycas.
398 2846 414 2862 v
1284 2845 1307 2876 9
