1826 3120
619 122 906 167 ANNALmM
946 124 1083 168 miss
1126 127 1180 168 n.
1497 107 1609 183 367

255 222 304 267 ‘O
332 223 380 266 δὲ
393 238 440 278 γε
470 224 726 282 διαληφθεὶς
754 227 958 280 βασιλεύς
989 228 1063 269 καί
1077 224 1443 283 ἐγγαστριμύθους
1472 228 1616 283 ἕποιἠ-
1627 247 1662 281 p,
1682 257 1745 294 ,97

146 305 221 345 σε,
267 292 342 332 καί
388 287 579 345 γνώστας
622 286 716 346 ἦτοι
756 289 932 345 μάντεις
970 291 1327 348 ἐπλήθυνε,“και’
1358 291 1406 335 τὸ
1445 293 1616 336 πάντων

145 357 424 412 ἀνοσιώτερον
434 389 447 411 ,
492 358 537 399 ἐν
575 360 634 415 τῷ
673 360 777 417 θείῳ
825 361 904 416 νεῷ
942 357 990 402 τὸ
1030 361 1106 414 τῆς
1149 357 1384 403 ‹inanducat›
1415 361 1616 411 δαίμονος

146 421 322 480 ἔστησεν
361 418 549 478 ἄγαλμα.
620 424 669 473 οὗ
698 423 828 479 μόνον
863 427 910 467 δὲ
953 423 1143 475 εἰδώλοις
1171 423 1396 482 ἐλάτρευεν
1428 427 1474 469 ἐν
1500 425 1616 469 ἔτεσι

108 491 398 546 ὅπεντὴκοντα
434 491 509 532 καί
548 488 649 544 δύο,
701 489 812 534 α’λλὰ
860 493 934 534 καί
972 488 1082 545 αἷμα
1133 491 1277 551 ἀθῷον
1316 494 1499 548 ἐξέχεεν,
1528 493 1614 536 εἴτε

143 559 377 613 προφητῶν
413 555 498 600 εἴτε
526 559 600 599 καί
627 553 766 600 ἄλλων
787 560 915 600 τιναῗν
944 559 1149 612 ειῖσεβιὸν.
1209 561 1283 601 καί
1308 556 1437 603 αὐτὸν
1463 562 1511 603 δὲ
1537 559 1614 603 τόν

140 624 319 666 Ἡσαΐαν
351 626 501 681 ξυλίνῳ
534 626 704 678 λέγουσι
733 629 884 679 πρῖσαι
911 627 1066 678 πρίονι.
1126 623 1233 681 πλὴν
1260 623 1320 676 αῗς
1342 643 1448 683 φησι
1466 630 1508 669 Γ
1507 626 1614 683 ειόρ-

138 688 477 745 γιος,Μαροὸ”ἀχ
501 684 704 744 βασιλεὺς
731 691 967 745 Ἀσσυρίων
997 692 1217 748 δεσμώτην
1247 690 1377 748 ἤγαγε
1407 693 1482 736 τὸν
1502 698 1612 737 Μα-

138 759 310 811 νασσῆν,
338 757 414 798 καί
441 754 588 809 βαλών
615 757 661 797 ἐν
692 759 866 815 φυλακῇ
895 753 1007 815 ἄρτῳ
1038 760 1243 816 πιτυρίνῳ
1273 759 1347 800 καί
1374 755 1506 802 ὕδατι
1531 759 1612 802 σὺν

80 840 129 868 10
141 817 226 874 ὄξει
254 821 440 880 ἔτρεφεν.
509 820 567 872 ὥς
600 824 648 864 δὲ
680 825 754 864 καί
792 822 816 864 ὅ
853 821 1075 874 θειότατός
1103 841 1235 881 φησιν
1260 825 1538 876 Ἀναστάσιος
1565 830 1648 877 ἐξΒ

138 887 361 943 ἱστορικῶν
406 890 532 930 τινιὸν
566 890 699 930 τοῦτο,
721 887 898 942 μαθών,
945 891 1019 932 καί
1048 891 1186 949 ζωὸϊῳ
1212 893 1358 950 χαλκῷ
1384 891 1502 948 παρὰ
1531 895 1609 936 τοῦ

136 957 346 1010 βασιλέως
363 956 617 1008 Βαβυλῶνος
648 954 902 1009 ἐμβάλλεται
919 972 930 984 ·
991 957 1086 999 ἄλλ’
1111 955 1232 999 ἔνδον
1259 961 1332 1001 τοῦ
1364 959 1518 1010 ζωὸίου
1551 956 1611 1002 ὢν

137 1023 298 1076 ἐπέγνω
326 1037 372 1062 τε
415 1019 491 1064 τὸν
519 1019 622 1063 θεὸν
662 1020 738 1063 καὶ
760 1018 838 1076 τὴν
866 1020 978 1080 ιιόδὴν
1007 1022 1209 1077 ἔψαλλεν.
1268 1027 1341 1081 ἐφ’
1369 1019 1405 1084 ᾧ
1432 1027 1506 1067 καί
1533 1028 1612 1068 ὃν-

138 1086 261 1142 νιέμει
292 1091 390 1148 θείᾳ
418 1086 623 1143 ὃιερράγη
653 1086 699 1130 τὸ
723 1088 919 1142 εἶδ’ωλον,
947 1091 1022 1132 καί
1046 1086 1220 1144 ἅγγελος
1250 1090 1399 1146 κυρίου
1427 1091 1612 1149 κατήγα-

75 1163 124 1204 1¹5
137 1171 214 1210 γεν
236 1150 370 1198 αὐτὸν
398 1155 459 1204 εἰς
486 1152 776 1210 Ἱεροσόλυμα.
834 1158 908 1198 καί
925 1155 1047 1213 ἔζησε
1072 1155 1121 1199 τὸ
1152 1155 1296 1199 λοιπὸν
1324 1160 1370 1201 ἐν
1396 1160 1610 1218 μετανοίᾳ,

135 1222 209 1264 nal
229 1220 282 1265 τοὶ
311 1218 578 1277 προλαβόντα
605 1220 898 1277 διωρθώσατο.
940 1226 1125 1265 τοσαῦτα
1160 1225 1206 1266 δὲ
1236 1225 1293 1274 εἷς
1319 1224 1422 1268 θεὸν
1448 1228 1608 1283 ἐπλημ-

135 1290 321 1343 μέλησεν
371 1285 428 1338 ώς
456 1290 529 1330 καί
569 1287 642 1330 τὸν
668 1288 889 1331 θειότατον
915 1289 1192 1333 Ἀναστόσιον
1220 1289 1356 1340 οὕτως
1381 1294 1513 1335 εἰπεῖν
1541 1295 1612 1346 »εἰ

140 1356 389 1409 Μανασσῆν
415 1353 574 1397 ἔσωσεν
602 1354 621 1397 ὃ
651 1352 770 1408 θεός,
802 1358 944 1408 τολμῶ
970 1358 1102 1399 εἰπεῖν
1131 1355 1189 1407 ὥς
1214 1357 1378 1401 καὶτὸν
1407 1359 1606 1414 διάβολον

136 1419 296 1464 ἔσωσεν
325 1417 398 1474 ἄν,
431 1420 549 1475 εἴπερ
581 1423 837 1476 ἐπιστρέψαι
867 1413 1113 1478 ἢθέλησεν.”

69 1509 125 1537 20
247 1487 379 1531 Μετὰ
411 1488 458 1530 δὲ
490 1491 734 1543 ΙΙΙανασσῆν
771 1491 1046 1542 ἐβασίλευσεν
1069 1489 1247 1544 Ἀμμώς
1276 1490 1298 1534 ὅ
1328 1490 1423 1541 υἱὸς
1452 1493 1646 1542 αΰτοῦ.ο

137 1549 260 1605 οὗτος
289 1555 367 1610 τὴν
393 1557 473 1609 μὲν
501 1554 708 1612 πατρικὴν
734 1553 934 1611 ἀσέβειαν
963 1556 1227 1613 ἐμιμήσατο,
1259 1559 1311 1600 οὐ
1338 1558 1423 1616 μὴν
1451 1560 1499 1602 δὲ
1527 1558 1604 1614 τήν

225 1786 417 1821 Caeterum
450 1784 509 1818 hic
530 1785 606 1830 ipse
634 1796 714 1826 rex,
741 1797 814 1831 quo
841 1786 888 1819 de
913 1788 1060 1832 agimus,
1085 1788 1195 1821 etiam
1219 1789 1469 1835 ventriloquos
1496 1791 1602 1824 insti-

130 1835 205 1870 tuit
229 1841 267 1868 et
289 1839 498 1880 gnostarum
524 1833 599 1866 sive
617 1832 862 1866 divinatorum
890 1846 1078 1868 numerum
1104 1835 1225 1879 auxit3
1251 1836 1426 1882 quodque
1441 1839 1602 1872 omnium

129 1883 286 1917 maxime
312 1881 463 1927 impium
499 1886 595 1922 erat,
620 1880 823 1925 impudicae
864 1881 953 1914 deae
990 1882 1218 1916 simulacrum
1247 1883 1372 1918 divino
1396 1885 1433 1917 in
1463 1887 1600 1931 templo

130 1931 270 1965 statuit.
295 1940 415 1974 neque
433 1933 574 1961 tautum
600 1927 762 1961 deastros
780 1928 946 1972 religiose
967 1930 1081 1962 coluit
1105 1935 1201 1963 totos
1225 1932 1487 1977 quinquaginta
1508 1933 1600 1967 duos

129 1989 264 2020 annos,
302 1976 541 2011 verumetiam
581 1976 794 2020 sanguinem
834 1976 1022 2009 innoxium
1055 1982 1126 2010 tam
1153 1983 1274 2012 vatum
1310 1991 1418 2024 quam
1444 1981 1599 2015 aliorum

130 2023 359 2072 quorundam
386 2024 530 2070 piorum
557 2022 746 2056 hominum
776 2022 883 2056 fudit.
909 2025 998 2068 quin
1028 2029 1064 2057 et
1089 2025 1206 2070 ipsum
1235 2026 1374 2060 Esaiam
1401 2027 1600 2072 perhibent

134 2073 181 2107 ab
206 2084 249 2106 eo
274 2083 370 2105 serra
408 2071 530 2115 lignea
556 2069 751 2104 dissectum
778 2081 866 2103 esse.
894 2070 958 2104 sed
986 2071 1155 2114 tandem,
1198 2079 1240 2106 ut
1269 2073 1444 2119 Georgius
1470 2082 1599 2110 auctor

131 2126 203 2162 est,
233 2117 475 2154 Marodachus
507 2129 570 2151 rex
593 2118 818 2162 Assyriorum
844 2118 1044 2152 Manassem
1071 2119 1116 2152 ab
1154 2131 1191 2153 se
1222 2127 1367 2166 captum
1393 2128 1430 2156 et
1453 2123 1492 2156 in
1516 2124 1597 2157 vin-

130 2168 211 2202 cula
245 2167 448 2200 coniectum
477 2165 652 2206 abduxit,
694 2177 735 2198 ac
757 2176 850 2210 pane
881 2165 926 2198 de
951 2166 1090 2200 furfure
1115 2169 1280 2202 confecto
1305 2174 1343 2203 et
1371 2181 1465 2215 aqua
1491 2178 1595 2204 aceto

130 2215 302 2262 permista
339 2213 439 2247 aluit,
471 2219 661 2259 praeterea
698 2213 838 2246 divinus
876 2213 940 2245 ille
972 2213 1181 2248 Anastasius
1220 2223 1496 2260 commemorat,
1535 2231 1596 2252 ac·-

129 2269 234 2308 cepta
276 2260 375 2294 haud
417 2260 528 2294 dubie
563 2260 772 2294 huiusmodi
811 2260 1018 2294 narratione
1065 2262 1281 2307 quibusdam
1313 2276 1357 2298 ex
1388 2264 1594 2307 historicis,

130 2311 331 2344 Manassem
356 2309 396 2341 in
421 2308 555 2341 animal
581 2308 763 2354 quoddam
791 2307 969 2341 aheneum
998 2320 1018 2341 a
1042 2320 1123 2354 rege
1150 2310 1347 2355 Babylonio
1384 2313 1595 2346 conclusum

130 2358 262 2400 fuisse3
285 2357 324 2389 in
354 2366 427 2401 quo
454 2355 625 2401 deinceps
652 2355 759 2389 deum
785 2356 931 2399 agnovit
967 2361 1004 2389 et
1027 2367 1169 2390 carmen
1197 2359 1292 2392 illud
1320 2371 1422 2393 suum
1450 2361 1594 2394 cecinit.

130 2409 352 2450 quapropter
375 2402 499 2436 divina
523 2403 560 2436 vi
578 2403 769 2436 simulacro
795 2408 902 2448 rupto
928 2403 1074 2448 angelus
1101 2416 1182 2438 eum
1207 2406 1458 2451 Hierosolyma
1485 2408 1595 2440 redu-

129 2453 206 2494 xit,
234 2451 297 2484 ubi
326 2450 497 2496 deinceps
523 2450 562 2483 iu
589 2456 836 2484 anteactorum
875 2451 1102 2495 poenitentia
1137 2453 1228 2487 vixit
1251 2460 1289 2487 et
1312 2455 1430 2499 priora
1458 2455 1592 2488 delicta

131 2498 347 2532 emendavit.
372 2503 427 2531 tot
451 2502 574 2531 autem
595 2504 771 2543 tantaque
798 2498 958 2531 facinora
981 2499 1161 2533 Manasses
1186 2502 1352 2546 patravit,
1380 2507 1420 2535 ut
1446 2502 1592 2536 divinus

131 2547 197 2579 ille
229 2546 438 2578 Anastasius
471 2545 593 2578 dicere
617 2556 691 2578 non
728 2545 951 2578 dubitaverit
982 2547 1034 2587 „si
1060 2547 1263 2581 Manassem
1295 2548 1383 2582 deus
1411 2550 1590 2591 servavit,

130 2592 303 2639 equidem
324 2594 438 2626 ausim
460 2592 581 2625 dicere
611 2592 710 2637 quod
739 2593 847 2625 etiam
872 2592 1057 2628 diabolum
1088 2595 1207 2641 ipsum
1235 2602 1441 2631 servaturus
1467 2596 1590 2639 suerit,

131 2642 162 2674 si
186 2639 314 2673 reverti
343 2639 389 2672 ad
413 2639 521 2672 deum
543 2639 750 2673 voluisset.”

226 2687 310 2720 Post
321 2686 520 2720 Manassem
548 2687 699 2720 Amosus
730 2687 824 2720 filius
852 2687 930 2721 eius
946 2688 1135 2733 imperium
1157 2690 1327 2723 obtinuit.
1348 2690 1377 2723 is
1402 2696 1589 2735 paternam

132 2734 282 2781 quidem
304 2734 526 2780 impietatem
551 2739 606 2769 est
630 2735 843 2777 aemulatus,
868 2741 906 2769 at
930 2747 1001 2770 non
1025 2737 1302 2784 poeniteutiam.
1330 2736 1441 2772 fuerit
1465 2744 1588 2774 autem
