1826 3120
598 142 890 186 ANNALmM
929 142 1066 186 PARS
1106 145 1159 185 n.
1489 124 1600 199 377

253 242 468 288 Μάνθανε
506 237 587 286 ὀὖν
617 246 813 289 ἐντεῦθεν
854 243 921 290 ὅτι
951 245 1095 302 πρώτη
1123 245 1318 299 βασιλεία
1347 245 1372 302 ἦ
1399 246 1485 288 τῶν
1506 245 1648 292 ‘Aa—C

138 315 304 367 συρίων
331 307 427 367 ἦτοι
454 314 756 367 Βαβυλωνίων,
788 315 968 368 δευτέρα
999 312 1027 367 ἦ
1056 315 1142 355 τῶν
1165 312 1334 368 Μήδων
1361 311 1420 362 ὥς
1446 313 1608 368 ἐκείνην

142 379 386 422 καθελοῦσα
406 411 418 431 ,
447 378 556 432 μετά
586 381 720 422 ταῦτα
751 379 778 435 ἦ
806 382 891 422 τῶν
920 381 1106 435 Περσῶν
1138 378 1195 429 ὥς
1224 380 1384 436 ἐκείνην
1413 380 1609 430 διαδεξα-

140 445 272 501 μένη,
315 443 462 488 ἔπειτα
503 444 531 501 ἧ
573 447 659 488 τῶν
699 445 968 489 Μακεδόνων
1008 446 1066 498 ὥς
1107 449 1478 504 καταγωνισαμὲνη
1507 445 1609 497 τούς

100 513 129 556 ’5
141 515 342 569 Πέρσας,
371 511 446 555 καί
469 514 587 562 τέλος
613 513 640 569 ἦ
670 515 756 556 τῶν
783 513 1019 566 Ῥωμαίων.

251 578 380 622 Μετὰ
405 581 551 633 μέντοι
577 577 652 622 τὸν
679 579 953 636 Ἀλέξανδρον
980 577 1020 622 οἶ
1049 580 1199 630 παῖδες
1227 582 1363 623 αὖτοῦ
1390 580 1464 623 κατ’
1487 595 1607 635 μεγι-

137 646 290 696 στᾶνες
315 645 392 702 τήν
418 649 641 700 βασιλείαν
668 648 850 699 διεῖλον,
880 649 954 690 καί
979 649 1053 703 τῆς
1079 649 1158 700 μὲν
1183 645 1411 702 Αἰγύπτου
1441 651 1607 690 Πτολε-

132 717 264 765 ’μαῖος
293 709 321 753 ὅ
339 710 502 767 Ααγώς
532 711 609 754 καί
635 711 674 755 οἱ
707 714 884 768 καθεξῆς
897 716 1159 767 Πτολεμαῖοι
1183 715 1285 757 δέκα
1314 712 1390 756 τὸν
1416 713 1607 768 ἀριθμὸν

131 773 260 828 ὄντες
287 781 361 821 καί
385 780 604 835 τρεῖς·ἓως
635 778 939 836 Κλεοπάτρας,
977 783 1052 836 τῆς
1097 781 1144 823 δὲ
1171 777 1328 830 Ἀσίας
1351 780 1605 835 Ἀντίγονος,

76 847 214 900 ιοτῆς
241 847 291 888 δὲ
319 848 478 902 Συριας
506 844 580 888 καί
598 848 892 902 Παλαιστίνης
920 848 1125 896 Σέλευκος
1153 845 1177 888 0‘
1205 846 1432 901 Νικάνωρ,
1461 845 1509 896 ὃς
1533 849 1609 889 καί

133 911 280 963 πόλεις
306 910 384 955 δύο
412 914 556 962 κτίσας
580 913 640 962 εἰς
667 911 721 955 τά
750 915 861 970 μέρη
891 911 1093 963 Κιλικίας
1121 915 1195 955 καί
1217 909 1367 969 ἑτέραν
1396 915 1443 956 ἐν
1471 916 1605 971 Συριζι
1622 923 1651 955 D

132 977 210 1034 τήν
247 981 329 1033 μὲν
377 977 628 1022 Σελεύκειαν
668 977 869 1035 ἐκάλεσε,
913 979 991 1036 τὴν
1029 981 1076 1023 δὲ
1117 979 1408 1034 Ἀντιόχειαν,
1451 979 1529 1036 τὴν
1558 982 1605 1022 δὲ

131 1045 418 1100 Λαοδάειαν,
448 1047 509 1096 εἰς
534 1040 668 1100 ὄνομα
701 1043 860 1090 ἑαυτοῦ
888 1063 932 1090 τε
973 1046 1047 1090 καί
1081 1050 1161 1089 τοῦ
1188 1046 1289 1089 υἱοῦ
1317 1048 1389 1089 καί
1415 1049 1492 1101 τῆς
1522 1050 1606 1089 θυ-

129 1113 286 1172 γατρὸς
322 1114 472 1157 αὐτοῦ.
545 1116 615 1172 ἐφ’
645 1110 698 1157 οὗ
717 1111 874 1158 Ῥόδιοι
914 1114 1398 1171 θαλασσοκρατήσαντες
1426 1114 1605 1169 ἀνέστη-

71 1180 120 1222 15
132 1196 213 1223 σαν
241 1181 288 1223 ἐν
314 1184 368 1239 τῇ
411 1182 521 1240 νήσῳ
545 1184 733 1236 χαλκοῦν
770 1181 1001 1239 ἀνδριάντα
1028 1184 1090 1231 εἰς
1111 1179 1253 1236 ’τιμὴν
1279 1184 1355 1224 τοῦ
1377 1181 1499 1237 ἡλίου
1518 1212 1530 1234 ,
1557 1178 1605 1223 ὃν
1617 1191 1661 1229 V.
1680 1194 1739 1238 ¹57

130 1245 211 1290 διὰ
235 1245 282 1290 τὸ
308 1249 488 1302 μέγεθος
515 1247 721 1292 ἐκάλεσαν
749 1247 975 1303 κολοσσόν,
1006 1249 1082 1305 ἀφ’
1116 1242 1167 1290 οὗ
1196 1247 1271 1291 κατ’
1295 1247 1420 1291 αὐτοὶ
1437 1251 1606 1291 Κολοσ-

130 1319 221 1363 σεῖς
252 1314 586 1371 ὠνομάσθησαν.
659 1314 766 1370 μετά
799 1318 847 1360 δὲ
879 1317 1084 1358 Σέλευκον
1107 1316 1325 1370 Ἀντίοχος
1352 1315 1377 1357 o‘
1405 1313 1499 1365 νὶὸς
1525 1315 1605 1357 αὖ-

129 1382 212 1422 τὀῢ
238 1379 314 1423 κατ’.
348 1381 484 1437 ἕτεροι
522 1383 662 1425 πέντε.
738 1378 832 1425 εἶτα
857 1383 1072 1436 Ἀντίοχος
1110 1382 1132 1423 ὁ
1161 1382 1372 1438 ἐπιφανής
1400 1380 1496 1431 υἱὸς
1524 1384 1605 1423 Σε-

130 1445 282 1489 λεύκου
307 1450 389 1489 τοῦ
416 1450 725 1505 φιλοπάτορος·
782 1450 855 1507 ἐφ’
882 1443 934 1491 οὗ
974 1449 999 1505 ἢ
1032 1450 1212 1504 δευτέρα
1244 1444 1401 1498 ἅλωσις
1427 1451 1500 1504 τῆς
1521 1445 1601 1491 Ἱε-

63 1527 118 1556 20
130 1518 368 1571 ρουσαλῆμ.
427 1510 552 1566 οὗτος
577 1515 661 1571 γάρ
690 1516 766 1572 τήν
781 1514 1001 1571 Αἴγυπτον
1030 1517 1170 1559 πᾶσαν
1197 1513 1517 1570 χειρωσάμενος
1545 1515 1603 1565 ὦς

128 1576 270 1637 ἅρπαξ
300 1584 374 1624 καὶ
410 1577 558 1633 ἄδικος
588 1582 661 1626 ε’πί
687 1582 763 1639 τήν
782 1582 1060 1640 Ἰερουσαλήμ
1087 1580 1194 1636 μετά
1226 1584 1372 1636 θυμοῦ
1401 1581 1601 1639 ὑπέστρε-

226 1719 279 1764 ¹4·
304 1710 436 1766 017Ῑῷ
462 1718 498 1752 Ρ.

222 1842 317 1876 Hinc
342 1853 425 1888 ergo
454 1844 586 1877 discito
609 1845 766 1890 primum
790 1846 951 1878 omnium
979 1856 1127 1889 regnum
1152 1844 1262 1878 fuisse
1274 1844 1500 1888 Assyriorum
1521 1846 1597 1879 sive

129 1890 436 1935 Babyloniorum,
473 1891 628 1925 alterum
663 1891 871 1933 Medorum,
907 1904 927 1924 a
952 1893 1086 1937 quibus
1113 1891 1208 1926 illud
1232 1892 1387 1937 primum
1412 1891 1600 1926 sublatum

129 1939 221 1980 suit3
260 1938 410 1972 tertium
435 1938 646 1981 Persarum,
675 1939 776 1984 quod
810 1938 1002 1972 Medorum
1031 1939 1183 1984 imperio
1211 1939 1404 1983 successit;
1429 1945 1600 1986 quartum.

127 1985 389 2028 Macedonum,
427 1997 448 2018 a
491 1986 625 2033 quihus
666 1985 845 2020 debellati
886 1992 972 2021 sunt
1012 1986 1161 2031 Persae3
1199 1992 1422 2033 postremum
1466 1988 1596 2022 Roma,-

127 2044 269 2068 uorum.

225 2081 311 2114 Post
336 2079 582 2114 Alexandrum
622 2080 700 2113 eius
726 2080 855 2114 famuli
881 2086 992 2126 atque
1016 2092 1182 2127 proceres
1208 2092 1355 2126 regnum
1381 2081 1593 2116 diviserunt.

129 2128 295 2173 Aegypto
321 2127 480 2173 praefuit
496 2127 721 2161 Ptolemaeus
747 2128 833 2173 Lagi
851 2128 890 2161 F.
915 2140 1024 2174 quem
1047 2128 1175 2162 ordine
1199 2129 1400 2163 Ptolemaei
1434 2130 1474 2163 13
1503 2129 1593 2163 sub-

129 2175 248 2209 secuti
285 2181 371 2209 sunt
394 2186 511 2220 usque
546 2174 592 2208 ad
620 2175 858 2221 Cleopatram.
922 2176 1042 2210 Asiam
1067 2177 1259 2222 occupavit
1276 2178 1499 2222 Antigonus,
1525 2177 1593 2220 Sy-

129 2222 219 2256 riam
256 2228 295 2256 et
324 2222 562 2256 Palaestinam
607 2222 780 2256 Seleucus
820 2223 995 2265 Nicanor,
1030 2224 1100 2270 qui
1144 2224 1252 2258 urbes
1289 2224 1377 2258 duas
1402 2225 1440 2257 in
1464 2224 1593 2258 Cilicia

128 2269 300 2304 condidit
323 2275 362 2303 et
384 2281 492 2303 unam
524 2270 564 2304 in
589 2270 703 2314 Syria.
727 2270 855 2303 harum
886 2271 1038 2316 primam
1059 2271 1269 2305 Seleuceam
1293 2272 1514 2317 appellavit,
1538 2272 1594 2305 al-

129 2322 244 2351 teram
277 2316 536 2358 Antiocheam,
573 2318 718 2351 tertiam
751 2318 987 2360 Laodiceam,
1021 2318 1149 2353 inditis
1184 2320 1355 2353 nimirum
1387 2318 1594 2352 huiusmodi

126 2364 336 2398 nominihus
365 2377 387 2398 a
409 2375 475 2398 suo
505 2370 542 2398 et
565 2365 635 2398 filii
660 2366 832 2411 filiaeque
857 2366 1016 2400 nomine.
1039 2366 1106 2400 sub
1129 2366 1200 2400 hoc
1224 2366 1360 2401 Rhodii
1387 2367 1495 2400 maris
1523 2367 1590 2399 im-

126 2412 232 2456 perio
257 2411 364 2457 potiti
401 2417 557 2445 statuam
599 2413 685 2446 solis
728 2424 771 2445 ex
800 2424 883 2446 aere
918 2424 982 2446 sua
1016 2413 1198 2447 ininsula
1233 2415 1454 2454 excitarunt,
1482 2425 1591 2458 quam

126 2465 276 2503 propter
296 2459 584 2503 magnitudinem
609 2459 795 2494 Colossum
828 2460 971 2501 dixere,
1005 2472 1047 2494 ac
1069 2463 1188 2495 vocati
1213 2468 1298 2495 sunt
1320 2462 1392 2506 ipsi
1419 2461 1593 2506 deinceps

127 2505 370 2541 Colossenses.
396 2513 478 2551 post
491 2507 682 2540 Seleucum
699 2507 900 2541 AntIOchus
926 2508 1022 2542 filius
1046 2509 1230 2554 regnavit,
1257 2508 1493 2553 eiusdemque
1522 2519 1591 2541 no-

126 2553 234 2587 minis
267 2553 331 2586 alii
364 2554 539 2599 quinque.
566 2553 700 2588 deinde
727 2566 874 2598 regnum
908 2554 1070 2590 obtinuit
1093 2556 1293 2590 Antiochus
1321 2556 1493 2596 illustris,
1524 2555 1591 2589 Se-

128 2599 223 2633 leuci
268 2600 511 2646 Philopatoris
546 2601 583 2634 F.
611 2601 677 2634 sub
705 2613 778 2647 quo
804 2602 1055 2646 Hierosolyma
1092 2603 1251 2637 secunda
1284 2604 1362 2637 vice
1387 2605 1492 2648 capta
1515 2608 1588 2636 est:

127 2657 211 2680 cum
233 2648 330 2680 enim
354 2648 554 2694 Aegyptum
583 2648 787 2682 universam
822 2649 1015 2694 praedonis
1042 2656 1080 2684 et
1110 2652 1237 2685 iniusti
1260 2649 1419 2684 hominis
1446 2650 1484 2683 in
1510 2660 1590 2683 mo-

129 2705 204 2727 rem
232 2695 408 2740 cepisset,
433 2696 718 2740 Hierosolymam
754 2697 949 2731 iracundus
978 2709 1015 2731 se
1040 2699 1243 2740 convertit,
1273 2697 1399 2743 ibique
1431 2699 1493 2731 180
1519 2697 1588 2730 ho-

125 2742 263 2779 minum
293 2742 396 2776 milia
434 2742 587 2780 necav'it.
622 2743 743 2791 elapso
777 2743 927 2780 biennio
969 2757 1088 2781 rursus
1125 2747 1310 2793 copiarum
1332 2746 1588 2793 imperatorem
