1826 3120
591 190 878 232 ANNMAUM
932 192 1070 233 PARS
1107 193 1162 232 ιι.
1486 172 1598 247 307

145 295 289 346 θέαμα
319 295 391 335 και·
421 290 556 334 δεινὸν
583 289 789 343 ἄκουσμα.
830 293 1043 334 δείκνυται
1075 293 1123 334 δὲ
1150 294 1225 335 καί
1249 293 1323 334 νῦν
1353 291 1416 335 ἔτι
1443 291 1603 336 τούτων

144 361 247 404 ὀστᾶ
271 361 404 415 μηδὲν
431 364 519 407 τοῖς
545 355 627 399 ὑπὸ
653 359 795 399 πίστιν
822 359 1066 412 ἐρχομένοις
1095 359 1269 400 ἐοικότα.

256 427 344 468 'Em'
374 427 451 479 μὲν
494 421 652 479 Βαρὰχ
680 423 753 465 καί
778 421 983 478 Δεβώρας
1015 424 1282 480 Προμηθεύς
1327 426 1400 467 καί
1419 424 1604 481 Ὀρφεύς

148 491 268 551 Θρᾲξ
296 492 564 546 ἐγνωρίζοντο
594 487 633 531 οἱ
657 493 758 545 παρ’
780 488 946 544 Ἕλλησι
974 486 1230 545 σοφώτατοι,
1260 489 1334 532 καί
1352 487 1648 545 Ἀσκληπιὸςῃ

109 559 169 611 56
199 557 345 612 ἰατρὸς
383 559 457 600 καί
482 558 733 610 Λυκοῦργος
760 554 780 597 ὅ
808 556 1048 610 νομοθέτης.
1119 558 1317 599 τοσοῦτον
1352 558 1399 599 δὲ
1438 559 1606 611 λέγουσι

146 624 218 668 τὸν
244 623 495 679 Ἀσκληπιὸν
523 624 801 678 ἠκριβωκέναι
828 620 904 677 τήν
932 620 1123 676 ἰατρικὴν
1148 624 1298 678 τέχνην
1339 622 1398 672 ὦς
1429 625 1503 665 καί
1541 639 1607 665 νε-

146 690 277 746 κρούς
307 692 505 742 α’νιστᾶν,
537 691 605 745 ἐφ’
632 682 667 746 ᾧ
690 688 990 742 χαλεπήναντα
1027 686 1101 730 τὸν
1131 690 1216 731 Δία
1242 691 1436 747 κεραυνῷ
1460 693 1607 744 βαλεῖν

149 756 306 811 αὐτόν,
335 757 408 798 καί
435 753 545 799 οὕτω
574 756 654 797 τῶν
681 756 782 809 τῆδε
812 756 1026 809 ἐκστῆσαι.

258 828 409 875 Δεῖξαι
428 824 474 863 δὲ
503 825 641 864 θέλων
670 820 692 862 ὅ
720 819 820 870 θεὸς
848 817 913 862 ὅτι
945 823 999 877 τῇ
1028 820 1204 874 δυνάμει
1235 813 1367 863 αὐτοῦ
1397 822 1446 864 τά
1477 822 1609 866 πάντα

86 914 135 942 10
146 890 334 947 γίνονται
361 889 434 931 καί
460 889 514 930 ου’
545 885 699 943 πλήθει
727 888 845 940 λαοῦ,
877 885 1159 941 συμβουλεύει
1185 890 1244 946 τῷ
1266 889 1455 941 Γεδεών,
1487 890 1608 945 ἡνίκα

146 955 253 1000 κατὰ
293 957 581 1011 Μαδιηναίων
615 951 751 1007 ὄρμοῖν
792 949 939 1008 ἤθελε,
982 956 1081 1010 περί
1118 957 1332 1007 μεσοῦσαν
1373 955 1536 1012 ἡμέραν
1563 959 1610 1000 έν

146 1025 262 1081 ἀκμῇ
276 1024 367 1070 ,τοῦ
393 1020 611 1075 καύματος
640 1015 769 1074 ὄντος,
798 1016 915 1075 ἄγειν
943 1018 1018 1075 τὴν
1050 1021 1256 1075 στρατιάν
1283 1023 1354 1064 ἐπὶ
1380 1021 1455 1064 τόν
1483 1039 1611 1066 ποτα-

146 1089 242 1145 μόν,
270 1091 344 1131 καί
369 1086 469 1137 τούς
495 1089 575 1141 μὲν
592 1087 921 1137 κατακλιθέντας
942 1088 1015 1128 καί
1035 1084 1144 1128 οὕτω
1162 1089 1360 1137 πίνοντας
1388 1088 1609 1144 εὐψύχους
1622 1107 1662 1143 v,
1678 1118 1739 1152 ¹²7

148 1152 486 1208 ὑπολαμβάνειν,
523 1150 614 1196 ὅσοι
644 1155 680 1195 δ’
708 1149 762 1194 ἄν
795 1154 1149 1206 ἐσπουδασμένως
1177 1157 1250 1196 καί
1279 1154 1607 1211 μετάθορύβου
1622 1172 1654 1204 ι),
1676 1171 1738 1214 164

89 1221 336 1272 15n1'v0vrsg
359 1222 546 1274 τύχοιεν,
576 1219 755 1269 τούτους
791 1218 844 1274 δὴ
873 1221 1057 1273 νομίζειν
1085 1219 1168 1261 ὑπὸ
1200 1221 1360 1272 δειλίας
1386 1225 1507 1265 τοῦτο
1527 1222 1608 1264 πά-

148 1303 287 1342 σχειν.
358 1290 433 1330 τοῦ
476 1288 620 1340 μέντοι
656 1284 826 1328 Γεδεών
863 1284 971 1328 κατὰ
1018 1285 1097 1334 τὰς
1135 1286 1356 1342 ὑποθήκας
1386 1290 1469 1338 Ϊτοῦ
1503 1291 1612 1330 θεοῦ

148 1353 401 1410 ποιήσαντος
431 1349 664 1408 τριακόσιοι
682 1347 829 1408 ἄνδρες
856 1349 1096 1407 εὑρέθησαν
1115 1358 1209 1402 ταῖς
1233 1357 1359 1408 χερσὶ
1383 1353 1490 1407 μετὰ
1513 1357 1612 1410 τρό-

148 1437 233 1475 μου
274 1418 650 1474 προσενεγκάμενοι
690 1417 736 1461 τὸ
785 1417 930 1472 ὕδωρ,
963 1419 1020 1467 ὥς
1057 1417 1254 1474 Ἰώσηπος
1286 1418 1451 1474 ἱστορεῖ.
1511 1418 1613 1464 ὅθεν

891 1483 904 1498 t

151 1489 225 1529 καὶ
271 1485 342 1529 διὰ
386 1489 471 1528 ταῖν
508 1484 707 1528 τοιούτων
759 1483 841 1542 ἔφη
881 1501 901 1525 ο
945 1484 1048 1536 θεὸς
1088 1492 1175 1535 τοῖς
1219 1490 1433 1540 πολεμίοις
1479 1490 1612 1542 ἐμβα-

86 1574 138 1602 20
151 1559 250 1597 λεῖν.
323 1551 474 1602 νυκτὸς
514 1547 589 1595 οὖν
613 1554 758 1602 αὐτοῖς
792 1552 1119 1607 ἐπεμβαίνουσι,
1163 1551 1394 1609 σάλπιγγας
1416 1561 1511 1597 ταῖν
1535 1571 1612 1610 χε-

149 1626 241 1677 ροῖν
271 1621 469 1678 φέροντες
493 1621 568 1663 καί
597 1617 824 1674 λαμπάδας
849 1617 1086 1673 ἁπτομένας
1113 1618 1226 1670 ἐντὸς
1263 1620 1439 1676 ἀγγείων
1475 1625 1610 1667 τινῶν.

250 1755 300 1778 ιο.
327 1743 601 1791 συμβασιλεύει
623 1743 659 1777 Ρ.

152 1851 400 1898 spectaculum
443 1855 545 1883 erant
578 1855 615 1883 et
649 1850 780 1882 famam
813 1850 859 1883 de
901 1860 938 1883 se
972 1850 1175 1884 terribilem
1207 1851 1450 1886 concitabant.
1485 1864 1607 1888 eorum

151 1911 248 1934 nunc
272 1909 419 1944 quoque
442 1902 687 1931 monstrantur
712 1896 829 1929 adhuc
853 1908 932 1929 ossa
958 1897 1066 1930 fidem
1096 1899 1206 1943 plane
1232 1901 1450 1944 superantia.

246 1947 382 1980 Horum
421 1950 559 1986 aetate,
591 1944 765 1978 videlicet
797 1943 944 1976 Barachi
976 1950 1087 1990 atque
1127 1946 1314 1986 Deborae,
1351 1948 1606 1992 sapientissimi

149 1993 248 2040 apud
272 1994 429 2028 Graecos
465 1993 531 2026 viri
555 1992 790 2025 Prometheus
825 1997 862 2024 et
886 1991 1052 2036 Orpheus
1077 1992 1251 2026 oriundus
1286 2004 1306 2027 e
1323 1993 1476 2028 Thracia
1509 1996 1607 2028 cele-

148 2042 232 2076 lires
257 2041 417 2082 suerunt,
443 2042 605 2085 itemque
630 2039 790 2073 medicus
820 2039 1073 2083 Aesculapius,
1099 2045 1136 2073 et
1159 2040 1337 2085 Lycurgus
1363 2042 1482 2087 legum
1508 2043 1606 2088 apud

148 2088 452 2123 Lacedaemonios
489 2088 594 2121 lator.
658 2086 912 2130 Aesculapium
938 2087 1041 2120 aiunt
1069 2093 1178 2120 artem
1204 2088 1378 2122 medicam
1404 2096 1476 2123 tam
1499 2102 1605 2123 accu-

149 2142 227 2170 rate
268 2136 447 2181 cognitam
483 2135 676 2176 habuisse,
703 2140 742 2167 ut
767 2135 875 2167 etiam
899 2139 1079 2167 mortuum
1107 2135 1288 2180 quendam
1313 2137 1408 2171 vitae
1434 2138 1605 2171 restitue-

148 2182 218 2228 rit3
247 2194 319 2229 quo
347 2183 443 2217 facto
466 2183 631 2229 Iuppiter
656 2182 769 2216 iratus
799 2180 983 2214 hominem
1009 2181 1161 2216 fulmine
1183 2188 1319 2217 tactum
1342 2184 1449 2218 rebus
1475 2185 1605 2218 huma-

146 2231 203 2265 nis
221 2230 408 2266 exemerit.
1619 2263 1626 2269 ,

241 2277 446 2312 Secundum
469 2276 560 2309 haec
576 2275 738 2310 indicare
756 2275 844 2310 deus
868 2277 994 2310 volens
1019 2276 1138 2310 omnia
1155 2287 1221 2322 per
1246 2277 1360 2323 ipsius
1386 2283 1603 2323 potestatem

148 2325 248 2367 fieri,
276 2337 349 2360 non
374 2336 440 2370 per
468 2324 653 2357 hominum
678 2325 841 2368 ingentes
870 2325 1012 2368 copias,
1047 2323 1211 2357 Gedeoni
1237 2325 1472 2359 Madianaeos
1500 2328 1603 2360 inva-

149 2372 235 2406 dere
272 2373 419 2406 conanti
455 2378 580 2405 auctor
617 2371 687 2404 fuit
720 2377 761 2405 ut
795 2372 873 2416 ipsa
899 2372 936 2404 in
959 2371 1131 2413 meridie,
1170 2383 1249 2405 cum
1279 2379 1399 2406 aestus
1426 2375 1602 2407 maximus

149 2419 266 2462 foret,
293 2420 499 2453 'exercitum
540 2418 587 2451 ad
617 2419 752 2451 flumen
786 2419 944 2452 duceret.
972 2418 1025 2451 ibi
1061 2430 1146 2453 vero
1184 2421 1394 2466 quicunque
1420 2422 1458 2454 in
1486 2433 1602 2465 genua

148 2468 429 2512 procumberent
466 2473 575 2511 atque
608 2467 659 2499 ita
695 2466 886 2507 biberent,
918 2477 979 2499 eos
1005 2471 1046 2500 ut
1072 2477 1135 2511 pro
1160 2469 1394 2511 magnanimis
1425 2468 1599 2508 haberet,

149 2521 286 2548 monet:
308 2520 490 2560 quotquot
514 2519 633 2547 autem
655 2513 872 2547 festinanter
897 2519 933 2546 et
951 2525 1029 2546 cum
1050 2515 1207 2547 tumultu
1237 2515 1393 2560 quodam
1419 2516 1600 2557 biberent,

150 2573 212 2595 eos
251 2562 471 2595 existimaret
502 2561 572 2594 hoc
595 2572 680 2606 prae
718 2561 911 2594 formidine
945 2561 1073 2594 facere.
1098 2573 1178 2594 cum
1214 2561 1339 2596 Gedeo
1365 2563 1426 2596 dei
1452 2563 1600 2596 monitis

149 2620 278 2655 parens
305 2608 373 2642 hoc
397 2610 514 2654 ipsum
540 2609 704 2649 fecisset,
730 2610 795 2640 300
822 2609 985 2641 homines
1015 2609 1145 2653 reperti
1183 2615 1267 2643 sunt
1292 2610 1354 2655 qui
1384 2622 1463 2642 cum
1487 2610 1601 2654 trepi-

150 2655 299 2689 datione
319 2656 484 2689 manibus
510 2667 639 2702 aquam
666 2655 830 2688 haustam
855 2656 910 2688 ori
937 2654 1186 2697 admoverent,
1212 2657 1516 2702 quemadmodum
1541 2658 1601 2690 10-

150 2702 283 2748 sephus
303 2703 498 2736 memoriae
522 2702 695 2748 prodidit.
718 2708 940 2748 quapropter
977 2703 1010 2736 ei
1034 2704 1218 2748 praecepit
1242 2704 1330 2737 (leus
1357 2710 1398 2738 ut
1422 2716 1501 2738 cum
1527 2705 1599 2738 illis

150 2750 291 2784 hostem
319 2749 528 2783 adoriretur.
555 2756 664 2784 noctu
695 2761 776 2794 ergo
809 2749 1040 2783 Medianaeos
1066 2750 1261 2793 invadunt,
1289 2763 1365 2783 cnm
1395 2752 1498 2785 tubas
1523 2764 1599 2786 ma·-

150 2798 260 2832 nibus
283 2799 443 2844 itemque
470 2797 563 2832 faces
589 2809 755 2832 accensas
786 2798 876 2832 intra
901 2808 983 2832 vasa
1009 2797 1184 2843 quaedam
1209 2804 1399 2842 gestarent.
