1826 3120
270 187 340 243 82
712 198 1000 240 minumus
1038 195 1254 238 GLYCAE

267 303 546 359 ἒγκυμονῆσαι
583 297 657 353 τὴν
689 297 914 351 πάναγνον,
958 293 1162 350 πρότερον
1193 293 1301 351 αὐτῇ
1328 293 1558 346 πνεύματος
1584 292 1708 345 ἁγίου

267 368 580 414 ἐπισκιάσαντος
611 363 683 405 καί
719 365 795 405 τοῦ
825 364 974 417 κυρίου
1007 359 1111 402 κατὰ
1141 359 1213 402 τὸν
1242 356 1457 415 προφήτην
1483 356 1567 401 άπὸ
1601 359 1709 400 Θαι-

265 436 350 489 μὰν
379 431 551 487 ἥξαντος
570 463 582 482 ,
610 430 708 484 μηδ’
734 425 843 479 ὅλως
877 427 1039 468 α’πίστει
1067 428 1124 483 τῷ
1154 425 1378 480 πράγματι,
1408 421 1485 467 κᾶν
1513 426 1622 479 μέγα
1650 414 1711 482 τῷ

157 514 191 548 P,
207 515 249 558 43
266 497 354 543 ἷῖντι
388 502 505 540 δοκεῖ
523 497 594 536 καί
615 495 874 550 παράδοξον·
930 493 1002 534 ἐπὶ
1025 492 1105 547 γάρ
1136 490 1268 550 τούτῳ
1290 490 1362 533 καί
1388 491 1415 546 ἦ
1433 493 1550 547 παρά
1576 491 1710 548 φύσιν
1766 491 1770 493 “

262 570 344 610 τῶν
386 565 530 618 γυπῶν
570 562 778 617 κυοφορία
817 558 1072 612 θαυμασίως
1114 556 1226 600 οὕτω
1255 560 1313 616 τῷ
1339 561 1426 615 θεῷ
1453 557 1748 616 προητοίμα-5

262 647 371 675 σται.
439 630 604 683 λέγεται
624 625 701 681 γὰρ
733 623 795 667 ὅτι
822 624 1042 680 γενόμενος
1071 623 1215 679 ἔγκυος
1245 623 1266 665 ὃ
1293 623 1386 679 γύψ
1399 621 1625 679 πορεύεται
1650 625 1712 672 εἰς

260 698 339 752 τὴν
367 694 570 748 Ἰνδικήν,
601 692 673 734 καί
704 690 846 746 λαβών
875 693 996 733 λίθον
1021 690 1068 732 τὸ
1101 690 1362 742 καλούμενον
1390 689 1580 731 ειῗτόκιον
1609 687 1714 733 ἐτεά-

261 780 319 806 νω
352 763 485 804 αὐτοῦ
515 759 694 814 κάθηται
718 755 999 812 συνεχόμενος
1043 758 1186 810 ω’δῖσι,
1221 755 1295 798 καί
1321 754 1453 806 οὕτως
1482 756 1710 799 duonum.

264 827 285 868 ὃ
316 830 458 881 μέντοι
499 828 616 873 λίθος
662 822 894 880 περιφερὴς
933 823 991 872 ὥς
1023 822 1209 878 κάρυον,
1245 824 1318 865 καί
1342 821 1586 876 κινούμενος
1608 816 1714 878 ἦχον

263 896 465 946 ἐκπέμπει
492 891 549 940 ὥς
578 888 747 942 κώδων,
787 888 958 931 ἔνδοθεν
984 886 1130 944 ἑτέρου
1161 892 1284 931 λίθου
1312 891 1573 942 κινουμένου.
1628 894 1714 944 ’φα-
1732 906 1780 933 ιο

263 962 309 1002 σι’
341 961 388 1001 δὲ
414 960 486 1000 καί
512 959 631 999 τοῦτο
662 958 761 1012 περὶ
786 955 936 1010 γυπός,
965 951 1027 997 ὅτι
1052 955 1176 1013 μύρῳ
1206 956 1356 1012 ῥοδίνῳ
1383 957 1580 1011 χρισθείς
1609 953 1713 996 ἄπο-

262 1026 448 1081 θνήσκει.
1662 1024 1666 1031 ’

381 1091 627 1144 Θαυμάσειε
679 1090 719 1131 δ’
757 1085 810 1130 ἄν
835 1106 897 1138 τις
935 1087 1075 1130 καὶτὸ
1102 1090 1182 1130 τῶν
1219 1085 1408 1142 κοράκων
1446 1089 1530 1129 τῶν
1568 1087 1718 1140 διαλη-

225 1158 460 1215 Βφθέντων
487 1152 564 1198 οὔκ
591 1154 779 1198 ἔλασσον.
808 1154 1049 1197 πεπόνθασί
1061 1172 1098 1196 τι
1119 1153 1254 1203 πάθος
1275 1150 1365 1210 ὥρᾳ
1394 1155 1551 1207 θέρους
1575 1150 1616 1194 οἱ
1646 1149 1716 1205 κό-

266 1240 411 1280 ρακες,
455 1221 501 1265 τὸ
542 1224 589 1263 δὲ
618 1222 756 1269 πάθος
787 1223 878 1263 ἐστι’
918 1219 1040 1276 ῥύσις
1066 1219 1256 1275 γαστρός.
1312 1220 1510 1261 ἐντεῦθεν
1535 1220 1719 1270 ποταμοί
1735 1218 1782 1264 ¹5

264 1289 338 1331 καί
363 1288 494 1344 πηγαί
522 1287 595 1329 καί
621 1290 765 1341 λίμναι
803 1288 926 1328 οὐδὲν
953 1303 994 1328 τι
1018 1288 1166 1341 χρῆμα
1194 1283 1299 1327 κατά
1332 1301 1378 1338 γε
1405 1283 1451 1326 'td
1480 1286 1606 1339 θέρος
1632 1289 1718 1333 τοῖς

264 1353 455 1409 κόραξιν,
484 1354 554 1396 ἵνα
580 1354 638 1408 μὴ
669 1356 730 1412 τῷ
753 1351 863 1410 ὖγριῖι
892 1353 918 1407 ἡ
950 1355 1025 1407 τῆς
1059 1350 1239 1406 γαστρὸς
1270 1351 1388 1406 ῥύσις
1415 1352 1541 1405 σχοίη
1573 1349 1719 1392 ἐπίτα-

266 1436 349 1464 σιν.
408 1419 527 1463 ἴσασι
553 1423 693 1462 τοίνυν
720 1418 793 1460 καί
822 1420 984 1473 διαίτης
1010 1420 1157 1472 τέχνην
1184 1416 1221 1458 οἱ
1249 1417 1447 1472 κόρακες,
1477 1417 1528 1457 οὐ
1557 1415 1608 1459 τά
1631 1415 1718 1459 ‘ln-

266 1484 500 1542 ποκράτους
525 1487 852 1537 παιδευθέντες,
881 1486 932 1525 ου’
965 1482 1016 1525 τοὶ
1046 1486 1284 1537 Χείρωνος,
1318 1484 1371 1523 ου’
1398 1482 1450 1524 τά
1481 1479 1719 1536 Μαχάονος

267 1551 500 1609 φάρμακα,
532 1553 760 1592 κᾱντεῦθεν
787 1553 865 1602 μὲν
894 1548 1025 1602 δρῶσι
1055 1548 1290 1602 ποταμούς,
1322 1545 1413 1590 ἀλλ’
1441 1545 1558 1601 ὅμως
1584 1550 1720 1590 πίνειν
1732 1562 1783 1587 20

268 1620 440 1667 ἐκείνοις
467 1618 545 1658 οὐκ
574 1615 759 1668 ἔνεστιν,
794 1617 884 1656 ἄλλ’
926 1612 995 1657 οἷα
1034 1613 1235 1656 Τάνταλοι
1267 1613 1537 1668 κολαζόμενοι
1565 1616 1719 1671 δριμυ-

269 1684 397 1739 τέραν
432 1684 548 1738 δίκην
595 1684 729 1724 ταῦτα
769 1680 1100 1737 εἰσπράττονται.

273 1844 455 1897 gravi'dam
493 1849 604 1882 fuisse
636 1849 765 1882 factam
783 1875 793 1891 ‚
824 1860 903 1882 cum
935 1849 1035 1894 prius
1061 1859 1140 1881 eam
1172 1852 1314 1881 sanctus
1341 1847 1405 1880 ille
1429 1848 1576 1892 spiritus
1600 1850 1720 1884 inum-

271 1899 412 1932 brasset
436 1907 476 1929 ac
512 1896 695 1937 dominus,
729 1897 783 1930 uti
802 1902 901 1929 vates
936 1896 1123 1941 loquitur,
1148 1894 1193 1928 de
1220 1894 1425 1927 Thaemane
1449 1896 1628 1937 venisset,
1654 1909 1720 1930 ne..

273 1956 455 1991 quaquam
480 1943 563 1976 huie
586 1945 638 1975 rei
662 1943 769 1976 fidem
795 1943 988 1988 derogato,
1024 1942 1161 1975 tametsi
1198 1952 1322 1985 reapse
1346 1953 1472 1985 magna
1494 1942 1659 1976 videatur
1683 1950 1722 1977 et

274 1993 319 2025 ab
346 1992 516 2036 opinione
542 1991 725 2023 hominum
753 1990 959 2023 abhorrens.
990 2001 1073 2022 nam
1098 2000 1139 2021 ea
1164 1988 1209 2020 de
1235 2000 1339 2020 causa
1364 1989 1548 2022 vulturum
1571 2001 1719 2036 quoque.

275 2039 463 2082 conceptio
490 2043 561 2070 tam
599 2037 855 2070 admirabiliter
882 2050 902 2070 a
921 2037 989 2070 deo
1025 2042 1078 2069 est
1099 2036 1274 2068 instituta.
1300 2034 1456 2068 traditur
1498 2042 1617 2070 autem
1639 2049 1720 2071 mo-

274 2086 457 2119 numentis
483 2084 683 2117 litterarum
707 2085 908 2126 vulturem,
931 2090 1166 2129 posteaquam
1195 2083 1411 2127 conceperit,
1436 2084 1475 2116 in
1498 2083 1638 2117 Indiam
1662 2095 1721 2117 ae..

275 2143 313 2166 se
344 2131 526 2171 conferre,
556 2137 772 2176 nactumque
796 2131 950 2176 lapidem
966 2157 975 2172 ‚
1000 2141 1104 2176 quem
1131 2141 1150 2161 a
1177 2128 1350 2162 facilitate
1374 2136 1497 2174 partus
1522 2142 1630 2176 quem
1654 2131 1720 2164 ad-

275 2180 374 2211 iuvat
410 2178 597 2210 Eutocium
634 2185 763 2211 vocant
779 2205 788 2220 ‚
822 2179 859 2211 iu
886 2190 927 2211 eo
965 2189 1002 2210 se
1027 2176 1248 2222 parturigine
1273 2182 1439 2209 vexatum
1463 2178 1640 2211 collocare
1664 2183 1720 2212 at-

277 2236 348 2270 que
374 2224 438 2257 illo
467 2224 573 2256 modo
615 2236 750 2269 parere.
785 2226 877 2270 lapis
911 2226 988 2269 ipse
1013 2223 1187 2256 rotundus
1224 2229 1295 2264 est,
1321 2224 1506 2257 avellanae
1531 2225 1635 2259 nucis
1661 2226 1718 2258 in-

277 2278 371 2311 star,
399 2277 434 2303 et
462 2282 647 2304 succussus
674 2273 711 2304 in
734 2283 869 2304 morem
894 2270 1104 2304 tintinabuli
1128 2281 1255 2302 sonum
1282 2270 1368 2311 edit,
1395 2277 1494 2304 moto
1523 2272 1620 2305 intus
1645 2271 1718 2304 alio

276 2317 410 2363 lapide.
433 2317 646 2361 perhibetur
659 2318 728 2352 hoc
754 2320 863 2352 etiam
887 2319 932 2352 de
954 2318 1113 2358 vulture,
1138 2316 1237 2361 quod
1264 2324 1446 2362 unguento
1472 2329 1618 2352 rosaceo
1635 2330 1719 2364 per-

278 2371 407 2398 unctus
432 2365 611 2397 moriatur.
1524 2396 1527 2399 .

370 2412 424 2444 De
453 2412 566 2443 corvis
595 2423 741 2456 quoque
773 2424 847 2445 non
886 2412 948 2445 abs
977 2423 1013 2444 re
1038 2410 1118 2456 quis
1143 2410 1309 2452 miretur,
1337 2411 1436 2456 quod
1461 2409 1635 2444 hactenus
1661 2411 1718 2444 in-

280 2458 406 2492 dicatis
433 2469 507 2490 non
533 2464 586 2490 est
610 2459 770 2492 inferius.
802 2460 936 2492 aestivo
962 2464 1123 2502 tempore
1158 2458 1253 2489 corvi
1282 2457 1439 2502 quodam
1464 2457 1589 2493 morbo
1615 2457 1719 2491 labo-

279 2511 370 2538 rant.
390 2506 418 2538 is
435 2504 578 2538 morbus
594 2507 725 2538 ventris
744 2512 798 2538 est
812 2506 1036 2551 profluvium.
1063 2503 1295 2549 quamobrem
1320 2505 1421 2538 fluvii
1450 2504 1569 2537 fontes
1594 2510 1718 2549 stagna

278 2563 343 2596 per
384 2558 555 2585 aestatem
590 2552 682 2583 nulli
716 2559 798 2585 sunt
833 2554 946 2586 corvis
986 2551 1087 2592 usui,
1122 2562 1168 2583 ne
1194 2562 1258 2594 per
1285 2550 1469 2584 humorem
1493 2552 1629 2586 ventris
1653 2551 1718 2584 illa

277 2598 387 2631 fluxio
415 2599 524 2643 magis
547 2598 653 2630 etiam
679 2598 907 2642 adaugeatur.
933 2599 978 2632 de
1003 2609 1074 2643 quo
1099 2598 1236 2630 scilicet
1250 2598 1466 2642 intelligitur
1490 2599 1597 2632 etiam
1618 2598 1720 2632 diae-

278 2651 337 2678 tae
366 2647 538 2678 rationem
563 2645 631 2678 sibi
662 2647 932 2679 convenientem
959 2656 1082 2678 corvos
1113 2656 1187 2677 non
1211 2645 1394 2688 ignorare,
1421 2657 1625 2691 quanquam
1651 2655 1720 2678 nec

278 2692 504 2736 Hippocratis
537 2703 604 2725 nec
631 2691 796 2725 Chironis
827 2705 893 2726 nec
918 2691 1123 2726 Machaonis
1161 2691 1318 2724 remedia
1354 2691 1525 2725 discendo
1548 2693 1720 2738 percepta

279 2744 437 2772 teneant.
470 2740 598 2772 iccirco
627 2738 752 2771 fluvios
776 2741 924 2784 quidem
950 2740 1158 2779 intuentur,
1182 2738 1243 2770 sed
1271 2738 1412 2772 haurire
1437 2739 1481 2772 de
1507 2739 1552 2772 iis
1578 2749 1718 2783 neque-

281 2791 358 2828 unt,
376 2797 587 2832 gravemque
603 2785 694 2820 hanc
712 2785 803 2819 adeo
821 2798 972 2832 poenam
992 2786 1108 2826 luunt,
1127 2785 1382 2830 quasiTantali
1401 2785 1546 2831 quidam
1562 2785 1716 2819 multati.
