1826 3120
622 172 906 214 ANNAMUM
937 174 1073 216 mas
1106 177 1159 216 11.
1498 161 1607 235 289

162 271 242 316 σας
272 265 424 317 νύκτας
452 270 524 311 καί
550 265 650 313 ἄνευ
683 272 807 315 νόσου
839 273 1063 331 α’νῃροῦντο
1090 273 1138 329 τᾲ
1165 277 1287 317 τέκνα
1317 271 1470 320 αὖταῖν.
1501 279 1609 333 ἐγει-

162 333 330 389 ρόμενοι
375 336 422 376 δὲ
465 334 512 377 τὸ
551 338 681 393 πρωΐ,
723 341 797 380 καί
835 337 886 380 τὰ
936 341 1118 395 φίλτατα
1160 332 1281 395 νεκρὰ
1310 339 1508 395 ὅρῶντες,
1535 347 1611 386 καί

160 403 311 455 μηκέτι
340 403 599 455 κατέχεσθαι
640 404 892 458 δυνάμενοι,
937 406 994 463 τῷ
1024 403 1186 460 Φαραώ
1216 407 1451 463 κατεβόων,
1480 412 1550 467 ἐφ’
1574 405 1655 470 ᾧΡ.
1676 423 1738 467 ι54

161 467 234 508 καὶ
259 464 330 508 τὸν
361 465 461 508 λαὸν
489 464 604 525 εἴκων
634 470 832 511 ἀπέλυσε.

111 533 148 574 -5
269 532 397 588 Πλὴν
438 533 508 575 ἐπὶ
544 534 724 588 τούτοις,
765 537 969 591 α’γαπητέ,
1005 537 1066 591 μὴ
1097 538 1347 594 α’νθίστασο,
1376 544 1486 599 μηδὲ
1514 546 1608 600 λέγε

159 594 223 639 ὅτι
260 600 302 640 εἰ
341 598 365 640 ὅ
403 599 504 650 θεὸς
536 599 757 656 σκληρύνει
787 601 866 657 τήν
907 603 1086 657 καρδιάν
1126 604 1312 660 Φαραώ,
1340 607 1449 659 τίνος
1471 610 1608 653 ἕνεκεν

157 665 438 720 ἐπιμέμφεται
480 665 595 723 αὐτῷ’
634 670 978 726 σκληρυνομένῳς
1013 671 1188 723 γίνωσκε
1214 670 1297 726 γάρ
1330 669 1394 715 ὅτι
1416 674 1444 730 ἢ
1473 676 1604 730 α’νοχὴ

153 731 236 772 τῶν
274 734 487 784 μαστίγων
525 733 637 773 αι’τία
666 734 740 787 τῆς
775 731 1012 789 πωρώσεως
1036 735 1151 791 αὐτῷ
1177 738 1360 792 γέγονεν,
1390 739 1447 789 ὥς
1479 740 1502 782 ὅ
1528 743 1607 795 με’-

153 811 231 849 γας
258 799 364 852 φησί
390 798 627 848 Βασίλειος.
686 799 783 841 ου’δὲ
803 798 884 854 γάρ
915 797 1110 843 εἴκουσαν
1136 801 1211 857 τήν
1237 805 1397 846 ἐκείνου
1424 806 1606 863 καρδίαν

95 876 142 903 10
154 861 295 916 λαβών
314 865 388 906 καί
410 865 663 920 πειθομένην
677 865 810 908 αὐτοῦ
832 872 920 915 τοῖς
947 869 1253 923 προστάγμασι,
1281 870 1386 926 πρὸς
1413 871 1459 913 τὸ
1480 878 1605 928 σκλη-

153 927 228 984 ρὸν
262 929 338 972 καί
374 929 550 980 ἀπειθὲς
594 931 895 985 μετεπλάσατο.
974 935 1027 990 τῇ
1061 937 1336 994 μακροθυμίᾳ
1360 937 1506 980 λοιπὸν
1534 942 1607 982 ε’πί

150 995 277 1038 πλέον
301 997 435 1039 ἐποίει
462 996 616 1053 ταύτην
650 999 969 1054 σκληρύνεσθαι.
1000 995 1081 1054 δ’ρα
1107 999 1186 1055 γὰρ
1213 1000 1272 1050 αἷς
1301 1002 1475 1045 ἐπειδάν
1502 1006 1603 1060 ἐπῆ-

149 1076 220 1116 γεν
239 1062 312 1104 ’ἐπ’
354 1061 484 1104 αὕτὸν
515 1063 593 1112 τοὶς
627 1063 809 1119 πληγάς,
836 1060 1037 1107 ἀπολύειν
1078 1066 1151 1108 τὸν
1176 1068 1280 1109 λαόν
1308 1070 1640 1125 ἐπηγγέλλετο,Β

149 1125 284 1182 ἡνίκα
302 1129 350 1170 δὲ
378 1128 497 1184 ἠφίει
526 1132 611 1172 ταῖν
653 1131 851 1184 βασάνων
880 1130 1029 1186 αὐτόν,
1057 1133 1341 1188 ἐσκληρύνετο.
1400 1134 1424 1176 ὂ
1453 1138 1504 1192 δὴ
1531 1139 1605 1180 καὶ

90 1194 177 1248 ιὸἧ
213 1193 357 1252 γραφή
402 1197 667 1250 σημαίνουσα
710 1195 847 1251 ἔλεγεν
885 1195 1017 1251 ,,ἰδιόν
1060 1200 1106 1240 δὲ
1149 1200 1310 1254 Φαραώ
1353 1197 1412 1243 ὅτι
1438 1203 1602 1256 γέγονεν

149 1256 376 1314 οἷνάψυξις,
425 1260 605 1318 ἐβάρυνε
644 1260 720 1317 τὴν
748 1264 925 1318 καρδίαν
955 1264 1118 1317 αὐτοῦ,
1157 1264 1228 1306 καί
1255 1265 1332 1306 οὐκ
1361 1265 1600 1323 εἰσήκουσεν

150 1326 304 1368 αΰτῶν.
383 1325 489 1369 α’λλὰ
519 1326 594 1369 καί
622 1329 754 1370 αὐτοῦ
780 1330 970 1382 λέγοντος
1003 1324 1184 1372 ἄκουσον
1210 1333 1286 1372 τοῦ
1311 1334 1418 1373 θεοῦ
1447 1330 1510 1375 ὅτι
1541 1336 1601 1384 εἰς

149 1391 253 1435 αὐτὸ
280 1394 402 1436 τοῦτο
431 1391 624 1450 ἐξήγειρά
643 1410 713 1447 σε,
743 1392 856 1444 ὅπως
879 1396 1130 1449 ἐνδείξωμαι
1149 1398 1192 1437 ἑν
1221 1399 1290 1440 σοι’
1316 1396 1388 1453 τήν
1418 1396 1599 1453 δυ’ναμίν

145 1474 257 1513 μου,
288 1462 361 1504 καί
388 1457 501 1510 ὅπως
534 1461 761 1519 διαγγελθῇ
788 1459 835 1503 τὸ
862 1456 989 1515 ὄνομά
1017 1477 1101 1515 μου
1131 1463 1175 1505 ἐν
1203 1463 1311 1520 πάσῃ
1340 1467 1395 1522 τῇ
1418 1467 1481 1522 γῇ.
1537 1466 1596 1522 μὴ

243 1588 295 1623 ¹7·
320 1576 455 1624 αὐτοῦ]
486 1578 608 1613 αὐτοῦ
627 1578 696 1612 τοῦ
725 1578 759 1611 Ρ.

144 1692 208 1728 tu,
242 1685 547 1731 quemadmodum
584 1694 620 1720 et
655 1686 809 1720 Davides
835 1689 885 1721 ait
917 1686 1059 1734 (Psalm.
1091 1688 1153 1732 104
1178 1689 1260 1731 36),
1292 1689 1400 1723 facile
1424 1691 1593 1736 princeps

145 1733 303 1766 omnium
339 1734 510 1779 ipsaeque
546 1734 663 1766 veluti
686 1734 877 1778 primitiae.
909 1747 991 1768 nam
1013 1741 1119 1769 nocte
1146 1735 1286 1777 media,
1313 1738 1416 1770 nullo
1444 1745 1592 1782 urgente

143 1781 269 1814 morbo
289 1806 299 1822 ,
323 1781 432 1815 liberi
454 1782 710 1826 Aegyptiorum
746 1782 1067 1818 interficiebantur.
1092 1794 1172 1815 cum
1195 1788 1315 1817 autem
1343 1784 1504 1818 diluculo
1531 1797 1593 1818 ex-

143 1828 430 1873 pergiscerentur
455 1834 491 1862 et
517 1829 716 1862 carissimos
740 1834 843 1862 natos
869 1830 1045 1862 extinctos
1067 1829 1243 1871 viderent,
1269 1842 1342 1863 non
1366 1831 1437 1864 iam
1463 1832 1592 1877 ampli-

144 1887 184 1909 us
210 1887 247 1909 se
277 1877 460 1909 continere
496 1876 657 1910 valentes
696 1886 775 1908 cum
807 1876 1021 1909 clamoribus
1051 1876 1272 1910 Pharaonem
1309 1877 1482 1923 adibant3
1506 1879 1591 1924 qui-

142 1921 209 1956 bus
235 1922 298 1956 ille
324 1929 506 1968 permotus
530 1923 703 1968 populum
730 1922 875 1955 tandem
898 1923 958 1955 vel
981 1923 1115 1956 invitus
1141 1923 1288 1958 dimisit.

233 1969 421 2004 Caeterum
445 1970 531 2004 nolo
556 1976 614 2011 te,
635 1969 766 2003 dilecte
795 1970 867 2010 fili,
893 1970 960 2002 hac
983 1970 1021 2002 in
1045 1971 1251 2004 narratione
1270 1971 1361 2004 mihi
1390 1972 1589 2018 refragran·

141 2015 188 2050 do
215 2017 405 2059 adversari,
432 2029 500 2051 nec
524 2017 732 2051 huiusmodi
756 2016 925 2062 quiddam
952 2016 1124 2050 obiicere:
1151 2018 1182 2050 si
1208 2017 1294 2051 deus
1321 2019 1477 2052 animum
1495 2020 1588 2054 Pha-

140 2065 260 2099 raonis
285 2065 507 2099 obstinatum
529 2064 707 2106 reddidit,
736 2063 969 2109 quamobrem
995 2065 1228 2108 pertinaciter
1243 2070 1279 2098 et
1303 2065 1489 2101 obfirmato
1508 2069 1588 2101 ani..

138 2122 197 2144 mo
225 2111 295 2146 sihi
330 2112 523 2146 reluctanti
547 2112 739 2146 irascitur?
769 2112 936 2145 nimirum
961 2112 1052 2145 scire
1077 2111 1187 2145 debes
1216 2112 1464 2146 adflictionum
1488 2115 1585 2148 tole-

139 2160 290 2193 rantiam
325 2160 435 2194 fuisse
458 2171 600 2193 causam
623 2160 786 2200 unicam,
827 2159 934 2192 sicuti
959 2170 1106 2203 magnus
1132 2159 1196 2192 ille
1219 2160 1369 2193 Basilius
1393 2161 1582 2206 loquitur,

139 2207 370 2252 quamobrem
405 2206 540 2241 Pharao
576 2213 766 2252 tantopere
801 2218 903 2239 suum
929 2206 1088 2239 animum
1119 2206 1324 2240 obduraret.
1350 2207 1439 2241 deus
1464 2210 1580 2251 enim,

138 2254 204 2298 qui
228 2254 387 2288 animum
427 2255 505 2288 eius
542 2254 640 2287 haud
672 2254 859 2287 cedentem
893 2254 1037 2298 suisque
1063 2253 1240 2288 mandatis
1270 2254 1582 2300 obtemperantem

137 2302 349 2347 accepisset,
384 2313 614 2347 nequaquam
651 2302 755 2335 illum
786 2301 830 2333 ad
868 2300 1035 2334 duritiem
1059 2301 1367 2348 pertinaciamque
1391 2303 1507 2337 fiuxit.
1534 2304 1580 2338 de

138 2358 210 2392 quo
236 2349 407 2394 consequi
435 2360 581 2383 necesse
622 2355 678 2383 est
700 2348 759 2382 dei
787 2348 980 2381 tolerantia
1005 2349 1137 2381 factum
1163 2349 1275 2382 fuisse
1299 2356 1341 2382 ut
1363 2351 1474 2395 magis
1497 2353 1579 2384 ani-

136 2405 214 2428 mus
238 2395 350 2441 ipsius
374 2396 634 2432 obfirmaretur.
661 2408 742 2429 nam
765 2395 848 2429 vide
871 2394 959 2427 mihi
983 2394 1143 2437 obsecro,
1169 2407 1241 2440 quo
1264 2403 1371 2442 pacto
1396 2408 1451 2430 res
1477 2404 1578 2442 gesta

135 2442 257 2477 fuerit.
281 2444 422 2488 quoties
439 2443 622 2477 hominem
647 2442 909 2476 calamitatibus
935 2447 972 2474 et
992 2442 1106 2487 plagis
1134 2443 1322 2486 adficeret,
1349 2443 1577 2478 dimissurum

136 2489 202 2522 ille
224 2500 261 2522 se
287 2491 461 2535 populum
487 2491 741 2536 pollicebatur.
758 2496 794 2523 at
817 2490 878 2522 ubi
900 2500 919 2521 e
947 2488 1086 2523 diverso
1109 2490 1219 2524 finem
1243 2491 1440 2536 adfligendi
1463 2492 1576 2524 facie-

134 2536 199 2569 bat
213 2561 223 2577 ,
245 2536 458 2571 obstinatior
481 2537 667 2572 evadebat.
691 2538 761 2570 hoc
784 2537 944 2570 indicare
962 2537 1124 2570 volentes
1148 2537 1292 2572 litterae
1310 2549 1428 2572 sacrae
1453 2539 1573 2573 verbis

135 2583 435 2618 huiusmodisunt
456 2597 541 2619 usae
569 2597 673 2627 „cum
687 2585 822 2617 Pharao
849 2595 886 2617 se
901 2588 1000 2616 tanto
1031 2595 1050 2617 e
1073 2584 1166 2617 malo
1182 2587 1374 2630 respirasse
1397 2592 1572 2626 cerneret,

134 2631 173 2663 in
199 2630 448 2667 obfirmatione
475 2633 582 2666 animi
599 2633 751 2678 pristina
773 2631 949 2675 perstitit,
977 2642 1044 2664 nec
1065 2632 1197 2665 Aaroni
1227 2633 1392 2677 Mosique
1417 2633 1571 2676 paruit.’'

134 2677 224 2722 quin
252 2677 359 2710 etiam
385 2689 464 2712 cum
489 2680 594 2713 deum
619 2680 738 2725 ipsum
760 2678 941 2712 dicentem
958 2677 1058 2712 audis
1079 2679 1255 2720 „excitavi
1273 2686 1310 2713 te
1334 2679 1434 2712 illam
1457 2680 1571 2724 ipsam

135 2725 182 2758 ob
212 2735 371 2765 causam,
408 2732 448 2759 ut
472 2732 688 2772 potestatem
710 2728 748 2759 in
771 2732 808 2759 te
846 2736 962 2758 meam
986 2725 1164 2759 declarem
1188 2738 1253 2772 per
1277 2727 1480 2760 universum
1510 2739 1570 2760 or-

136 2772 217 2805 bem
255 2776 424 2806 terrarum
438 2775 467 2814 ,'’
493 2774 568 2809 noli
603 2775 719 2809 animo
748 2773 894 2820 ancipiti
920 2784 959 2807 ac
984 2772 1172 2809 dubitante
1197 2774 1334 2808 dicere:
1362 2775 1456 2808 itane
1483 2785 1568 2819 pro-

218 2842 359 2887 Glscas.
1285 2852 1323 2885 19
