1826 3120
247 150 274 187 2
286 143 312 203 7'
326 150 352 183 2
703 146 987 187 MlCHAELls
1028 147 1241 190 GLYCAE

243 252 346 299 λι’ως
390 247 674 299 διακειμένου,
710 249 785 288 τοῦ
811 247 964 288 λάκκου
992 263 1036 289 τε
1073 249 1205 291 αὐτὸν
1232 246 1455 303 ἐξάγουσι,
1477 253 1550 294 καί
1576 251 1682 294 κατὰ

241 315 317 368 τήν
345 316 421 356 τοῦ
455 310 662 366 Ἰωσήπου
691 312 882 367 ἱστορίαν
910 311 1039 355 εἴκοσι
1057 316 1172 366 μναῖν
1201 321 1283 363 τοῖς
1311 314 1508 371 ἐμπόροις
1534 317 1686 360 ἀποδι-

243 379 381 422 δόασι.
458 376 564 430 μετὰ
606 380 655 425 δὲ
680 381 812 420 ταῦτα
842 378 946 434 πρὸς
976 378 1046 421 τὸν
1073 383 1232 435 πατέρα
1262 382 1584 436 ἐπιστρέψαντες
1610 382 1686 427 τὸν

242 447 318 497 μὲν
349 441 509 498 Ἰωσήφ
541 441 680 497 ἔλεγον
707 443 766 499 μή
798 446 921 498 ἰδεῖν,
959 447 1120 499 χιτῶνα
1154 448 1200 488 δὲ
1229 448 1379 488 τούτου
1409 447 1554 501 εὑρέτις
1568 449 1686 506 ᾑμω-

241 513 392 563 γμένον
420 511 492 550 καί
519 513 832 563 λελακισμένον,
865 511 922 560 ὥς
946 513 1141 555 ἐντεῦθεν
1167 510 1368 555 ὑπόνοιαν
1386 513 1499 568 τάχα
1522 513 1722 558 διδόιαιιό

241 575 357 630 παρὰ
402 577 564 630 θηρίων
607 574 736 618 αὐτὸν
771 578 1021 619 α’πολέσθαι.
1084 575 1310 633 κατάγεται
1353 575 1428 622 οὖν
1460 578 1574 635 παρὰ
1598 581 1688 653 p&

241 642 438 695 ἐμπόρων
479 642 539 690 εἰς
577 640 817 695 Αἴγυπτον,
861 643 932 684 καί
967 643 1025 692 αἱς
1054 646 1199 694 δοῦλος
1240 647 1372 688 ἐκεῖσε
1399 637 1688 703 πιπράσκει-ἀι’-

202 708 291 751 Βοῦ
317 706 424 748 πολὺ
458 706 504 748 τὸ
539 708 583 749 ἐν
609 710 742 766 μέσῳ,
774 710 848 750 καί
875 711 935 759 εἰς
964 708 1123 765 ἔρωτας
1146 710 1355 764 οἷσέμνους
1369 711 1482 766 παρὰ
1511 713 1587 767 τῆς
1607 728 1690 758 ,κν-

239 776 334 827 ριάς
364 773 497 815 αὐτοῦ’
517 775 750 829 ἐφέλκεται.
778 774 801 815 ὁ
831 777 876 817 δὲ
902 778 976 817 οὔκ
999 778 1202 819 ἐπείθετο·
1232 779 1274 819 εἰ
1287 776 1367 832 γάρ
1397 780 1470 821 καί
1486 777 1542 820 -τό
1562 780 1687 833 σῶμα

239 842 409 892 δοῦλος,
439 838 543 881 οἴλλοὶ
574 841 647 895 την
673 840 842 895 γνώμην
884 839 1118 898 ἐλεύθερος.
1174 843 1241 899 ἐφ’
1270 837 1304 901 ᾧ
1326 843 1401 886 καί
1424 842 1531 900 πρός
1559 844 1751 902 &pythio

239 902 370 960 αὐτὴν
399 910 515 948 κινεῖ.
571 908 725 963 μελετᾷ
754 909 841 949 κατ’
872 909 1003 950 αὐτοῦ
1014 916 1048 962 ,χ’
1070 915 1323 964 κατηγορεῖ,
1353 914 1492 952 πείθει
1518 913 1579 961 εἷς
1603 927 1687 968 φν-

240 971 371 1028 λακην
400 971 525 1014 αὐτὸν
557 974 767 1026 ἐμβαλεῖν.
820 974 973 1027 γίνεται
1012 976 1167 1029 ταῦτα,
1199 977 1273 1017 καί
1298 978 1569 1032 τρισκαίδεκα
1597 975 1703 1020 ἕτερ’

240 1055 308 1081 σιν
336 1036 627 1087 κατάκλειστος
665 1034 716 1093 ἦν
739 1055 750 1067 ·
793 1042 847 1096 τῇ
872 1041 919 1082 δὲ
946 1039 1119 1098 τοιαύτῃ
1150 1045 1320 1099 φυλακῇ
1351 1044 1423 1085 καί
1447 1045 1581 1098 ἕτεροι
1606 1043 1684 1086 δύο

189 1118 192 1122 ·
239 1106 459 1159 συνῆσαν,
502 1104 691 1158 οἰνοχόος
717 1121 762 1146 τε
803 1107 875 1146 καί
917 1105 1174 1161 α’ρτοποιός·
1245 1103 1306 1158 οἷς
1343 1108 1395 1164 δὴ
1436 1103 1686 1163 παραδόξως

239 1170 313 1212 καί
338 1168 388 1212 τά
418 1167 596 1223 ἐσόμενα
625 1171 916 1227 προηγόρευσε.
972 1173 1046 1214 καί
1085 1174 1143 1230 τῷ
1169 1175 1246 1226 μὲν
1273 1175 1446 1232 οἰνοχόῳ
1473 1177 1685 1231 ἐλευθερί-
1701 1179 1750 1222 15

103 1249 145 1283 v,
167 1259 227 1283 112
242 1254 292 1279 αν
319 1238 514 1292 προέλεγε
539 1236 608 1278 διὰ
635 1241 762 1291 τριῶν
792 1239 985 1290 ἐμμένειν
1023 1237 1193 1295 ἡμερῶν
1211 1255 1222 1264 ·
1279 1237 1391 1296 ἑώρα
1417 1239 1495 1296 γὰρ
1525 1243 1571 1283 ἐκ
1595 1257 1690 1297 τρει

202 1306 299 1346 (Ζῶν
323 1301 542 1358 κλημάτων
567 1304 927 1357 α’ποθλιβομένους
952 1303 1137 1358 βότρυας
1167 1308 1222 1347 δι’
1252 1307 1386 1348 αὐτοῦ
1414 1309 1473 1358 εἰς
1503 1306 1685 1364 φιάλην,

239 1369 312 1410 καί
339 1367 413 1410 τόν
438 1371 616 1422 βασιλέα
640 1371 870 1424 χαριέντως
897 1371 940 1420 ἐξ
958 1370 1088 1412 αὐτοῦ
1107 1373 1263 1427 ταύτην
1280 1376 1558 1427 λαμβάνοντα.
1584 1370 1686 1417 ὅθεν

240 1438 311 1477 καὶ
339 1433 441 1488 πρὸς
480 1433 608 1477 αὐτὸν
649 1434 762 1489 ἔλεγε
793 1434 881 1490 ,,μὴ
916 1433 1119 1493 ὖπερίδῃς
1147 1437 1258 1492 ἡμᾶς
1285 1441 1357 1480 δια
1391 1441 1524 1481 ταῦτα
1552 1441 1684 1494 ἄπερ-

238 1500 437 1555 χόμενος·
495 1502 617 1543 ου’ὃὲν
644 1501 720 1556 γὰρ
748 1501 1003 1556 ἁμαρτόντες
1031 1503 1075 1545 ἐν
1103 1506 1272 1557 δεσμοῖς
1298 1505 1543 1559 γεγόναμεν,
1577 1505 1681 1548 ἀλλὰ
1695 1518 1748 1546 20

239 1567 516 1622 σωφροσύνης
557 1565 675 1608 ἕνεκα
711 1566 763 1609 τά
794 1570 876 1609 τῶν
917 1568 1160 1623 κακούργων
1187 1570 1407 1623 ὑπομένειν
1436 1573 1683 1627 κατεκρίθη·

331 1693 364 1725 3.
388 1691 716 1738 ὑποστρέψαντες-ἐ’
810 1702 866 1724 21.
891 1693 1181 1740 κατεκρίθημεν]
1209 1693 1419 1742 ἠξιώθημεν
1442 1695 1480 1728 F.

237 1792 402 1833 trahunt,
431 1803 472 1826 ac
498 1793 625 1837 viginti
652 1793 760 1826 minis
779 1793 846 1836 (sic
873 1794 968 1826 enim
993 1795 1166 1840 Iosephus
1191 1796 1230 1829 in
1253 1795 1402 1833 historia
1425 1808 1488 1830 sua
1513 1800 1681 1833 memori-

238 1852 280 1873 ae
307 1839 493 1918 prodidit?¹
508 1839 723 1884 quibusdam
746 1841 1004 1874 mercatoribus
1040 1842 1213 1876 vendunt.
1237 1844 1322 1876 hinc
1344 1843 1391 1877 ad
1413 1850 1598 1889 parentem
1623 1858 1681 1880 re-

237 1888 329 1921 versi
362 1888 466 1932 Iosep
496 1898 556 1919 um
588 1887 734 1931 quidem
771 1899 808 1920 se
842 1899 1017 1933 nusquam
1048 1889 1181 1923 vidisse
1215 1897 1381 1932 narrant,
1414 1891 1572 1926 tunicam
1596 1903 1680 1927 vero
1732 1913 1737 1918 ι

237 1935 348 1980 ipsius
373 1935 546 1979 reperisse
571 1940 793 1967 cruentatam
821 1947 861 1968 ac
887 1934 1123 1981 discerptam,
1147 1942 1187 1970 ut
1211 1937 1279 1970 hoc
1302 1937 1409 1970 modo
1428 1944 1531 1983 pater
1554 1940 1594 1973 in
1621 1951 1682 1974 su-

237 1982 435 2027 spicionem
470 1981 610 2014 veniret
648 1981 798 2015 fortasse
838 1982 950 2014 filium
980 1995 999 2015 a
1035 1984 1118 2017 feris
1146 1984 1399 2029 interemptum
1423 1996 1510 2018 esse.
1537 1987 1680 2021 interim

240 2029 315 2073 ipse
334 2040 354 2060 a
369 2027 627 2061 mercatoribus
652 2029 689 2061 in
706 2029 904 2074 Aegyptum
929 2029 1128 2072 abducitur,
1154 2037 1261 2076 atque
1278 2032 1354 2064 illic
1369 2033 1406 2065 in
1420 2044 1556 2066 morem
1577 2045 1680 2068 man·-

241 2075 326 2119 cipii
365 2074 542 2108 venditur.
579 2086 652 2108 non
680 2076 788 2120 longo
814 2082 974 2122 tempore
1012 2078 1201 2111 interiecto
1225 2078 1270 2111 ab
1295 2078 1381 2111 hera
1405 2091 1469 2112 sua
1491 2080 1618 2115 foedos
1644 2087 1680 2115 et

240 2128 363 2165 turpes
399 2121 443 2154 ad
479 2132 614 2154 amores
645 2123 850 2166 pellicium,
894 2136 913 2156 a
951 2135 1022 2168 qua
1047 2130 1167 2158 tamen
1207 2135 1250 2157 eo
1274 2126 1420 2159 minime
1442 2128 1677 2172 perpellitur:

241 2169 402 2213 quumvis
430 2169 524 2201 enim
563 2180 710 2214 corpore
745 2182 864 2204 servus
891 2177 1002 2212 esset,
1026 2171 1140 2204 nihilo
1169 2177 1288 2205 tamen
1315 2174 1431 2206 minus
1457 2175 1577 2207 animo
1603 2181 1681 2209 erat

241 2217 426 2259 ingenuus.
451 2214 542 2247 hanc
567 2215 613 2248 ob
639 2228 778 2250 causam
805 2218 868 2250 illa
897 2219 1132 2259 excandescit,
1157 2219 1297 2264 aliquid
1321 2222 1359 2252 in
1376 2221 1565 2266 Iosephum
1593 2223 1679 2256 mali

240 2262 404 2302 molitur,
444 2269 604 2303 accusat,
640 2265 769 2298 marito
805 2265 1234 2310 persuadet‚“hominem
1272 2267 1311 2299 in
1335 2268 1477 2300 vincula
1499 2269 1679 2304 coniiciat.

242 2308 401 2342 succedit
427 2309 526 2353 quod
565 2310 789 2353 instituerat,
826 2312 988 2358 adeoque
1011 2318 1106 2346 totos
1136 2313 1174 2345 13
1202 2325 1312 2346 annos
1336 2314 1508 2359 Iosephus
1535 2317 1573 2349 in
1599 2318 1679 2350 vin-

244 2356 332 2389 culis
360 2355 553 2388 detinetur.
579 2365 679 2391 erant
703 2360 740 2391 in
765 2359 891 2392 eodem
920 2371 1058 2393 carcere
1081 2360 1238 2393 conclusi
1263 2366 1300 2393 et
1323 2361 1385 2393 alii
1410 2361 1501 2404 duo,
1525 2374 1678 2408 quorum

243 2414 334 2435 unus
366 2414 386 2435 a
412 2403 550 2447 poculis
590 2405 663 2448 regi
697 2406 833 2447 fuerat,
877 2406 968 2440 alter
992 2408 1114 2452 pistor.
1139 2406 1195 2440 his
1229 2408 1293 2440 ille
1330 2420 1420 2442 nova
1454 2415 1491 2442 et
1514 2410 1676 2445 inaudita

244 2448 395 2494 quadam
420 2450 559 2482 ratione
597 2451 715 2484 sutura
754 2453 952 2498 praedixit,
989 2460 1097 2499 atque
1123 2453 1178 2486 illi
1202 2454 1370 2499 quidem,
1404 2467 1424 2487 a
1449 2458 1588 2500 poculis
1613 2459 1676 2504 qui

245 2498 382 2537 fuerat,
409 2496 613 2529 libertatem
642 2498 735 2531 intra
768 2501 925 2534 triduum
963 2501 1218 2534 restituendam
1254 2502 1466 2535 vaticinatus
1507 2510 1570 2538 est.
1594 2517 1675 2539 nam

243 2544 481 2577 somniaverat
513 2555 549 2576 se
578 2543 622 2576 de
659 2546 773 2579 tribus
806 2548 1013 2592 palmitibus
1042 2560 1125 2581 uvas
1149 2549 1186 2581 in
1212 2548 1369 2593 phialam
1395 2549 1586 2585 Pharaonis
1610 2563 1674 2586 ex·-

240 2590 406 2635 primere,
431 2601 471 2624 ac
496 2590 627 2623 deinde
652 2603 767 2636 regem
796 2606 839 2626 ex
867 2607 907 2627 ea
931 2606 1003 2627 non
1026 2595 1223 2628 illubenter
1245 2594 1416 2629 hausisse.
1443 2599 1585 2632 monuit
1609 2610 1674 2632 au>-

242 2644 312 2670 tem
341 2636 436 2670 hunc
474 2643 532 2670 utv
550 2649 687 2670 carcere
716 2639 888 2674 liberatus
919 2643 973 2674 sui
999 2653 1064 2686 per
1086 2647 1326 2686 contemptum
1352 2655 1423 2675 non
1443 2645 1672 2679 obliviscere·-

243 2690 318 2716 tur:
356 2695 436 2716 nam
468 2684 590 2725 nullo,
614 2685 735 2729 inquit
768 2688 939 2731 (Ge11.40
973 2691 1048 2734 ι4),
1088 2689 1245 2722 facinore
1279 2690 1463 2733 designato
1499 2692 1537 2724 in
1563 2692 1670 2726 hosce

244 2741 400 2763 carceres
434 2733 606 2775 compacti
633 2743 774 2773 sumus,
813 2735 874 2766 sed
896 2742 1043 2781 propter
1070 2737 1267 2770 castitatem
1296 2736 1339 2769 sd
1365 2737 1451 2770 haec
1475 2739 1670 2783 flagitioso-
