1826 3120
583 125 870 168 ANNAi-„mm
907 126 1045 168 PARS
1088 127 1120 165 1.
1517 125 1534 160 ι
1549 106 1581 160 3

130 231 263 290 αὖτῆς
293 231 363 275 ὑπ’
405 226 571 283 οἷιέμων
611 230 807 283 ἐγίνοντο.
879 228 1014 277 αἴτιος
1043 228 1120 281 μὲν
1145 226 1225 284 γάρ
1259 227 1336 269 τοῦ
1360 227 1535 279 σεισμοῦ
1564 225 1627 265 ‹5C

130 299 233 350 θεὸς
264 297 372 341 κατά
403 295 476 339 τόν
505 294 674 339 εἰπόντα
716 292 933 352 προφήτην
963 295 1013 348 ,,ὁ
1048 297 1286 349 ἐπιβλέπων
1315 291 1386 336 ε’πί
1412 291 1488 348 τὴν
1515 294 1590 347 γῆν

130 367 203 410 καί
235 368 368 408 ποιῶν
395 361 530 419 αὐτὴν
557 363 766 418 τρέμειν,”
794 361 840 403 τό
873 362 919 403 δὲ
948 363 1123 415 συνεχὲς
1151 360 1300 403 τούτου
1329 361 1487 415 γίνεται
1517 361 1592 401 καί

130 432 244 489 παρὰ
275 431 350 487 τὴν
378 431 462 472 τῶν
491 427 697 483 ὑπογείων
725 427 890 480 ἀνέμων
918 429 1091 482 κίνησιν.
1150 426 1219 469 διά
1252 425 1330 482 γὰρ
1363 429 1487 468 τοῦτο
1520 426 1595 466 καί

95 503 335 545 5ἑπιο’ντων
363 496 556 551 μεγάλων
584 495 769 546 σεισμῶν
796 488 944 546 ἄνεμοι
964 495 1022 551 τῷ
1051 492 1143 536 τότε
1172 494 1245 535 οὐκ
1275 493 1407 546 εἰσίν,
1434 491 1492 542 ὥς
1524 493 1592 545 ἐγ-

131 566 379 619 κλειομὲνων
421 562 562 604 αὐτῶν
606 556 805 602 &nondun
840 559 946 602 κατά
983 559 1137 609 τόπους
1165 561 1239 602 καί
1269 561 1431 613 μᾶλλον
1459 557 1594 600 ὑπάν-

134 647 276 690 τρους.

243 699 297 740 Εἰ
336 697 383 739 δὲ
425 694 498 736 καί
529 696 577 737 τί
597 694 709 736 ἐστιν
756 693 780 735 ὅ
810 687 959 748 ἄνεμος
1000 695 1208 749 ἐπιζητεῖς
1243 694 1317 736 καί
1340 691 1471 734 πόθεν
1504 689 1595 745 ἔχει

130 764 206 821 τὴν
233 764 420 820 γένεσιν,
465 763 624 804 εἰδέναι
663 760 853 817 ὀφείλεις
897 758 964 803 ὅτι
1000 762 1108 810 τινὲς
1138 763 1215 814 μὲν
1244 757 1319 801 τὸν
1347 758 1455 814 α’έρά
1488 759 1599 814 φασὶ

75 848 121 875 ιο
134 830 375 884 κινούμενον
411 828 487 878 τάς
516 829 597 870 τῶν
627 827 793 881 ἀνέμων
820 822 958 881 αὔρας
989 829 1190 882 παρέχειν
1219 819 1339 881 ἡμῖν,
1385 827 1516 878 ἕτεροι
1549 824 1597 864 δὲ

132 896 259 940 πάλιν
287 898 334 938 ἐκ
370 896 445 950 τῆς
484 892 736 943 καπνώδους
774 891 1106 947 ἀναθυμιάσεως
1138 894 1371 948 γεννᾶσθαι
1399 884 1596 934 τὸνᾶνε-

132 981 210 1019 μον
240 964 492 1020 φάσκουσιν.
553 955 614 1010 οἷς
643 959 693 1015 δή
728 961 802 1001 καί
828 961 1055 1014 προσέχειν
1083 975 1131 1001 σε
1163 961 1286 1001 πλέον
1311 955 1536 1012 βούλομαι.
1567 953 1596 1009 ἧ

131 1033 211 1083 μὲν
237 1028 320 1085 γάρ
369 1028 445 1072 τοῦ
475 1027 600 1082 α’ἑρος
625 1028 788 1081 κίνησις
816 1024 987 1075 ἔκλυτος
1019 1024 1208 1081 ὑπάρχει
1238 1026 1312 1066 καί
1337 1022 1537 1078 χαλαρά,
1569 1020 1638 1076 ἧι)

134 1099 180 1140 δὲ
222 1098 298 1139 τοῦ
339 1096 497 1148 οἷνέμου
537 1094 756 1149 βιαιοτέρα
799 1108 846 1134 τε
875 1092 947 1134 καὶ
987 1089 1226 1149 τυραννική.
1296 1090 1370 1133 καί
1400 1093 1523 1145 δῆλον
1552 1090 1596 1140 ἐξ

74 1164 277 1210 ιὸαὕτῶν
303 1165 385 1206 τῶν
413 1162 621 1214 σεισμῶν·
690 1159 816 1201 οὐδὲν
855 1157 937 1215 γάρ
975 1159 1117 1213 ἕτερόν
1154 1159 1269 1200 ἐστιν
1298 1155 1320 1198 ὅ
1354 1155 1529 1209 σεισμὸς
1559 1157 1598 1197 εἰ

133 1229 192 1284 μὴ
221 1227 413 1283 ὑπόγειος
452 1223 615 1280 ἄνεμος.
684 1224 901 1281 τεσσάρων
941 1227 986 1268 δὲ
1019 1219 1149 1268 ἷῖντων
1178 1225 1235 1274 ὥς
1261 1225 1391 1266 εἰπεῖν
1410 1226 1596 1265 ’καθολι-

134 1298 219 1338 καῖν
248 1293 442 1349 ἀνέμων,
487 1292 722 1349 α’πηλιώτης
761 1295 840 1345 μὲν
870 1290 941 1334 καί
982 1293 1164 1348 ζέφυρος
1193 1291 1268 1332 οὐκ
1294 1289 1380 1332 εἰσί
1414 1287 1595 1346 σφοδρό-

134 1377 275 1415 τατοι,
308 1363 467 1417 βορρᾶς
509 1362 556 1402 δὲ
600 1359 674 1401 καὶ
712 1357 831 1407 νότος
860 1357 1234 1414 τυραννικώτατοι,
1278 1355 1388 1399 διότι
1427 1357 1472 1397 ἐν
1518 1356 1596 1408 μὲν

133 1430 191 1486 τῷ
215 1431 369 1486 βορείῳ
399 1427 471 1470 καί
498 1429 620 1485 νοτίῳ
650 1428 796 1484 πόλῳ,
832 1423 932 1468 ὅθεν
957 1425 978 1468 ὃ
1007 1427 1168 1482 βορρᾶς
1196 1427 1270 1467 καί
1295 1424 1317 1465 ὃ
1345 1421 1462 1472 νότος
1490 1429 1595 1475 πνεῖ,

73 1494 193 1549 20μῆ
221 1493 436 1549 γινόμενος
475 1492 496 1534 ὅ
535 1491 654 1547 ἥλιος
693 1493 744 1532 οὔ
780 1492 1004 1547 θερμαίνει
1029 1491 1080 1533 τὰ
1130 1493 1265 1533 ἐκεῖσε
1292 1492 1457 1545 χωριά,
1486 1487 1594 1531 ἀλλά

136 1563 248 1615 μένει
277 1558 442 1616 ψυχρά,
474 1557 706 1616 ψυχροὶδὲ
735 1553 834 1600 ὅντα
860 1557 930 1600 άεί
956 1555 1102 1610 ἔνικμά
1132 1558 1255 1610 εἰσιν,
1288 1553 1394 1598 αῗστε
1425 1549 1596 1610 ὄμβρων

137 1629 300 1669 πολλῶν
333 1627 567 1682 γενομένων
612 1625 683 1668 διὰ
728 1623 804 1680 τὴν
833 1627 989 1678 ψῦξιν,
1027 1621 1115 1667 εἶτα
1142 1625 1216 1679 τῆς
1261 1624 1336 1678 γῆς
1360 1621 1595 1678 διαβρόχου

140 1835 195 1866 est
219 1829 288 1863 nisi
314 1828 434 1861 locum
470 1827 578 1860 istum
606 1826 713 1859 initio
752 1836 868 1859 rerum
894 1825 1021 1860 sortita
1059 1830 1174 1864 esset,
1198 1835 1273 1857 non
1298 1825 1403 1858 etiam
1421 1834 1486 1869 per
1509 1834 1597 1857 ven-

140 1884 196 1916 tos
225 1876 332 1910 certis
364 1876 402 1908 in
431 1874 521 1907 locis
547 1878 770 1919 quateretur.
810 1874 945 1906 etenim
976 1878 1094 1906 terrae
1118 1872 1288 1904 motionis
1312 1882 1417 1904 causa
1447 1870 1597 1918 quidem

143 1931 198 1959 est
223 1924 330 1964 (leus,
360 1921 558 1956 secundum
585 1920 678 1953 illud
714 1920 806 1954 vatis
829 1920 979 1954 verbum
1004 1919 1092 1964 „qui
1117 1924 1247 1952 terram
1273 1918 1430 1963 adspicit
1457 1924 1493 1951 et
1517 1929 1597 1951 eam

141 1972 229 2006 facit
254 1977 407 2005 tremere
419 1971 597 2005 :”,verum
621 1968 836 2013 plerumque
860 1973 1048 2000 ventorum
1073 1966 1391 1999 subtel-raucorum
1418 1965 1472 1999 vis
1497 1971 1600 1998 acce-

142 2019 208 2053 dit.
234 2023 426 2064 propterea
451 2015 728 2049 vehementibus
754 2015 793 2047 in
819 2013 1110 2047 succussionibus
1140 2018 1257 2046 terrae
1280 2013 1376 2045 nulli
1403 2018 1489 2046 sunt
1511 2023 1599 2046 ven-

142 2067 192 2109 ti,
217 2072 391 2110 tanquam
414 2064 563 2097 inclusis
591 2064 640 2096 eis
666 2063 760 2096 infra
788 2067 943 2102 terram,
979 2061 1069 2094 locis
1092 2061 1306 2106 praesertim
1331 2060 1546 2093 cavernosis.

236 2112 377 2158 Quodsi
419 2112 529 2145 etiam
565 2120 779 2155 cognoscere
811 2109 865 2142 vis
904 2108 993 2154 quid
1019 2109 1066 2142 sit
1103 2113 1233 2142 ventus
1261 2112 1298 2140 et
1321 2106 1418 2140 unde
1443 2107 1601 2149 oriatur,

143 2163 233 2196 scito
258 2159 454 2193 nonnullos
482 2157 626 2192 tradere
652 2156 751 2203 quod
779 2160 842 2190 aii-r
879 2161 997 2189 motus
1020 2161 1209 2190 ventorum
1234 2154 1341 2187 nobis
1366 2165 1470 2187 auras
1494 2165 1601 2199 prae-

143 2209 241 2243 beat.
265 2208 329 2241 alii
363 2218 447 2241 vero
479 2205 524 2239 de
563 2206 683 2239 fumea
709 2205 812 2249 quasi
837 2202 990 2249 quadam
1031 2203 1287 2248 evaporatione
1324 2207 1473 2235 ventum
1502 2202 1601 2246 gigni

144 2256 291 2295 dicunt,
317 2254 450 2299 quibus
474 2253 610 2287 habere
638 2258 675 2286 te
703 2251 810 2284 fidem
840 2251 935 2284 volo.
971 2262 1055 2283 nam
1099 2250 1194 2284 aeris
1220 2249 1333 2282 motio
1359 2249 1519 2294 quietior
1546 2253 1602 2282 est

144 2315 186 2336 ac
210 2302 374 2343 mollior,
399 2302 499 2335 venti
526 2311 611 2335 vero
636 2298 904 2339 vehementior,
930 2298 1067 2331 maiore
1083 2298 1119 2331 vi
1145 2303 1255 2342 atque
1281 2296 1418 2341 impetu
1450 2296 1600 2329 ruentis.

144 2356 265 2395 potest
303 2349 373 2382 hoc
411 2349 499 2394 ipsis
538 2359 582 2382 ex
606 2347 766 2381 motibus
800 2352 918 2379 terrae
951 2346 1138 2390 cognosci:
1177 2344 1273 2377 nihil
1297 2344 1392 2376 enim
1419 2343 1521 2376 aliud
1547 2347 1603 2376 est

145 2402 380 2431 terraemotus
405 2407 512 2442 quam
538 2401 667 2429 ventus
693 2394 959 2428 subterraneus.
999 2404 1079 2426 cum
1103 2397 1224 2425 autem
1250 2396 1424 2436 quattuor
1449 2391 1522 2423 sint
1544 2390 1603 2434 (ut

145 2446 197 2479 ita
228 2444 370 2490 loquar)
403 2443 623 2477 universales
656 2442 775 2483 venti,
816 2440 1030 2474 subsolanus
1063 2439 1211 2486 quidem
1249 2450 1290 2472 ac
1321 2438 1487 2471 favonius
1527 2447 1602 2469 non

145 2492 340 2526 admodum
363 2491 594 2524 vehementes
615 2495 718 2531 sunt,
758 2489 882 2534 aquilo
911 2499 993 2520 vero
1019 2493 1056 2521 et
1090 2493 1212 2520 auster
1233 2486 1373 2530 impetu
1399 2495 1439 2516 ac
1464 2484 1500 2517 vi
1524 2494 1602 2516 ma-

146 2540 238 2572 xima
265 2545 383 2572 ruunt.
410 2550 491 2571 nam
515 2550 594 2571 cum
624 2538 714 2571 locis
738 2535 941 2582 aquilonali
965 2535 1188 2580 :iusti-alique
1213 2533 1300 2579 polo
1329 2531 1514 2572 subiectis,
1532 2542 1602 2563 un·-

149 2585 194 2619 de
222 2592 296 2619 tam
319 2586 442 2631 aquilo
476 2597 582 2631 quam
608 2591 730 2618 auster
754 2585 938 2622 oriuntur,
965 2582 1049 2616 solis
1079 2582 1175 2615 desit
1201 2579 1428 2626 praesentia,
1453 2589 1601 2611 necesse

149 2638 206 2666 est
231 2644 272 2666 ea
287 2634 404 2666 minus
422 2634 658 2674 incalescere,
691 2641 903 2677 semperque
928 2635 1004 2662 tum
1042 2629 1184 2674 frigoris
1211 2628 1313 2673 copia
1339 2633 1414 2660 tum
1440 2625 1601 2658 humoris

130 2679 345 2714 abundare.
371 2691 443 2726 quo
469 2680 511 2714 fit
533 2686 749 2726 utrqpropter
773 2677 1004 2722 frigiditatem
1028 2677 1161 2710 exortis
1189 2676 1400 2721 frequenter
1424 2671 1601 2706 imbribus

150 2727 368 2774 irrigat-‘ique
387 2727 583 2775 plurimum
607 2733 702 2762 terra
727 2724 865 2773 copiosi
883 2724 1068 2771 fumeique
1092 2734 1243 2770 vapores
1263 2723 1344 2757 istic
1368 2719 1602 2761 adscendunt,
