1826 3120
561 182 845 221 ANNAMUM
901 181 1039 222 PARS
1075 183 1109 223 1.
1465 181 1478 213 ι
1498 179 1569 234 79

117 285 348 340 ὄπέρτερον
386 282 594 336 α’ναγκῶν.
665 281 817 322 αὐτίκα
861 279 942 336 γὰρ
972 279 992 321 ὅ
1023 280 1240 330 θειότατος
1265 277 1453 334 Ἰωάννης
1481 281 1571 322 Δοι-
1586 284 1626 320 V.
1641 283 1683 332 73

114 348 330 405 μασκηνὸς
373 343 509 403 ἄκραν
548 345 662 401 ἔχειν
702 345 914 390 ἀπάθειαν
957 345 1031 388 τὸν
1060 343 1140 401 πρὸ
1188 349 1264 401 τῆς
1292 342 1573 399 παραβάσεως

117 413 343 471 ἄνθρωπον
365 414 504 468 ἔλεγε·
536 418 657 456 πεῖνα
684 411 764 467 γάρ
788 412 860 454 καί
901 414 1010 465 δίψα
1030 444 1041 465 ,
1081 411 1207 462 κόπος
1245 415 1319 455 καί
1344 409 1473 462 ὕπνος
1501 411 1577 453 καί

117 479 260 538 ἱδρώς,
283 481 341 530 ὥς
371 481 393 522 ὅ
422 484 537 530 θεῖος
567 475 690 530 οὗτος
721 477 826 534 α’νηρ
857 480 902 521 ἐν
919 475 1124 535 ἑξηκοστῷ
1145 476 1324 536 τετάρτῳ
1359 478 1574 535 κεφαλαίῳ
1587 482 1676 531 Ρ.94

81 548 255 597 ὄαῦτοῦ
282 549 410 602 λέγων
441 543 638 601 εὕρηται,
662 542 770 598 μετά
800 543 880 598 την
905 540 1150 598 παράβασιν
1178 546 1238 594 εἰς
1263 542 1334 586 τὸν
1358 542 1577 600 ἀνθρώπιὲ

117 629 188 657 νον
214 617 307 668 βίον
334 613 604 668 εἷσήλθοσαν.
664 608 772 652 α’λλοὶ
801 611 873 652 καί
901 609 924 651 ὅ
941 610 1137 665 Σιναῖτης
1163 613 1277 659 θεῖος
1301 607 1578 667 Ἀναστάσιος

116 681 162 722 ἑν
193 682 252 738 τῷ
279 681 377 734 περί
396 675 666 727 α’ναστάσεως
694 674 802 734 λόγῳ
830 671 967 717 αὖτοῦ
985 674 1035 717 τοὶ
1070 673 1305 731 ἀδιάβλητοι
1332 678 1466 718 ταῦτα
1494 674 1577 718 πά-

117 749 176 800 θη
206 749 258 803 τῇ
284 747 357 800 τῆς
394 746 542 794 κακίας
584 741 734 800 εἰσόδῳ
770 745 1195 798 συνεπακολουθῆσαι
1240 743 1339 797 ἡμῖν
1367 741 1506 796 ἔλεγεν
1533 745 1579 784 ἐν

117 814 167 870 τῇ
195 812 271 854 τοῦ
313 812 564 866 δερματίνου
605 811 787 864 χιτῶνος
827 811 1043 867 περιβολῇ.
1109 809 1208 850 οὐδὲ
1239 809 1579 865 γὰρ’συμπεφυ-

57 897 105 924 ιο
119 877 202 929 mdc
231 872 350 927 οὗτος
392 878 444 935 τῇ
477 879 622 934 λογικῇ
665 875 795 932 φύσει
824 876 936 924 καθα
966 881 1053 924 τοῖς
1083 871 1252 930 οἷλόγοις
1283 878 1463 930 ἐγένετο,
1491 877 1580 917 ἀλλ’

116 942 289 1001 ὕστερον
331 944 547 995 ἐπετίθει,
592 944 779 994 κολάζων
806 943 960 984 ἐκεῖνον
989 941 1060 984 τὸν
1088 943 1133 984 ὲν
1159 944 1263 999 τιμῇ
1285 944 1364 995 μὲν
1393 938 1491 984 ὄντα
1518 941 1579 997 μὴ

116 1011 310 1054 συνιέντα
341 1012 399 1063 δέ,
431 1010 657 1051 κάντεῦθεν
687 1011 748 1058 εἰς
777 1006 1015 1063 ὑπόμνησιν
1044 1005 1157 1062 ἄγων
1187 1002 1244 1050 ὧν
1261 1010 1450 1060 ἐξέπεσεν
1481 1009 1582 1063 ἀγα-

114 1077 218 1120 θῶν.
250 1073 357 1119 άλλιὶ
383 1076 455 1118 καί
472 1075 494 1117 ὅ
519 1077 711 1130 χρυσοῦς
731 1074 805 1130 την
824 1077 1012 1130 γλῶτταν
1025 1072 1221 1131 Ἰωάννης
1241 1074 1285 1117 τὸ
1309 1078 1387 1117 τοῦ
1414 1075 1581 1131 πρώτου

114 1144 330 1199 παριστῶν
368 1144 532 1192 α’παθὲς
560 1140 698 1196 ἔλεγεν
732 1140 958 1197 ,,ἐννοήσο’ν
980 1157 1053 1196 μοι
1074 1142 1379 1198 μακαριότητος
1397 1142 1616 1197 ὖπερβο-Β

58 1209 218 1266 ιὸλήν,
253 1213 338 1259 πῶς
376 1205 578 1265 ἀνώτεροι
612 1207 779 1251 πάντων
809 1211 890 1250 τῶν
921 1210 1172 1261 σωματικῶν
1195 1209 1232 1250 οἱ
1261 1206 1578 1263 πρωτόπλαστοι

118 1270 241 1332 ἦσαν,
268 1278 356 1326 πῶς
382 1275 572 1331 καθάπερ
604 1273 678 1317 τὸν
710 1272 890 1330 ου’ρανὸν
918 1272 1029 1316 οὕτω
1054 1274 1128 1329 την
1157 1277 1233 1330 γῆν
1264 1270 1410 1333 ᾤκουν,
1440 1278 1511 1317 καί
1534 1277 1579 1317 ἐν

117 1339 284 1394 σώματι
309 1339 584 1396 τυγχάνοντες
612 1340 663 1383 τὰ
693 1342 774 1383 τῶν
815 1339 1021 1394 σωμάτων
1050 1337 1130 1396 οὐχ
1157 1342 1428 1395 ὑπέμειναν.”
1485 1338 1581 1384 οὔτε

116 1407 197 1463 γὰρ
239 1410 387 1462 στέγης
427 1402 526 1449 οὔτε
565 1406 729 1465 ὄρόφαυ
772 1403 870 1449 οὕτε
905 1404 1084 1459 ἱματίων
1120 1403 1218 1448 οὔτε
1248 1403 1376 1449 ἄλλου
1408 1405 1579 1457 ο-ὖδενὸς

117 1477 202 1517 τῶν
230 1474 430 1517 τοιούτων
459 1475 636 1517 ἐδέοντο.
697 1472 805 1516 ἀλλὰ
832 1474 907 1515 καί
938 1473 960 1514 ὅ
989 1472 1188 1529 θεολόγος
1211 1476 1251 1515 Γ
1248 1473 1465 1531 ρηγόριος,
1490 1476 1579 1516 ἐπι-

54 1541 392 1594 αοκαλύμματος
422 1543 496 1582 καί
523 1542 818 1596 προβλήματος
844 1537 904 1594 μη
933 1541 1108 1582 δέεσθαι
1137 1544 1267 1596 λέγων
1295 1539 1368 1582 τὸν
1400 1541 1469 1582 ἄπ’
1499 1541 1577 1597 α’ρ-

117 1609 199 1662 χῆς
239 1603 486 1663 ἄνθρωπον,
533 1606 586 1650 τὰ
620 1606 729 1651 αὐτοὶ
758 1607 818 1665 τῷ
843 1606 1165 1663 χρυσορρήμονι
1192 1605 1360 1657 πάντως
1386 1609 1573 1664 ἐνέφηνε.

218 1740 267 1763 10.
295 1727 412 1767 οὕτως
437 1731 473 1763 P.

117 1843 204 1866 num
231 1838 416 1877 expertem
442 1832 578 1874 fuisse,
618 1842 795 1877 supraque
822 1837 966 1866 cunctas
992 1833 1224 1866 necessitates
1251 1831 1452 1877 corporales
1477 1833 1574 1877 posi-

117 1885 203 1912 tum.
230 1879 383 1925 primum
418 1879 560 1913 divinus
584 1879 655 1920 vir,
681 1879 859 1912 Iohannes
885 1880 948 1912 ille
979 1880 1242 1919 Damascenus,
1279 1878 1460 1912 homiuem
1488 1886 1574 1913 ante

116 1926 256 1972 lapsum
285 1926 375 1960 dicit
400 1926 445 1959 ab
469 1926 736 1960 adfectionibus
755 1927 928 1960 universis
958 1927 1182 1960 immunitate
1207 1937 1342 1959 summa
1367 1926 1575 1971 praeditum

117 1974 239 2007 fuisse.
263 1985 346 2007 nam
364 1974 476 2008 fames
501 1975 580 2008 sitis
606 1974 767 2017 fatigatio
795 1985 939 2007 somnus
957 1980 993 2006 et
1019 1974 1146 2014 sudor,
1172 1973 1474 2018 quemadmodum
1498 1980 1573 2008 tra-

120 2021 175 2054 dit
200 2020 298 2055 idem
324 2022 441 2067 capite
461 2022 590 2062 LXIV,
616 2027 698 2066 post
723 2021 1038 2065 transgressionem
1066 2022 1219 2067 primum
1243 2022 1353 2054 vitam
1379 2020 1572 2055 humanam

116 2069 334 2103 invaserunt.
361 2075 504 2115 praeter
535 2068 632 2102 hunc
657 2069 862 2101 Anastasius
896 2068 1052 2101 Sinaites
1092 2069 1131 2101 in
1166 2069 1328 2101 oratione
1353 2080 1416 2101 sua
1442 2068 1487 2102 de
1513 2080 1572 2102 re-

116 2117 342 2150 surrectione
375 2116 439 2150 has
465 2123 629 2162 expertes
654 2117 756 2156 vitii,
791 2126 956 2160 quaeque
980 2116 1176 2161 vituperari
1202 2127 1275 2149 non
1299 2122 1482 2149 merentur
1506 2116 1571 2150 ad-

116 2163 304 2207 fectjameffi
331 2176 402 2197 una
428 2176 505 2197 cum
531 2169 678 2209 peccato
708 2169 847 2196 exortas
870 2163 908 2196 iu
932 2162 1036 2196 nobis
1064 2175 1135 2197 una
1162 2175 1241 2196 cum
1269 2163 1446 2208 pelliceae
1472 2165 1570 2197 tuni-

117 2206 184 2251 me
204 2212 336 2245 amictu
362 2211 460 2245 dicit.
488 2212 622 2244 etenim
646 2211 710 2244 illa
735 2216 884 2242 naturae
910 2211 1058 2244 rationis
1082 2211 1262 2256 participi,
1286 2216 1456 2256 tanquam
1482 2211 1569 2244 bru-

116 2257 162 2291 tis
189 2258 415 2300 animalibus,
444 2259 658 2292 naturaliter
681 2269 754 2291 non
779 2257 1021 2299 adhaerebat,
1047 2258 1111 2291 sed
1137 2258 1306 2302 deinceps
1335 2259 1503 2300 accessit,
1530 2265 1570 2292 ut

117 2305 150 2336 ei
179 2315 319 2349 poenae
344 2306 425 2340 loco
454 2307 567 2347 foret,
598 2306 663 2351 qui
687 2317 766 2338 cum
803 2310 896 2338 esset
920 2305 958 2337 in
986 2305 1144 2347 honore,
1169 2306 1326 2338 animum
1348 2311 1469 2338 tamen
1493 2318 1568 2339 non

117 2351 295 2395 advertit3
332 2365 404 2399 quo
446 2365 511 2398 per
538 2354 653 2398 ipsam
680 2353 819 2386 scilicet
843 2352 1095 2386 admoneretur
1119 2352 1251 2399 quibus
1279 2352 1384 2386 bonis
1412 2353 1568 2386 excidis-

117 2405 182 2432 set.
230 2399 408 2434 Iohannes
435 2401 520 2434 item
536 2401 806 2445 Chrysostomus
833 2399 1025 2434 ostendens
1051 2400 1233 2433 hominem
1259 2401 1413 2445 primum
1440 2412 1562 2445 exper-

116 2450 189 2478 tem
215 2447 458 2481 adfectionum
487 2448 596 2482 fuisse
614 2475 623 2490 ‚
660 2448 778 2481 verbis
804 2446 902 2480 hisce
927 2447 1040 2480 utitur
1066 2447 1277 2489 „considera
1298 2447 1387 2480 mihi
1412 2447 1567 2480 beatita-

116 2492 164 2526 tis
188 2493 464 2537 abundantiam,
490 2507 562 2541 quo
586 2501 692 2541 pacto
720 2506 825 2540 supra
852 2506 907 2528 res
933 2505 1120 2540 corporeas
1150 2507 1271 2528 omnes
1295 2495 1404 2539 positi
1429 2495 1566 2529 fuerint

117 2538 280 2575 homines
303 2543 359 2575 illi
382 2543 545 2588 principe
573 2543 653 2576 loco
680 2543 822 2576 formati
848 2554 867 2574 a
897 2541 983 2583 de03
1010 2553 1080 2587 quo
1105 2548 1211 2588 pacto
1235 2549 1366 2576 terram
1395 2543 1443 2574 sic
1466 2543 1566 2575 inco·-

118 2586 252 2621 luerint
280 2600 320 2622 ac
344 2590 372 2623 si
390 2591 531 2623 coelum
558 2591 761 2623 incolerent
779 2615 788 2630 ,
814 2600 885 2634 quo
922 2595 1026 2633 pacto
1050 2590 1087 2622 in
1112 2590 1322 2635 corporibus
1346 2590 1565 2627 existentes,

117 2645 211 2678 quae
236 2638 377 2681 propria
406 2649 591 2682 corporum
618 2643 702 2671 sunt
723 2649 797 2670 non
834 2636 1058 2681 pertulerint.
1087 2649 1153 2671 nec
1179 2638 1273 2670 enim
1302 2637 1358 2670 vel
1386 2642 1482 2670 tecto
1506 2638 1566 2670 vel

118 2681 278 2726 laqueari
305 2684 360 2716 vel
392 2684 613 2718 indumentis
643 2684 702 2717 vel
726 2684 794 2716 alia
829 2684 996 2729 quapiam
1022 2685 1087 2718 tali
1115 2696 1152 2718 re
1176 2683 1421 2730 indigebant.''
1444 2685 1565 2717 consi-

116 2727 252 2762 militer
277 2729 468 2775 G¹egorius
496 2733 558 2765 ille
585 2732 773 2777 theologus
796 2731 978 2764 hominem
1003 2732 1156 2776 primum
1175 2743 1242 2765 nec
1266 2737 1470 2775 tegumento
1497 2743 1565 2765 nec

117 2776 247 2810 vestitu
287 2777 480 2823 indiguisse
517 2779 616 2813 dicit.
655 2778 816 2812 habebat
844 2779 939 2812 enim
977 2789 1124 2825 eorpus,
1156 2779 1253 2825 quod
1286 2790 1405 2825 neque
1440 2779 1563 2825 frigori
