1826 3120
267 116 372 172 282
471 120 474 124 ’
710 131 994 173 ΜιοιιΑιῑιιε
1034 133 1247 174 GLYCAE

263 233 380 275 πόλιν
424 233 699 288 προδιδοῦσα.
770 233 927 284 γίνεται
968 231 1122 284 ταῦτα,
1154 235 1334 273 τελεῖται
1356 232 1406 274 τά
1439 234 1513 274 τοῦ
1543 230 1694 287 γάμου.

262 298 361 348 τοῦς
376 300 594 347 Αἰθίοπας
626 298 815 352 α’ναιρεῖ,
846 297 919 338 καί
943 295 1043 346 τούς
1056 296 1320 351 Αἰγυπτίους
1347 298 1407 347 εἰς
1434 297 1511 354 τὴν
1540 294 1700 341 ἑαυτῶν

262 361 412 418 ἆπάγει
442 365 533 418 γῆν.
593 361 730 405 ἔκτοτε
771 357 847 405 οὖν
873 360 1032 418 φθόνος
1069 360 1177 405 κατά
1206 364 1425 413 Μωσέως·
1481 365 1700 407 ἐπτοοῦντο

261 429 342 484 γάρ
365 427 526 483 μήποτε
553 431 646 470 κατ’
671 428 916 484 Αἰγυπτίων
948 430 1183 485 νεωτερίσῃ.
1210 425 1421 482 μανθάνει
1443 432 1603 484 ταῦτα,
1629 430 1703 473 καὶ

260 494 404 539 λαθών
431 494 584 546 ἔξεισιν
611 497 792 549 ἐκεῖθεν,
820 497 894 537 καί
918 498 1000 538 ταῖν
1032 493 1139 538 ὃδῶν
1170 497 1500 552 φυλασσομένων
1526 495 1598 539 διὰ
1628 499 1738 552 τῆς-5

260 560 419 616 ἐρήμου
448 567 626 604 ποιεῖται
651 559 719 604 τὸν
744 558 948 617 δρασμόν.
976 560 1200 618 ἐφίσταται
1226 560 1286 620 τῷ
1315 562 1467 618 φρέατι
1495 559 1701 617 ἔνθα-τοῦ

253 626 460 682 Ῥαγουηλ
504 625 549 670 αἱ
593 629 822 683 θυγατέρες
866 626 916 670 τά
955 628 1184 682 θρέμματα
1223 628 1428 680 ἐπότιζον.
1483 628 1702 684 α’νήνεκται

258 695 317 750 τῷ
339 692 546 750 Ῥαγουὴλ
573 692 626 736 τά
653 696 751 750 περὶ
776 695 856 736 τοῦ
882 695 1078 744 Μωσέως
1097 725 1108 742 ,
1139 692 1201 744 τίς
1226 709 1272 736 τε
1298 689 1351 750 ἦν
1376 696 1450 738 καί
1476 690 1589 745 ὅπως
1611 699 1703 747 ταῖς

132 768 168 801 Ρ.
187 768 248 802 150
262 760 398 802 αὐτοῦ
427 760 688 816 θυγατράσιν
732 761 946 813 ἐπαμῦναι
978 759 1054 802 οῦκ
1082 756 1289 816 ὤκνησεν
1344 760 1414 817 ἐφ’
1442 754 1478 820 ᾧ
1498 759 1570 804 καί
1595 777 1702 819 γαμ-

261 824 365 882 βρὸν
404 825 477 868 τὸν
502 825 668 869 Μωσέα
707 831 831 869 ποιεῖ.
907 821 929 867 ὅ
957 827 1098 879 μέντοι
1129 828 1298 882 Μωσῆς
1338 825 1537 871 τοιούτων
1560 826 1766 883 τυχώνιο

260 894 346 935 τῶν
373 891 487 947 παρά
519 895 594 935 τοῦ
619 894 811 948 Ἰοθόρου
842 894 978 951 (τοῦτο
1004 891 1086 948 γάρ
1113 888 1164 948 ἧν
1188 893 1396 949 ἐπίκλημα
1421 895 1477 952 τῷ
1500 893 1702 951 Ῥαγουή-

261 961 340 1016 λῳ)
373 960 513 1014 διῆγεν
555 956 708 1000 αὐτόθι
734 960 967 1012 ποιμαίνων
993 960 1044 1001 τὰ
1074 957 1329 1014 βοσκήματα.
1383 961 1605 1015 τηνικαῦτα
1632 958 1707 1006 καὶ

260 1027 349 1067 κατ’
378 1023 484 1067 αὐτὸ
510 1025 555 1067 τὸ
581 1026 752 1067 Σίναιον
786 1024 971 1080 περιάγει
1001 1023 1130 1078 αὐτά,
1171 1022 1276 1067 ἔνθα
1302 1024 1377 1068 καὶ
1401 1023 1472 1068 τὸν
1499 1023 1601 1068 θεὸν
1625 1021 1753 1083 ὃρᾷς,

258 1092 306 1133 ἐκ
329 1093 401 1146 τῆς
426 1088 558 1144 βάτου
586 1092 790 1133 καλοῦντα
822 1091 961 1134 αὐτόν.
1019 1089 1041 1132 ὃ
1065 1090 1162 1141 θεὸς
1190 1091 1454 1134 α’ποστέλλων
1481 1091 1589 1148 πρὸς
1610 1094 1702 1135 Φα-

258 1156 349 1212 ραώ
382 1155 455 1199 τὸν
469 1155 647 1210 Mwoe'a,
676 1158 749 1199 καί
774 1154 1104 1212 ὑπισχνούμενος
1130 1163 1412 1212 συμπαρεῖναι
1441 1154 1572 1218 αὖτιῇ,
1599 1156 1702 1216 πρὸς
1718 1163 1767 1218 ¹5

257 1226 395 1266 πίστιν
421 1225 497 1264 τοῦ
527 1221 651 1277 λόγου
681 1224 740 1272 εἰς
760 1221 966 1279 δράκοντα
985 1220 1233 1277 μεταβάλλει
1261 1220 1337 1278 τήν
1365 1221 1526 1280 ῥάβδον
1554 1225 1702 1268 αὐτοῦ.

258 1289 283 1330 ὁ
309 1290 454 1342 μέντοι
478 1291 648 1343 ,Μωσῆς
675 1288 1071 1346 παρρησιασάμενος
1099 1287 1206 1343 πρὸς
1235 1290 1411 1346 Φαραώ,
1440 1287 1519 1346 τήν
1545 1289 1706 1348 ῥάβδον

220 1355 389 1400 Βαῦτοῦ
424 1354 528 1397 κατά
567 1357 642 1410 γῆς
668 1370 712 1397 τε
754 1354 893 1411 ῥίπτει
921 1357 996 1398 καί
1021 1357 1082 1407 εἰς
1111 1351 1208 1413 ὅφιν
1232 1357 1496 1410 μεταβάλλει.
1551 1351 1705 1401 ου’κοῦν

259 1423 483 1476 περιιοῦσα
511 1420 588 1470 τάς
612 1423 693 1464 τῶν
711 1423 950 1477 Αἰγυπτίων
976 1422 1173 1479 ῥάβδους,
1198 1423 1247 1466 αἲ
1269 1420 1489 1478 δράκοντες
1515 1421 1701 1478 ἐδόκουν,

259 1485 475 1542 κατήσθιε.
539 1486 613 1528 καί
638 1484 748 1529 οὕτω
786 1490 866 1542 μὲν
896 1486 919 1529 ὅ
943 1485 1176 1545 Ἰώσηπος,
1204 1487 1226 1530 ὅ
1256 1490 1304 1531 δὲ
1331 1487 1557 1539 Νυσσαεὺς
1585 1491 1698 1540 θεῖος
1711 1507 1764 1535 20

261 1550 492 1608 Γρηγόριός
520 1568 647 1609 φησιν
696 1549 760 1595 ὅτι
795 1552 865 1596 διὰ
909 1556 1030 1598 τοῦτο
1066 1556 1137 1598 ἐπὶ
1165 1556 1243 1609 μὲν
1268 1556 1342 1610 τῆς
1371 1553 1502 1609 βάτου
1528 1557 1601 1598 καί
1624 1558 1700 1600 τοῦ

638 1730 655 1743 l

262 1774 362 1807 tione
388 1772 479 1805 facta
506 1771 603 1805 urbis
629 1771 872 1818 proditionem
896 1784 971 1806 esse
987 1773 1197 1817 pollicitam.
1222 1773 1277 1807 his
1305 1773 1380 1807 eius
1403 1773 1594 1819 postulatis
1617 1774 1698 1808 Mo-

260 1832 335 1853 sem
358 1820 544 1860 annuisse;
582 1819 727 1864 nuptias
766 1819 873 1853 fuisse
902 1819 1118 1862 celebratas,
1153 1820 1346 1865 Aethiopes
1375 1820 1604 1862 interfectos,
1628 1821 1699 1856 Ae-

260 1868 400 1912 gyptios
426 1867 466 1899 in
490 1866 605 1899 solum
633 1867 788 1912 patrium
811 1867 987 1901 reductos.
1016 1867 1061 1900 ab
1094 1878 1137 1900 eo
1162 1873 1321 1912 tempore
1347 1867 1456 1900 fuisse
1479 1868 1616 1901 Mosem
1638 1879 1701 1902 ex-

258 1915 415 1959 positum
439 1913 618 1954 invidiae,
643 1913 917 1948 formidantibus
940 1915 1122 1959 Aegyptiis
1147 1926 1193 1948 ne
1216 1914 1413 1959 aliquando
1439 1915 1546 1948 etiam
1572 1914 1699 1950 adver-

260 1973 318 1994 sus
343 1973 379 1994 se
404 1972 513 1995 novas
541 1971 595 1993 res
622 1962 817 1995 moliretur.
842 1962 884 1994 iis
908 1961 1161 1995 animadversis
1180 1961 1393 1995 subtraxisse
1418 1972 1455 1994 se
1478 1961 1637 2003 Mosem,
1663 1968 1700 1996 et

261 2009 404 2051 cognito
433 2009 505 2042 vias
530 2008 730 2053 itineraque
756 2009 886 2054 passim
909 2009 1066 2042 obsideri
1092 2021 1112 2042 a
1137 2008 1353 2049 custodibus,
1377 2019 1442 2053 per
1464 2008 1698 2045 solitudinem

262 2056 427 2088 instituta
465 2055 548 2098 suga
579 2056 686 2088 saluti
719 2067 804 2089 suae
842 2057 1071 2089 consuluisse.
1104 2056 1188 2089 hinc
1222 2055 1268 2088 ad
1297 2061 1445 2100 puteum
1478 2057 1699 2100 pervenisse,

262 2102 327 2134 ubi
354 2102 448 2134 filiae
485 2102 631 2144 Ragueli
668 2109 855 2147 paternum
895 2115 1001 2148 pecus
1026 2102 1266 2149 adaquabant.
1300 2113 1385 2135 mox
1408 2103 1519 2136 relata
1540 2104 1697 2148 Raguelo

264 2148 373 2181 fuisse
398 2159 488 2193 quae
519 2148 633 2182 Moses
658 2150 823 2191 fecisset,
848 2152 927 2196 quis
952 2156 1064 2192 esset,
1089 2161 1159 2196 quo
1185 2155 1289 2195 pacto
1316 2148 1458 2182 filiabus
1485 2150 1596 2195 ipsius
1619 2150 1698 2184 sine

262 2196 489 2228 cunctatione
514 2195 754 2231 succurrisset.
776 2197 832 2230 his
857 2198 959 2230 illum
985 2197 1088 2230 rebus
1112 2203 1309 2243 permotum
1333 2197 1469 2230 Mosem
1496 2193 1566 2231 sibi
1588 2208 1698 2242 gene-

262 2254 340 2275 rum
364 2241 563 2275 adscivisse.
581 2244 712 2277 talibus
738 2244 919 2278 adfectum
931 2245 1065 2278 Mosem
1085 2243 1336 2278 beneficiis‘ab
1351 2244 1498 2278 Iothoro
1521 2242 1574 2289 (id
1599 2245 1696 2280 enim

263 2289 419 2332 Raguelo
461 2296 730 2332 cognomentum
768 2292 891 2339 fuisse)
926 2303 1003 2325 cum
1029 2303 1070 2325 eo
1101 2292 1278 2325 victitasse
1303 2303 1350 2342 ac,
1365 2291 1477 2324 soceri
1498 2301 1606 2336 pecus
1629 2302 1697 2338 pa-

262 2337 365 2369 visse.
396 2347 544 2381 cumque
577 2337 668 2370 iilud
693 2338 792 2372 iuxta
816 2340 983 2373 Sinaeum
1005 2344 1162 2372 montem
1185 2338 1486 2380 circumduceret,
1517 2337 1623 2371 deum
1650 2338 1698 2372 ab

263 2393 308 2415 eo
332 2389 560 2428 conspectum
586 2383 713 2426 fuisse,
751 2387 814 2431 qui
836 2398 917 2420 eum
943 2397 987 2419 cx
1013 2386 1132 2420 medio
1163 2386 1252 2419 rubo
1279 2390 1478 2419 arcesseret.
1501 2385 1698 2420 secundum

263 2429 351 2463 haec
372 2430 508 2463 Mosem
546 2430 746 2475 ablegatum
781 2433 827 2466 ad
853 2434 1068 2467 Pharaonem
1095 2445 1115 2466 a
1141 2432 1229 2474 deo,
1253 2433 1317 2478 qui
1342 2432 1376 2466 ei
1401 2432 1635 2477 polliceretur
1657 2444 1698 2467 se

261 2488 401 2522 semper
423 2477 491 2522 ipsi
516 2476 747 2521 adsuturum3
776 2486 888 2526 utque
911 2481 1084 2526 promisso
1108 2479 1195 2513 fides
1221 2480 1343 2520 fieret,
1368 2478 1534 2512 baculum
1562 2480 1638 2513 eius
1657 2480 1697 2514 in

263 2524 452 2557 draconem
477 2530 730 2558 commutatum
757 2526 875 2561 suisse-
902 2534 977 2561 tum
995 2527 1130 2561 Mosem
1150 2526 1332 2572 intrepide
1357 2532 1470 2559 semet
1493 2526 1589 2572 apud
1604 2525 1698 2561 Pha-.-

262 2582 405 2604 raonem
436 2577 615 2615 gerentem
637 2573 768 2616 virgam
794 2586 892 2608 suam
919 2574 1018 2608 humi
1045 2575 1236 2620 proiecisse
1265 2585 1305 2607 ac
1329 2573 1367 2606 in
1388 2579 1588 2618 serpentem
1609 2585 1699 2608 con-

262 2619 419 2651 vertisse.
437 2619 534 2651 illam
559 2630 641 2653 vero
660 2620 771 2664 virgas
787 2621 1049 2667 Aegyptiorum,
1073 2632 1164 2666 quae
1190 2632 1263 2654 esse
1281 2621 1451 2655 dracones
1475 2620 1694 2662 viderentur,

262 2664 454 2699 obeuntem
472 2665 666 2699 devorasse.
692 2667 895 2702 huiusmodi
923 2681 1005 2703 sane
1020 2669 1161 2714 Iosephi
1184 2668 1228 2702 de
1245 2667 1300 2700 his
1319 2668 1424 2701 rebus
1448 2668 1555 2712 gestis
1577 2672 1694 2702 exstat

263 2713 429 2746 narratio»
462 2719 639 2748 caeterum
671 2714 811 2749 divinus
836 2717 898 2751 ille
926 2718 980 2751 vir
1005 2716 1195 2762 Gregorius
1222 2715 1405 2759 Nyssensis
1430 2716 1481 2750 ait
1502 2721 1692 2762 propterca
