1826 3120
602 193 884 234 ANNALmM
924 165 1060 234 PA'ns
1085 193 1155 232 iv.
1466 170 1542 238 48
1558 191 1576 226 1

133 290 239 335 α’λλὰ
266 289 338 334 καὶ
365 293 411 334 ἐν
439 294 571 349 καιρῷ
601 290 768 348 εἰρήνης
797 292 981 347 διωγμόν
1009 289 1116 334 κατὰ
1135 293 1208 346 τῆς
1228 292 1301 333 τοῦ
1319 291 1585 346 θεοῦέκκλη-

134 358 230 407 σίας
256 356 329 399 καί
350 360 433 400 τῶν
460 356 609 412 ἱερέων
643 358 783 400 αὐτοῦ
823 357 1093 414 συνεστήσω,
1140 355 1321 410 ἐξεώσας
1351 356 1425 400 τὸν
1451 360 1587 411 μέγαν

133 427 206 479 τῆς
236 426 479 479 οἰκουμένης
522 424 779 467 διδάσκαλον
820 428 898 468 τοῦ
924 423 1069 466 θώκου
1099 426 1172 479 τῆς
1199 420 1428 479 ’ἐπισκοπῆς
1457 423 1590 465 αὕτοῦ

135 489 340 544 ἀκρίτως,
389 492 624 542 συνδιώξας
663 492 779 549 αὐτῷ
821 490 891 534 τὸν
929 492 1134 545 λ’ριστόν.
1203 489 1296 532 ἀλλ’
1325 489 1347 531 ὁ
1383 489 1593 544 μακάριος

97 555 335 611 5Ἰωάννης
362 554 435 598 τὸν
463 559 556 610 βίον
583 561 800 610 κατέλιπε,
831 556 908 613 τῆν
934 558 1073 600 πίστιν
1099 554 1283 613 τηρήσας
1302 556 1375 599 καί
1393 557 1595 613 στηρίξας

132 621 232 673 τούς
261 624 584 676 σαλευομένους.
644 624 735 665 ἀλλ’
766 626 825 674 εἰς
856 621 1060 679 α’λήκτους
1086 625 1245 674 αἰῶνας
1276 621 1352 678 τήν
1379 623 1595 665 ἀδάπανον

79 682 81 685 ’
131 688 300 746 τρυφὴν
329 692 403 731 καί
430 690 646 732 ἀθάνατον
681 688 792 745 ζωην
831 690 1173 746 ἐκληρονόμησεν.
1230 686 1257 745 ἦ
1287 690 1335 731 δὲ
1359 692 1435 732 νέα
1460 688 1636 735 Auia-vc

133 754 212 806 λά,
244 755 270 812 ἢ
300 755 404 798 κατὰ
435 754 588 811 μικρὸν
618 758 676 814 τῷ
704 758 816 812 ’ξυρῷ
845 759 917 811 τῆς
941 756 1098 812 πλάνης
1120 755 1392 810 δεσμεύσασα
1422 755 1598 812 φορτίον

134 821 449 878 ἁμαρτημάτων
474 821 587 877 βαρὺ
622 821 695 864 καί
723 823 1055 878 δυσβάστακτον.
1110 821 1175 865 διὸ
1197 821 1277 876 ἐγώ
1308 820 1330 862 ὅ
1359 822 1598 876 ἐλάχιστος,

70 888 158 933 1οό
199 889 441 938 πιστευθεὶς
483 887 558 930 τὸν
605 888 762 944 θρόνον
800 891 878 931 τοῦ
913 888 1100 943 μεγάλου
1135 886 1370 930 ἀποστόλου
1399 891 1597 943 Πέτρου,

133 954 329 1010 οἶφορίζω
356 957 405 997 σέ
420 971 466 997 τε
493 955 688 1010 κάκείνην
704 957 776 1010 τῆς
793 956 1070 1010 μεταλήψεως
1087 955 1169 997 τῶν
1191 955 1221 995 α’
1220 952 1414 1008 χράντων
1434 970 1600 1007 μυστη-

132 1022 443 1075 ρίωνΧριστοῦ
470 1023 549 1064 τοῦ
574 1024 681 1062 θεοῦ
713 1021 844 1076 ἡμῶν.
885 1020 992 1063 ἀλλὰ
1023 1019 1098 1062 καί
1122 1018 1256 1063 πάντα
1284 1019 1478 1076 κληρικόν
1505 1025 1600 1062 τολ-

130 1086 327 1140 μήσαντα
340 1089 597 1142 μεταδοῦναι
629 1087 746 1142 ὖμῖν,
773 1089 846 1144 α’φ·
877 1083 928 1143 ἧς
959 1088 1171 1142 α’ναγνῶτέ
1191 1103 1275 1140 μου
1291 1087 1365 1128 τὸν
1383 1089 1601 1143 πεμφθέν-

131 1168 185 1200 τα
214 1151 463 1207 σύνδεσμον,
495 1153 577 1195 ὑπὸ
607 1154 858 1210 καθαίρεσιν
888 1150 1013 1196 εἶναι.
1041 1152 1266 1208 Ἀρσάκιον
1298 1156 1370 1206 δέ,
1398 1152 1446 1195 ὃν
1482 1152 1599 1194 εἰσά-

71 1225 224 1274 :firm
255 1221 314 1269 εἰς
355 1219 427 1262 τὸν
457 1220 612 1274 θρόνον
651 1223 726 1275 τῆς
759 1222 984 1275 ἐπισκοπῆς
1012 1219 1107 1262 ἀντὶ
1148 1221 1225 1261 τοῦ
1251 1220 1432 1274 μεγάλου
1458 1215 1599 1262 Ἰωάν-

130 1301 219 1338 νου,
251 1285 325 1328 καί
345 1286 451 1338 μετὰ
481 1287 668 1328 θάνατον
695 1289 990 1340 καθαιροῦμεν
1006 1284 1086 1328 miv
1115 1287 1219 1328 πᾶσι
1235 1292 1319 1336 τοῖς
1341 1283 1643 1343 κοινωνήσα-Ι)

130 1367 199 1393 σιν
236 1352 362 1408 αὐτῷ.
421 1354 511 1394 ἄλλ’
539 1354 640 1395 οῦδὲ
668 1352 713 1394 τὸ
762 1347 896 1405 ὄνομα
939 1352 1072 1395 αὐτοῦ
1116 1351 1384 1408 γραφήσεται
1421 1353 1467 1394 ἐν
1511 1357 1597 1401 τοῖς

129 1415 261 1473 ἱεροῖς
287 1417 531 1472 διπτύχοις·
590 1416 760 1469 ἀνάξιος
785 1417 866 1474 γάρ
911 1420 1026 1461 ἐστιν
1055 1414 1112 1468 ὥς
1140 1416 1372 1472 μοιχεύσας
1400 1416 1478 1473 τὴν
1507 1419 1597 1460 ἐπι-

129 1482 306 1541 σκοπήν.
337 1486 651 1540 προστιθὲαμεν
678 1486 724 1528 δὲ
751 1487 801 1543 τῇ
833 1486 1085 1539 καθαιρέσει
1113 1485 1326 1541 Θεοφίλου
1354 1483 1597 1542 ἆφορισμὸν

222 1595 255 1641 4.
281 1595 318 1645 ὅ]
347 1595 369 1631 o‘
392 1596 494 1645 μὲνῗ
614 1599 647 1631 6.
676 1596 769 1646 ἄλλ’]
800 1595 923 1632 ὥστε.)

131 1715 168 1743 te
195 1709 302 1743 deum
326 1711 504 1756 appellat,
533 1712 713 1757 quomodo
729 1711 834 1746 Abeli
859 1712 946 1746 iusti
970 1712 1117 1757 sanguis
1137 1711 1223 1745 olim
1254 1711 1421 1745 adversus
1443 1710 1593 1746 Cainum

133 1757 356 1791 fratricidam
384 1759 660 1793 vociferabatur.
688 1759 792 1793 dabis
814 1766 945 1804 *autem
977 1760 1124 1793 omnino
1151 1771 1308 1804 poenas,
1336 1760 1400 1804 qui
1426 1770 1498 1792 non
1522 1759 1594 1794 hoc

131 1810 272 1839 tantum
297 1805 445 1846 feceris,
469 1808 704 1840 verumetiam
723 1807 802 1852 ipso
822 1809 922 1852 pacis
947 1807 1298 1851 tranquillitatisque
1322 1812 1483 1851 tempore
1509 1818 1594 1851 per..

134 1853 378 1886 secutionem
401 1853 571 1887 adversus
604 1854 791 1887 ecclesiam
826 1853 885 1887 dei
928 1859 965 1886 et
989 1853 1191 1887 sacerdotes
1216 1854 1331 1898 ipsius
1358 1854 1506 1886 molitus
1533 1855 1592 1887 sis.

133 1909 303 1944 magnum
338 1900 441 1933 illum
475 1900 570 1934 orbis
595 1907 768 1934 terrarum
802 1901 985 1934 doctorem
1023 1901 1252 1945 episcopatus
1287 1900 1342 1933 sui
1368 1901 1460 1933 solio
1486 1912 1593 1935 causa

132 1946 271 1980 indicta
299 1948 486 1993 expulisti,
512 1960 657 1994 unaque
683 1960 763 1982 cum
783 1959 826 1981 eo
851 1947 1031 1981 Christum
1057 1947 1220 1992 abegisti.
1241 1958 1282 1980 ac
1298 1947 1426 1980 beatu:
1443 1948 1593 1994 quidem

131 1995 196 2028 ille
233 1994 413 2028 Iohannes
449 1996 560 2029 vitam
584 1995 678 2029 hanc
710 1995 826 2037 finiit,
855 1995 927 2028 fide
967 2001 1107 2028 retenta
1147 2000 1186 2027 et
1215 1994 1454 2028 dubitationis
1487 1996 1593 2040 quasi

130 2042 291 2087 procella
318 2042 474 2088 quadam
502 2043 757 2077 vacillantibus
783 2041 979 2083 stabilitis,
1012 2042 1077 2075 sed
1102 2041 1199 2075 idem
1225 2042 1379 2075 saeculis
1405 2054 1592 2088 nunquam

130 2089 303 2123 finiendis
346 2089 558 2123 deliciarum
600 2097 636 2124 et
662 2090 864 2135 voluptatis
905 2089 1142 2122 inethstae
1162 2090 1357 2138 vitaeque
1390 2095 1590 2134 perpetuae

131 2134 392 2171 haereditatem
419 2137 522 2171 adiit.
545 2149 564 2171 e
590 2137 732 2171 diverso
760 2147 852 2170 nova
875 2137 943 2170 ista
979 2132 1235 2182 Da111a‚quae
1264 2142 1299 2170 te
1323 2137 1499 2182 paulatim
1522 2149 1592 2171 no-

130 2184 256 2217 vacula
281 2185 502 2229 imposturae
532 2186 642 2226 rasit,
686 2184 882 2218 multorum
921 2195 965 2217 ex
986 2195 1047 2217 ore
1082 2187 1278 2229 prolectam
1304 2185 1590 2219 exsecrationem

131 2230 203 2263 sibi
238 2232 446 2273 arcessivit,
483 2233 614 2266 fascem
641 2237 871 2277 peccatorum
906 2242 1046 2275 gravem
1082 2236 1301 2277 portatuque
1335 2231 1588 2265 difficillimum

131 2278 335 2322 colligavit,
361 2290 516 2324 eumque
542 2281 703 2325 pristinis
729 2279 802 2312 suis
829 2278 1010 2312 atrocibus
1030 2289 1070 2311 ac
1083 2279 1249 2323 plurimis
1274 2278 1415 2312 delictis
1443 2279 1588 2313 adiecit.
1607 2308 1613 2315 ,,

132 2325 261 2358 iccirco
288 2327 455 2371 equidem
483 2328 651 2360 minimus
673 2327 853 2367 omnium,
879 2331 919 2359 ut
945 2326 1002 2358 cui
1027 2325 1201 2359 creditum
1220 2327 1521 2371 commissumque
1542 2328 1590 2360 sit

131 2372 260 2405 solium
294 2374 394 2406 illius
430 2375 546 2418 magni
573 2375 729 2419 apostoli
755 2374 867 2414 Petri,
898 2378 1006 2417 teque
1040 2373 1210 2418 illamque
1250 2386 1270 2406 a
1306 2374 1588 2419 participatione

131 2430 308 2453 sacrorum
335 2420 467 2454 Christi
509 2421 566 2454 dei
592 2422 706 2455 nostri
746 2420 997 2463 mysteriorum
1022 2419 1170 2454 secludo
1195 2426 1232 2454 et
1259 2432 1375 2454 arceo.
1399 2427 1588 2465 praetcrea

131 2467 278 2500 clericos
305 2478 441 2508 omncs,
465 2469 526 2513 qui
551 2479 591 2501 ea
612 2469 799 2512 vobiscum
825 2468 903 2500 ausi
919 2467 1058 2503 ,fuerint
1082 2467 1128 2500 ab
1154 2479 1196 2500 eo
1210 2474 1373 2513 tempore
1388 2468 1588 2501 communi-

132 2524 213 2546 care
247 2525 319 2560 quo
368 2495 637 2559 coliigaiionem
674 2521 711 2548 et
734 2515 918 2549 vinculum
954 2513 1022 2547 hoc
1046 2526 1163 2548 meum
1196 2516 1430 2553 resciveritis
1459 2515 1587 2548 ordine

133 2571 268 2594 moveo.
294 2564 529 2595 consimiliter
543 2563 737 2604 Arsacium,
764 2573 870 2607 quem
895 2562 932 2594 in
959 2562 1089 2594 solium
1115 2563 1341 2608 episcopatus
1363 2563 1442 2594 loco
1465 2563 1587 2605 magni

131 2607 301 2641 Iohannis
325 2609 424 2642 illius
444 2610 691 2650 substituistis,
721 2611 826 2643 etiam
858 2615 941 2653 post
961 2615 1112 2643 mortem
1133 2622 1212 2642 cum
1237 2610 1402 2643 omnibus
1427 2610 1490 2654 qui
1506 2621 1588 2642 cum

80 2673 83 2674 ν
132 2655 213 2699 ipso
243 2659 490 2690 commercium
519 2657 727 2690 habuerunt
752 2657 882 2689 ordine
899 2667 1104 2698 movemus,
1131 2668 1221 2690 neve
1238 2657 1481 2702 perscribatur
1507 2657 1584 2690 eius

133 2712 266 2735 nomen
292 2705 397 2737 sacris
423 2705 461 2737 in
492 2705 625 2738 tabulis
649 2709 821 2737 vetamus.
858 2703 928 2736 hoc
964 2704 1059 2737 enim
1082 2704 1250 2748 indignus
1277 2710 1332 2736 est
1358 2703 1518 2746 honore,
1543 2709 1586 2736 ut

135 2749 199 2794 qui
223 2749 467 2794 episcopatum
505 2750 684 2785 adulterio
711 2752 813 2795 quasi
841 2751 1030 2784 commisso
1059 2751 1244 2796 polluerit.
1269 2757 1378 2796 atque
1407 2751 1492 2784 huic
1515 2762 1584 2783 no-

139 2802 234 2829 strae
257 2795 302 2829 ‹le
327 2797 382 2830 his
422 2798 549 2833 ordine
584 2798 772 2833 movendis
816 2798 1016 2833 sententiae
1052 2798 1250 2844 ‘llieophili
1282 2799 1580 2844 segregationem,

236 2868 380 2912 Glycns.
1300 2868 1336 2902 31
