1826 3120
591 136 877 178 ANNALmM
930 139 1078 182 PARS,
1104 141 1137 179 ι.
1569 115 1599 171 5

152 232 200 279 οὖ
230 238 398 280 πλέοσιν
426 232 452 293 ἦ
490 235 708 292 ἐλάττοσι,
749 238 916 279 τουτονὶ
943 240 1217 295 παραχθῆναι
1247 237 1319 280 τὸν
1347 235 1503 291 κόσμον
1528 232 1642 292 ηὖ-Β

153 302 346 358 δόκησεν,
377 305 445 346 ἵνα
474 305 546 346 καί
573 303 694 359 ἡμεῖς
734 303 1007 358 διδαχθῶμεν
1035 307 1232 348 ἐντεῦθεν
1268 306 1312 357 ἓξ
1343 303 1504 360 ἡμέρας
1531 306 1605 359 τῆς

152 366 385 422 ἑβδομάδος
413 369 695 425 ἐργάζεσθαι,
723 371 773 428 τῇ
804 372 850 412 δὲ
880 367 1034 428 ἑβδόμῃ
1076 374 1310 427 κεχρῆσθαι
1340 370 1441 427 πρὸς
1472 370 1607 426 μόνην

154 436 394 490 δοξολογίαν
433 438 556 478 θεοῦ.
628 434 697 477 διὰ
741 434 821 491 γὰρ
861 438 986 478 τοῦτο
1022 440 1094 480 καί
1129 437 1150 480 ὃ
1191 435 1445 493 δημιουργὸς
1481 439 1526 479 ἐν
1556 438 1607 495 τῇ

118 497 312 560 5ἓβδόμῃ
345 504 606 544 κατέπαυσεν
632 501 715 543 οἷπὸ
741 500 906 545 πάντων
930 505 1013 546 τῶν
1035 501 1166 560 ἔργων
1194 498 1253 546 ὧν
1276 499 1433 560 ἤρξατο
1460 510 1604 547 ποιεῖν.

154 567 196 608 εἰ
222 569 269 609 δὲ
298 566 321 608 ὅ
354 565 496 621 κύριος
539 565 583 609 ἐν
615 569 873 623 εὐαγγελίοις
903 566 1079 625 εὕρηται
1120 572 1249 624 λέγων
1277 568 1328 624 „zi
1354 568 1493 627 πατήρ
1521 587 1606 624 μου

154 635 234 683 ἕως
262 628 358 688 ἄρτι
391 633 638 689 ἐργάζεται,
676 633 788 690 κάγώ
826 633 1054 690 ἐργάζομαι
1071 638 1107 690 ,”
1147 634 1205 691 μή
1244 638 1455 691 θαύμαζε,
1513 638 1606 680 τότε

152 701 232 752 μὲν
262 698 342 754 γὰρ
373 697 394 740 ὅ
422 698 540 754 θεός,
569 701 627 750 ὥς
652 698 673 742 ὅ
700 704 890 757 χρυσοῦς
917 700 994 757 τήν
1021 703 1203 757 γλῶττάν
1232 720 1336 760 φησι
1355 735 1366 757 ,
1400 706 1607 747 κατέπαυ·

153 781 226 808 σεν
253 762 334 807 ἀπὸ
364 763 531 808 πάντων
549 769 635 810 τῶν
660 765 813 823 ἔργων,
843 767 1058 811 τουτέστιν
1087 767 1185 825 ἔστη
1214 772 1292 812 τοῦ
1321 771 1604 826 δημιουργεῖν·

97 831 257 885 ,ομετὰ
285 831 365 888 γὰρ
394 831 468 888 την
495 834 617 889 ἕκτην
651 833 777 876 οὐδὲν
795 832 877 876 ἀπὸ
907 837 985 877 τοῦ
1008 834 1067 890 μη
1098 829 1213 885 ὄντος
1238 832 1361 886 εἷς’τὸ
1392 833 1499 879 εἶναι
1526 854 1608 878 πα-

153 896 346 952 ρήγαγεν.
415 898 558 954 ἐπειδη
595 901 642 943 δὲ
674 898 727 942 τὰ
757 902 1118 958 δημιουργηθέντα
1151 904 1341 957 συνέχων
1373 901 1508 945 ἔκτοτε
1536 906 1610 946 καί

153 967 368 1021 συντηρῶν
414 965 483 1007 οὗ.
505 968 711 1009 διέλειπεν
749 968 809 1023 (εἰ
837 966 919 1022 γὰρ
947 966 1006 1022 μη
1046 965 1157 1011 οὕτω
1186 970 1318 1011 ποιῶν
1345 965 1418 1025 ἦν,
1449 969 1527 1011 οὐκ
1558 965 1647 1021 dive

152 1031 225 1072 ἐπὶ
249 1030 459 1082 τοσούτοις
489 1033 613 1074 αι’ὦσι
641 1031 694 1075 τοὶ
731 1036 906 1076 τοιαῦτα
937 1032 1175 1093 διήρκεσε),
1204 1034 1276 1078 καί
1302 1034 1397 1078 λίαν
1425 1037 1608 1092 εὐλόγως

151 1099 225 1139 καί
254 1097 431 1151 τήμερον
458 1096 715 1152 ἐργάζεσθαι
746 1101 924 1154 λέγεται.

92 1174 140 1214 15
262 1165 357 1205 Καὶ
375 1164 426 1221 τῇ
453 1165 532 1217 μὲν
572 1166 716 1223 πρώτῃ
765 1163 903 1224 ἡμέρᾳ
928 1165 1096 1223 ἑποιήσε
1126 1166 1198 1209 τὸν
1227 1166 1407 1223 ου’ρανὸν
1435 1170 1509 1210 καί
1534 1167 1609 1224 τήν

148 1231 245 1284 γῆν,
276 1227 453 1285 οὐρανὸν
482 1231 637 1272 ἐκεῖνον
665 1230 738 1273 τὸν
765 1235 951 1285 πρῶτον,
983 1231 1058 1274 τὸν
1077 1236 1309 1289 περικαλλῆ
1335 1250 1380 1275 τε
1411 1233 1484 1276 καί
1506 1231 1610 1276 ἄνα-

150 1311 295 1350 στρον,
329 1298 426 1352 περί
454 1291 504 1337 οὗ
535 1297 608 1339 καί
638 1296 659 1339 ὅ
693 1298 990 1354 εὖαγγελιστης
1018 1298 1207 1357 Ἰωάννης
1237 1302 1282 1344 ἐν
1309 1305 1362 1360 τῇ
1373 1298 1608 1346 'Auamm-

148 1373 225 1416 ψει
256 1362 392 1404 αὑτοῦ
433 1362 533 1418 περί
554 1365 626 1419 τῆς
667 1364 770 1417 μετὰ
802 1368 932 1407 ταῦτα
971 1367 1259 1417 καταστάσεως
1286 1367 1462 1420 διεξιών,
1497 1364 1607 1410 οὕτω

149 1433 281 1486 φησίν
309 1426 449 1484 »εἶδον
476 1429 659 1487 ου’ρανὸν
683 1431 828 1475 καινὸν
860 1434 934 1475 καί
956 1434 1034 1488 γῆν
1062 1434 1221 1490 καινήν,
1249 1435 1322 1477 καὶ
1348 1433 1373 1490 ἦ
1411 1433 1608 1477 θάλασσα

85 1518 137 1544 20
151 1497 227 1538 ov’x
256 1493 367 1539 ἔστιν
395 1494 493 1538 ἔτι.”

255 1558 331 1605 Ἐν
374 1559 518 1621 ἀρχῇ
558 1565 818 1620 ἐποίησεν
859 1565 882 1607 o‘
925 1566 1057 1616 θεὸς
1100 1565 1191 1609 τὸν
1229 1566 1475 1622 οὔρανὸν
1513 1566 1611 1609 καί

149 1629 247 1684 τήν
272 1631 383 1684 γῆν.
439 1628 644 1684 πρόσεχε,
686 1633 893 1687 α’γαπητέ,
936 1630 1003 1674 ὅτι
1033 1634 1107 1675 καί
1132 1635 1257 1675 τοῦτο
1285 1635 1470 1676 ἐνταῦθα
1500 1633 1607 1688 ἠπό-

149 1713 302 1752 ρηται,
344 1696 432 1745 πῶς
475 1697 643 1752 ἐποίησε
691 1697 762 1740 τὸν
790 1698 975 1754 ου’ρανὸν
1014 1697 1243 1756 πρότερον,
1293 1697 1384 1743 εἶτα
1413 1698 1489 1755 την
1516 1703 1653 1756 γῆν.])

247 1809 273 1831 ι.
298 1796 524 1843 πραχθῆναι
549 1797 574 1830 Ρ
598 1797 636 1844 (ἰ.
664 1805 694 1830 e.
723 1797 835 1831 editio
861 1798 1099 1846 parisiensis).
1201 1810 1250 1832 12.
1275 1797 1351 1846 γὰρ
1378 1799 1512 1834 deerat.

152 1878 233 1912 dem
260 1877 327 1911 deo
357 1888 419 1910 sex
442 1882 581 1910 tantum
611 1876 760 1919 diebus,
784 1889 859 1911 non
885 1878 1049 1924 pluribus
1073 1890 1141 1912 nec
1163 1879 1395 1924 paucioribus
1422 1880 1607 1924 opificium

150 1924 277 1959 mundi
302 1924 408 1958 huius
439 1925 637 1965 absolvere,
666 1931 706 1957 ut
734 1925 903 1958 sciremus
929 1926 1035 1959 nobis
1065 1937 1214 1972 quoque
1239 1938 1302 1959 sex
1327 1926 1524 1960 cuiuslibet
1549 1938 1607 1960 se-

151 1973 332 2019 ptimanae
372 1971 499 2004 diebus
533 1971 796 2013 laborandum,
834 1973 1098 2020 septimumque
1134 1973 1228 2006 diem
1261 1974 1330 2007 soli
1367 1974 1606 2007 celebrationi

151 2020 296 2053 (livinae
331 2018 624 2064 impendendum.
661 2031 743 2052 nam
779 2030 820 2052 ea
845 2019 889 2052 de
923 2032 1030 2053 causa
1069 2021 1192 2067 opifex
1229 2032 1376 2066 quoque
1410 2027 1534 2054 noster
1560 2022 1604 2054 ab

151 2067 317 2100 omnibus
357 2066 525 2111 operibus
560 2066 634 2099 suis
670 2067 823 2112 septimo
855 2067 914 2099 die
941 2067 1091 2113 quievit.
1115 2079 1183 2101 nec
1212 2074 1267 2102 est
1294 2067 1393 2114 quod
1421 2067 1606 2102 dominum

150 2116 189 2148 in
213 2115 398 2158 evangelio
430 2113 569 2159 (Iohan.
595 2114 614 2146 5
647 2114 702 2160 ¹7)
738 2114 857 2147 dicere
890 2115 1028 2148 mireris
1060 2121 1196 2162 „pater
1216 2127 1317 2148 meus
1344 2122 1515 2160 operatur
1539 2115 1606 2148 ha-

150 2168 296 2202 ctenus,
323 2167 360 2195 et
384 2161 460 2206 ipse
498 2162 660 2206 operor.”
699 2173 781 2194 nam
821 2167 896 2194 tum
922 2162 1068 2207 quidem
1107 2163 1305 2208 temporis„
1326 2167 1367 2196 ut
1391 2162 1606 2207 Chrysosto-

149 2221 228 2243 mus
256 2210 329 2250 ait,
358 2208 403 2241 ab
428 2209 598 2253 operibus
618 2209 794 2242 universis
821 2209 982 2254 quievit,
1016 2209 1086 2242 hoc
1114 2216 1168 2244 est
1194 2220 1313 2243 creare
1339 2209 1471 2244 desiit:
1496 2211 1604 2255 quip-

149 2268 196 2303 pe
221 2262 304 2302 post
331 2261 470 2289 sextum
506 2255 601 2289 diem
639 2255 737 2289 haud
768 2267 948 2302 quaquam
976 2257 1015 2290 in
1051 2262 1168 2290 ortum
1193 2256 1238 2290 ‹le
1262 2256 1381 2290 nihilo
1408 2258 1603 2303 quicquam

149 2303 330 2350 produxit.
361 2303 445 2348 quia
468 2314 552 2337 vero
575 2303 771 2337 secundum
796 2303 834 2336 id
858 2309 976 2337 creata
998 2315 1208 2338 conservare
1233 2316 1307 2338 non
1331 2305 1494 2346 cessavit,
1519 2304 1604 2337 abs-

150 2362 223 2397 que
249 2362 320 2397 quo
345 2350 457 2392 foret,
482 2351 520 2384 in
546 2350 761 2384 hodiernum
786 2351 849 2383 illa
875 2350 971 2384 d‘iem
993 2363 1067 2386 non
1093 2351 1307 2394 durassent,
1333 2353 1462 2386 iccirco
1490 2352 1602 2385 etiam

149 2399 258 2434 modo
283 2410 356 2431 non
382 2397 445 2431 abs
471 2410 508 2431 re
534 2399 675 2444 operari
702 2398 842 2431 dicitur.

244 2446 433 2479 Enimvero
460 2445 576 2492 primo
603 2445 662 2479 die
690 2446 830 2480 eoelum
857 2456 897 2478 ac
920 2449 1048 2479 terram
1075 2445 1256 2488 condidit,
1281 2446 1421 2479 coelum
1450 2446 1599 2491 inquam

152 2493 245 2526 illud
268 2493 456 2538 princeps,
494 2493 745 2539 perpulcrum‚
778 2492 957 2526 sideribus
982 2505 1126 2535 carens,
1163 2493 1209 2528 de
1235 2494 1335 2526 cuius
1360 2494 1514 2538 imagine
1543 2494 1602 2526 lo·-

152 2540 290 2573 hannes
313 2540 538 2584 evangelicae
570 2546 695 2574 auctor
718 2540 910 2581 historiae,
940 2539 984 2573 de
1013 2547 1179 2575 secutura
1206 2540 1402 2574 secundum
1429 2540 1519 2574 haec
1544 2552 1602 2573 re-

154 2598 229 2620 rum
258 2587 519 2621 instauratione
552 2588 705 2633 loquens
730 2589 771 2621 in
795 2587 1015 2621 revelatione
1052 2600 1116 2622 sua
1141 2591 1196 2634 (αι
1234 2590 1286 2634 ι),
1312 2588 1363 2621 sic
1383 2588 1445 2622 ait.
1474 2587 1601 2630 „vide-

152 2633 235 2668 bam
260 2635 401 2668 coelum
428 2646 558 2668 novum
584 2641 785 2680 terramque
813 2645 952 2676 novam,
983 2640 1020 2669 et
1042 2646 1139 2669 mare
1164 2635 1263 2682 prius
1287 2646 1461 2680 nusquam
1489 2635 1599 2669 erat.''

246 2682 366 2723 Deus,
402 2682 452 2715 ait
474 2693 594 2716 sacrae
626 2682 798 2716 historiae
829 2682 980 2728 scriptor
1005 2682 1170 2728 (Genesis
1200 2694 1210 2716 ι
1250 2684 1299 2727 ι),
1323 2683 1430 2717 initio
1456 2682 1598 2716 coelum

156 2733 191 2762 et
210 2733 339 2763 terram
362 2729 504 2765 creavit}
534 2729 799 2773 animadverte,
822 2729 896 2772 fili,
932 2728 1082 2765 dubium
1107 2730 1175 2765 hoc
1199 2729 1280 2764 loeo
1306 2730 1482 2777 quiddam
1505 2729 1596 2765 inci-
