1826 3120
612 132 899 176 ANNALmM
942 133 1082 176 PARS
1119 135 1172 175 11.
1496 109 1608 166 233

145 230 307 291 γενεαῖς
338 229 378 275 οἶ
418 227 642 288 ἅνθρωποι
674 234 888 287 διέμειναν
925 231 1028 276 θεὸν
1054 231 1281 288 ἡγούμενοι
1308 228 1510 285 δεσπότην
1538 231 1613 271 καί

143 298 280 343 πάντα
309 297 414 355 πρὸς
443 298 596 354 α’ρετὴν
622 300 859 352 βλέποντες.
915 297 1019 353 μετὰ
1051 300 1097 341 δὲ
1114 301 1244 342 ταῦτα
1274 295 1610 351 μεταβάλλονται

142 364 250 422 πρὸς
266 363 312 408 τὸ
339 369 499 420 χεῖρον.
530 363 677 407 πολλοὶ
703 363 785 421 γὰρ
816 360 981 421 ἄγγελοι
1010 367 1118 408 θεοῦ
1136 365 1304 419 γυναιξί
1333 363 1610 417 συμμιγέντες

143 429 350 488 ὑβριστὰς
379 432 601 487 ἐγέννησαν
628 433 785 481 παῖδας
814 431 889 474 καί
924 430 1083 480 παντὸς
1113 429 1353 486 ὑπερόπτας
1379 430 1509 471 καλοῦ
1535 426 1607 470 διὰ

105 497 222 554 5τὴν
249 497 322 540 ἐπὶ
344 499 398 556 τῇ
429 496 608 551 δυνάμει
636 499 899 553 πεποιθησιν.
968 494 1070 540 ὅθεν
1100 499 1332 540 διανοεῖται
1361 493 1382 537 ὃ
1411 494 1513 545 θεὸς
1539 493 1612 536 καί

141 566 227 608 πᾶν
254 561 355 608 ὅσον
383 560 436 620 ἦν
475 561 746 619 ἅνθριόπινον
784 566 1040 621 διαφθεῖραι
1078 562 1160 607 σὺν
1190 563 1355 618 αὗτοῖς,
1387 562 1460 605 καί
1486 564 1608 616 ποιῆ-

141 648 216 675 σαι
243 634 360 688 γένος
391 633 534 687 ἕτερον
565 631 770 686 πονηρίας
799 630 1012 688 καθαρόν,
1045 629 1364 684 ε’πιτεμνόμενος
1394 628 1467 671 καί
1493 619 1606 670 αὐτὰ

138 697 196 741 τοὶ
225 697 296 754 ἔτη
324 696 429 752 οἵπερ
459 695 664 753 πρότερον
698 695 848 749 ἐζων.”
917 697 1023 740 ἄλλα
1053 699 1127 739 καί
1167 694 1188 738 ὅ
1219 698 1354 751 μέγας
1392 695 1608 750 Κύριλλος

139 766 252 820 λέγει
280 761 344 806 ὅτι
371 764 529 814 ἰδόντες
559 762 599 806 οἱ
624 762 714 806 υἱοὶ
740 766 819 806 τοῦ
846 767 978 819 θεοῦ,
1007 766 1219 806 τουτέστιν
1248 762 1286 805 οἱ
1317 761 1400 816 dud
1423 764 1499 804 τοῦ
1514 759 1606 817 Σήθ
1620 762 1659 798 P·
1679 763 1742 807 ¹24

81 846 129 874 ιο
141 829 417 887 καταγόμενοι
445 830 620 887 (ἐκεῖνον
647 828 730 885 γὰρ
754 829 826 872 διὰ
858 829 934 886 τὴν
960 829 1116 887 α’ρετήν
1145 830 1281 872 αὐτοῦ
1303 827 1408 870 θεὸν
1433 827 1608 884 ἔλεγον),

139 896 218 948 τὰς
245 898 486 952 θυγατέρας
511 897 597 939 τῶν
619 893 858 952 ἀνθρώπων
885 893 1016 953 ἤγουν
1044 894 1232 946 τὰς’ἀπὸ
1263 895 1343 937 τοῦ
1372 894 1488 937 Κάϊν
1505 927 1516 947 ,
1545 889 1609 936 ὅτι

139 964 269 1006 καλαί
294 963 351 1021 τῷ
382 961 487 1005 εἴδει
530 964 658 1016 εἰσίν,
702 961 855 1018 ἔλαβον
883 961 1015 1013 αὐτοῖς
1046 965 1107 1012 εἰς
1133 967 1349 1018 γυναῖκας.
1409 957 1508 1003 ὅθεν
1536 963 1611 1002 καί

139 1030 362 1085 ἕγεννῶντο
391 1028 431 1072 οἱ
458 1030 673 1084 γίγαντες,
708 1024 863 1087 ἄνδρες
893 1032 1102 1081 δυσειδεῐς
1130 1031 1204 1072 καί
1232 1032 1317 1072 πᾶν
1350 1026 1395 1070 εἴ
1417 1044 1458 1070 τι
1487 1028 1610 1068 κάκι-

140 1111 241 1139 στον
270 1090 415 1149 ὄντες,
463 1098 540 1139 τοῦ
567 1097 676 1138 θεοῦ
716 1097 1096 1153 παραχαράξαντος
1127 1094 1285 1145 αὐτούς
1314 1093 1385 1137 δια
1417 1092 1495 1149 τήν
1524 1111 1607 1146 μυ-

80 1160 278 1219 ιὸσαροὶν
319 1162 462 1205 αἰτῶν
497 1166 627 1216 μῖξιν,
701 1160 803 1206 ὅθεν
845 1163 919 1206 καί
945 1164 1199 1216 κατακλύζει
1238 1161 1426 1216 αὐτούς,
1459 1159 1606 1210 καθώς

138 1231 214 1271 καί
238 1227 263 1270 o‘
294 1235 527 1286 κορυφαῖος
557 1229 732 1287 ἐνέφηνε
767 1231 934 1286 Πέτρος
962 1232 1007 1273 ἐν
1037 1232 1090 1288 τῇ
1116 1231 1323 1287 καθολικῇ
1353 1231 1484 1271 αὐτοῦ
1507 1229 1605 1269 δευ-

137 1297 238 1353 τέρᾳ
265 1295 464 1352 ἐπιστολῇ
492 1290 625 1346 οὕτως
648 1294 776 1338 εἰπών
793 1295 1118 1351 ,,κατακλυσμόν
1146 1294 1287 1355 κόσμῳ
1311 1297 1476 1349 ἀσεβῶν
1499 1293 1603 1336 ἐπά-

138 1363 250 1413 ξας.”
306 1360 375 1403 διὰ
422 1364 468 1404 τί
491 1363 538 1404 δὲ
565 1363 666 1413 τούς
701 1362 772 1405 ἕνα
800 1361 902 1405 θεὸν
930 1366 1273 1418 προσκυνοῦντας
1303 1364 1470 1416 α’σεβεῖς
1502 1358 1596 1403 ἐκοί-
1614 1372 1642 1406 Β

138 1431 261 1480 λεσε,·
283 1425 391 1470 διότι
419 1431 620 1471 τοσοῦτον
649 1428 910 1485 ἐξεμάνησαν
942 1431 1003 1479 εἰς
1030 1433 1256 1480 συνουσίας
1284 1429 1342 1478 ὥς
1372 1426 1444 1470 ἐπὶ
1472 1426 1604 1469 εἴκοσι

74 1508 126 1535 20
140 1488 320 1547 ἀνδράσι
347 1492 425 1549 τήν
451 1501 632 1549 γυναῖκα
661 1498 985 1552 περιφέρεσθαι.
1041 1497 1088 1538 ἐκ
1116 1493 1268 1538 τούτου
1298 1493 1380 1550 γάρ
1409 1493 1483 1535 καί
1507 1491 1605 1541 τούς

139 1557 261 1610 υἱοὺς
288 1561 361 1602 τοῦ
391 1562 521 1614 θεοῦ,
550 1561 648 1611 τούς
678 1562 723 1603 ἐκ
751 1564 827 1604 τοῦ
845 1561 945 1616 Σὴθ
971 1561 1156 1617 δηλαδή,
1185 1559 1292 1618 πρὸς
1315 1564 1436 1615 μῖξιν
1464 1561 1604 1602 εἵλκυ-

139 1642 231 1669 σαν.
299 1624 388 1668 υἱοὶ
415 1627 463 1668 δὲ
504 1629 583 1669 τοῦ·
624 1629 732 1670 θεοῦ
766 1629 960 1684 λέγονται
989 1630 1061 1672 καί
1093 1627 1165 1671 διὰ
1202 1627 1282 1685 τήν
1321 1624 1475 1684 ἀρετήν
1522 1625 1603 1668 αὐ-

139 1814 206 1850 pro
233 1814 351 1838 rerum
376 1804 523 1838 domino
559 1812 795 1850 agnoscerent
818 1807 1005 1854 solamque
1029 1808 1199 1842 virtutem
1224 1808 1264 1841 in
1289 1807 1458 1841 omnibus
1487 1806 1603 1851 respi-

139 1856 275 1885 cerent.
298 1851 343 1885 ab
370 1863 412 1885 eo
439 1851 610 1898 deinceps
628 1859 793 1899 tempore
817 1856 949 1889 mutati
978 1861 1063 1889 sunt
1087 1857 1125 1888 in
1149 1855 1264 1900 peius.
1290 1866 1373 1887 nam
1401 1854 1603 1899 complures

141 1910 186 1932 ex
210 1898 271 1932 dei
294 1899 379 1933 filiis
406 1906 486 1933 cuin
509 1901 724 1935 mulieribus
749 1909 1038 1944 consuescentes,
1065 1902 1201 1935 liberos
1230 1913 1274 1935 ex
1301 1902 1345 1935 iis
1372 1907 1604 1935 contumaces

140 1951 177 1980 et
201 1947 316 1980 omnis
342 1946 489 1981 honesti
518 1954 785 1994 contemptores
819 1956 967 1994 propter
992 1950 1180 1995 potentiae
1206 1949 1376 1982 fiduciam
1400 1959 1604 1994 progenue-

140 2004 189 2027 re.
213 2000 437 2040 quapropter
462 1996 579 2028 visum
606 2002 660 2029 est
688 1996 756 2029 deo
776 2008 856 2029 cum
886 1998 929 2030 iis
955 1999 1157 2030 universam
1183 1997 1369 2030 nationem
1393 1996 1604 2030 mortalium

140 2041 372 2083 exscindere,
410 2053 594 2088 genusque
633 2055 763 2088 purum
806 2044 851 2076 ab
878 2045 977 2077 omni
1005 2044 1142 2088 flagitio
1174 2043 1313 2084 facere,
1341 2044 1486 2077 resectis
1512 2044 1602 2088 ipsis

139 2088 251 2122 etiam
277 2089 381 2122 annis
399 2090 495 2122 vitae
520 2091 715 2135 longaevae
742 2103 848 2136 quam
867 2092 965 2136 prius
991 2091 1184 2136 degebant.
1203 2092 1439 2125 consimiliter
1463 2097 1500 2125 et
1525 2092 1602 2124 exi-

138 2136 229 2169 mius
255 2136 319 2169 ille
350 2136 504 2180 Cyrillus
533 2139 688 2172 disserit.
722 2139 791 2171 filii
825 2138 903 2179 dei,
937 2139 1013 2180 ait‚'
1039 2138 1107 2172 hoc
1139 2144 1195 2172 est
1225 2150 1246 2172 a
1275 2138 1386 2172 Setho
1414 2139 1601 2184 prognati,

139 2183 238 2228 (nam
266 2183 371 2217 illum
403 2185 547 2219 virtutis
588 2198 695 2219 causa
724 2186 780 2219 sui
817 2185 924 2219 deum
953 2187 1197 2233 appellavere)
1232 2186 1480 2221 animadverso
1506 2186 1600 2219 filias

138 2229 345 2274 hominum,
373 2231 413 2264 id
442 2237 496 2265 est
523 2238 617 2266 ortas
645 2245 688 2266 ex
713 2234 925 2278 posteritate
945 2233 1058 2275 Caini,
1083 2234 1197 2268 forma
1209 2240 1379 2268 venustas
1407 2244 1496 2275 esse,
1523 2245 1601 2266 ma-

137 2278 310 2312 trimonio
348 2278 419 2312 sibi
461 2290 520 2312 eas
550 2280 763 2322 iunxerunt,
802 2282 954 2326 natique
980 2287 1064 2315 sunt
1097 2293 1140 2315 ex
1168 2282 1219 2316 eis
1245 2283 1406 2327 gigantes
1433 2281 1599 2314 homines

138 2324 310 2359 informes
349 2337 547 2372 omnesque
583 2329 794 2373 pravitatem
827 2328 1045 2370 referentes,
1080 2329 1232 2363 indente
1260 2336 1403 2374 turpem
1428 2330 1480 2362 eis
1506 2328 1600 2362 hanc

139 2373 296 2417 speciem
321 2372 389 2406 deo
417 2381 566 2419 propter
591 2376 783 2409 nefandam
803 2382 838 2409 et
855 2376 1109 2410 exsecrabilem
1128 2378 1268 2421 generis
1286 2377 1477 2422 utriusque
1502 2387 1600 2408 com-

137 2419 355 2454 mistionem.
383 2421 527 2454 easdem
553 2422 599 2455 ob
627 2435 750 2457 causas
779 2423 915 2456 diluvio
942 2429 1027 2457 sunt
1051 2425 1231 2459 exstincti.
1260 2425 1478 2469 significavit
1501 2423 1599 2456 idem

138 2477 287 2512 magnus
325 2468 433 2501 etiam
474 2469 618 2510 Petrus,
654 2472 693 2504 in
736 2471 970 2516 epistolarum
1006 2483 1150 2505 suarum
1187 2472 1448 2506 catholicarum
1485 2471 1600 2503 altera

139 2513 175 2559 (2
205 2517 242 2557 5)
275 2514 392 2549 verbis
431 2515 529 2549 hisce
568 2516 748 2552 disserens
788 2519 1005 2563 „impiorum
1054 2520 1176 2563 generi
1216 2520 1395 2552 diluvium
1428 2519 1598 2551 invexit.”

138 2571 202 2593 cur
229 2560 311 2595 heic
334 2569 440 2597 vocat
464 2563 607 2609 impios,
634 2566 697 2610 qui
724 2577 835 2599 unum
865 2565 973 2599 deum
1000 2566 1169 2611 religiose
1194 2567 1347 2600 colendo
1372 2565 1598 2599 veneraban-

138 2607 222 2641 tur?
272 2609 358 2655 quia
384 2616 575 2656 tantopere
602 2613 640 2645 in
665 2612 859 2646 libidinem
886 2620 1094 2648 exarserunt
1111 2621 1154 2649 ut
1175 2615 1302 2659 viginti
1325 2614 1394 2646 viri
1419 2625 1491 2646 una
1516 2624 1597 2645 cum

139 2655 273 2688 femina
312 2664 598 2692 consuescerent.
641 2659 710 2692 hoc
736 2661 831 2693 enim
868 2666 975 2705 pacto
1001 2661 1061 2695 dei
1093 2674 1242 2707 quoque
1271 2662 1359 2701 filii,
1384 2661 1551 2694 nimirum
1578 2673 1598 2692 a

141 2701 251 2736 Setho
278 2705 454 2750 prognati,
484 2706 530 2739 ad
556 2707 770 2740 concubitus
796 2719 903 2752 vagos
924 2708 1064 2742 invitati
1091 2715 1196 2751 sunt3
1220 2710 1282 2754 qni
1309 2708 1455 2753 quidem
1482 2708 1598 2741 virtu-

140 2748 187 2782 tis
230 2751 337 2786 etiam
366 2753 514 2787 nomine
550 2753 611 2788 dei
637 2760 721 2788 sunt
763 2755 940 2801 appellati
975 2756 1064 2798 filii,
1099 2756 1403 2804 quemadmodum
1438 2755 1596 2790 Israelus
