1826 3120
266 113 374 179 224
711 128 996 170 MiCHAEIAS
1037 128 1256 170 GLYCAE

263 231 339 272 οῦκ
371 226 606 285 ἆναγράφει
635 229 801 282 Μωσῆς
829 225 970 280 ὥσπερ
1001 225 1051 280 δὴ
1078 228 1160 268 τῶν
1190 225 1271 267 οἷπὸ
1301 230 1378 268 τοῦ
1405 229 1512 284 Σήθ.
1571 225 1705 279 ἄλλως

260 312 306 339 τε
330 297 401 337 καί
427 301 596 349 σημεῖον
625 296 703 336 τοῦ
730 295 835 336 θεοῦ
877 293 1018 341 δόντος
1046 294 1103 349 τῷ
1142 290 1258 334 Κάϊν
1286 293 1361 334 τοῦ
1387 293 1444 348 μὴ
1476 296 1707 350 ἀναιρεθῆ-

261 379 330 405 ναι
363 364 552 416 (σημεῖον
597 361 643 400 δὲ
679 361 844 414 νοητέον
880 355 907 415 ἢ
938 357 1012 401 τὸν
1043 355 1138 413 ὅρον
1187 357 1320 400 αυ’τὸν
1347 360 1423 401 τοῦ
1447 361 1552 403 θεοῦ
1579 357 1606 415 ἢ
1637 360 1707 404 τὸν

261 431 340 470 τῶν
369 430 507 480 μελῶν
534 426 667 467 αὐτοῦ
695 426 852 482 κλόνον)
881 427 967 474 πῶς
1008 425 1195 482 α’νῃρέθη
1219 424 1389 477 λοιπῶν,-

373 494 427 534 Εἰ
469 493 514 533 δὲ
562 493 696 546 ζητεῖς
724 493 810 541 πῶς
837 490 886 533 τὰ
931 489 999 546 ἔτι]
1026 494 1107 533 τῶν
1138 488 1219 531 οἷπό
1250 491 1327 532 τοῦ
1355 492 1470 534 Κάῖν
1497 488 1743 543 οῦκιᾶνμό

263 557 420 613 γράφει
453 559 640 611 Μωσῆς,
690 556 709 599 ὁ
736 560 867 612 μέγας
898 554 1110 611 Κύριλλος
1138 558 1180 599 ἐν
1207 563 1292 606 τοῖς
1319 561 1553 614 γλαφυροῖς
1574 554 1708 600 αὐτοῦ

228 622 424 673 Βδίὁοὲξει
453 639 500 665 σε
543 625 671 678 λέγων
718 621 782 665 ὅτι
830 624 881 664 ου’
927 627 1017 665 κατ’
1055 619 1226 676 ἄγνοιαν
1264 626 1340 665 τοῦ
1367 625 1496 677 θεοῦ,
1527 623 1617 666 ἀλλ’
1642 619 1710 667 ’ὅτι

262 692 345 731 τῶν
383 689 645 744 ἁμαρτωλῶν
688 689 740 732 τά
770 689 840 745 ἔτη
881 692 954 731 καί
983 689 1124 738 ἁπλαῖς
1153 689 1227 731 καί
1255 689 1330 745 τὴν
1361 688 1471 744 ζωὴν
1500 690 1637 732 αὐτῶν
1665 692 1715 738 ἐν.

258 758 388 813 &iffi-(⁶0
422 753 582 807 ζώντων
609 759 898 811 γεγραμμένην
925 755 1036 810 ἔχειν
1066 757 1117 797 ου’
1145 758 1273 798 θέλει.
1309 756 1419 798 καθὰ
1446 757 1496 799 δὲ
1526 759 1596 815 τῷ·
1615 757 1709 799 δια-ε

260 825 465 877 ληφθέντι
503 824 635 879 πατρί
661 820 788 871 τύπος
825 818 876 878 ἦν
904 821 926 863 ὅ
956 819 1070 864 Κάϊν
1096 825 1170 863 καί
1196 820 1216 863 ὃ
1238 818 1366 876 ’Ἅβελ
1395 824 1470 864 τοῦ
1498 819 1708 877 πρωτοτό-
1725 839 1773 867 ro

259 904 335 929 κου
378 890 484 930 λαοῦ
522 891 598 930 τοῦ
622 891 816 943 Χριστοῦ
847 904 891 930 τε
929 891 1001 931 καί
1029 890 1112 930 τῶν
1141 891 1200 938 εἷς
1229 887 1356 931 αῦτὸν
1384 885 1711 936 πιστευσάντων.

262 950 402 1010 ὥσπερ
441 952 520 1010 γὰρ
563 953 583 996 ὃ
629 954 744 996 Κάϊν
784 952 854 995 διὰ
894 952 1053 1010 φθόνον
1093 954 1166 995 καί
1205 955 1252 996 τὸ
1285 956 1358 996 τοῦ
1387 955 1576 1010 α’ὁελφοῦ
1605 949 1711 1007 αἷμα

261 1019 380 1074 ἐξέβη
422 1020 502 1061 α’πὸ
549 1021 775 1075 προσώπου
811 1022 940 1073 θεοῦ,
978 1022 1049 1061 ναί
1082 1019 1166 1076 μήν
1205 1020 1278 1061 καί
1303 1020 1523 1076 κατηράθη
1552 1021 1711 1062 στένειν

260 1085 333 1126 καί
359 1090 523 1140 τρέμειν
551 1087 623 1127 ἐπὶ
662 1088 735 1141 τῆς
777 1087 852 1140 γῆς
881 1088 1145 1140 περιπατῶν,
1189 1084 1324 1135 οὕτως
1350 1083 1432 1142 ἄρα
1461 1089 1534 1128 καί
1558 1084 1580 1128 ὅ
1609 1087 1710 1127 Ἰουὲ

222 1150 406 1200 (Ξὸαϊκὸς
434 1150 505 1193 διὰ
535 1150 694 1207 φθόνον
721 1155 792 1194 καί
817 1151 863 1193 τὸ
889 1154 966 1194 τοῦ
984 1154 1175 1206 Χριστοῦ
1203 1148 1309 1205 αἷμα
1331 1155 1449 1208 ἐξέβη
1479 1150 1560 1193 ἀπὸ
1581 1167 1709 1208 προσ·
1726 1153 1774 1194 15

261 1215 374 1258 ώπου
405 1219 483 1259 τοῦ
510 1219 615 1259 θεοῦ
645 1219 718 1259 καί
741 1224 964 1273 περιπατεῖ
985 1220 1136 1259 στένων
1163 1221 1235 1259 καί
1264 1221 1440 1272 τρέμων.

371 1286 550 1338 Σιγμεῖόν
575 1279 649 1326 οῦν
681 1286 837 1326 δέδωκε
866 1287 921 1342 τῷ
951 1283 1065 1326 Κάϊν
1091 1284 1113 1325 ὅ
1141 1282 1262 1338 θεός,
1294 1281 1401 1327 ὥστε
1430 1284 1487 1340 pu}
1521 1285 1714 1342 φονευθῇ

261 1348 378 1404 παρά
406 1365 540 1403 τινος,
584 1349 641 1399 ὥς
683 1352 836 1399 ἐκεῖνος
866 1349 1112 1392 ὑπώπτευε·
1169 1351 1242 1392 καί
1273 1350 1442 1404 „gomi”
1467 1351 1546 1406 γάρ
1578 1366 1680 1407 φησι
1699 1382 1712 1403 ,

424 1413 436 1428 <

261 1418 370 1469 ,,πᾶς
415 1432 434 1456 ο
468 1414 674 1471 εὑρίσκων
711 1433 764 1469 με
803 1414 1023 1459 ἀποκτενεῖ
1055 1420 1151 1470 με.”
1215 1417 1239 1458 (i
1286 1419 1331 1459 δὲ
1359 1416 1555 1471 Ἰώσηπός
1582 1431 1713 1472 φησιν

263 1479 328 1524 ὅτι
356 1481 430 1524 τὸν
462 1481 564 1524 θεὸν
600 1483 622 1524 ὁ
652 1483 769 1525 Κάϊν
798 1481 978 1537 ἱκέτευε,
1015 1481 1175 1538 μήποτε
1203 1483 1370 1539 θηρίοις
1398 1481 1611 1536 α’λιόμενος
1636 1497 1711 1524 πε-
1724 1494 1776 1522 20

360 1605 387 1627 1.
414 1594 565 1642 Μωσῆς]
593 1595 734 1638 Μωσῆς
758 1591 802 1630 zo}
825 1595 910 1638 ἔτηὶ)
1031 1607 1065 1639 9.
1090 1594 1327 1641 διιιβληθέντι
1352 1595 1390 1629 F.

263 1690 384 1730 potest
407 1698 493 1719 num
519 1686 649 1720 Cainus
679 1687 795 1720 adhuc
814 1687 979 1720 Lamechi
1010 1688 1232 1733 temporibus
1260 1693 1440 1733 superstes
1465 1686 1598 1721 fuerit?
1623 1688 1712 1721 certi

263 1732 358 1765 nihil
383 1734 492 1766 statui
520 1733 564 1766 de
603 1734 672 1766 hoc
699 1741 842 1779 potest,
870 1747 948 1767 cum
983 1745 1096 1767 annos
1137 1742 1360 1780 posterorum
1386 1735 1487 1768 Caini
1517 1735 1633 1767 Moses
1661 1736 1711 1768 ita

265 1781 459 1812 memoriae
486 1791 560 1812 non
596 1773 822 1825 prodiderit,
851 1787 888 1814 ut
923 1781 1157 1815 oriundorum
1184 1795 1203 1815 a
1233 1782 1361 1815 Setho:
1394 1793 1440 1815 ne
1466 1782 1580 1814 dicam
1605 1782 1712 1815 deum

265 1827 376 1859 Caino
420 1826 600 1872 quandam
638 1829 848 1872 apposuisse
886 1834 1027 1869 notam,
1071 1840 1117 1862 ne
1157 1841 1176 1862 a
1217 1841 1397 1874 quoquam
1423 1834 1622 1861 necaretur.
1647 1839 1713 1873 per

265 1874 358 1906 hanc
381 1885 464 1907 vero
497 1880 620 1907 notam
644 1876 702 1907 vel
729 1876 806 1919 ipsa
831 1874 889 1908 dei
919 1874 964 1908 de
991 1875 1101 1908 Caino
1132 1878 1311 1909 sententia
1343 1876 1453 1909 debet
1473 1875 1630 1919 intelligi
1653 1875 1713 1908 vel

266 1921 507 1954 membrorum
536 1922 612 1954 eius
638 1922 844 1967 trepidatio.
873 1933 1028 1967 quonam
1053 1924 1162 1968 igitur
1183 1929 1286 1969 pacto
1312 1922 1384 1956 dici
1406 1927 1528 1968 potest
1553 1932 1630 1955 esse
1654 1923 1713 1955 in-

266 1973 464 2013 teremptus
479 1969 494 2002 'z'

359 2017 433 2048 Iam
472 2017 501 2048 si
539 2027 688 2061 quaeras
729 2017 960 2061 quamobrem
988 2017 1106 2050 Moses
1127 2015 1228 2049 Caini
1250 2021 1475 2060 posterorum
1499 2026 1611 2048 annos
1637 2026 1712 2050 non

268 2063 508 2103 recensuerit,
541 2074 685 2107 magnus
722 2065 785 2097 ille
811 2064 879 2098 tibi
905 2065 1058 2108 Cyrilius
1093 2064 1131 2096 in
1160 2063 1350 2107 Glaphyris
1379 2064 1452 2096 sive
1477 2062 1711 2097 varietatibus

269 2109 341 2141 suis
370 2109 613 2153 respondebit.
639 2122 711 2143 non
733 2111 800 2144 hoc
826 2112 956 2144 factum
983 2117 1047 2153 est,
1072 2111 1211 2156 inquit,
1237 2121 1281 2142 ex
1305 2111 1530 2154 ignoratione
1557 2109 1712 2156 quadam

269 2155 339 2195 dei,
364 2155 426 2187 sed
453 2158 535 2200 quia
559 2164 784 2201 peccatorum
803 2170 914 2192 annos
938 2164 1123 2203 totamque
1146 2157 1235 2190 adeo
1260 2157 1369 2190 vitam
1395 2157 1488 2190 libro
1511 2157 1711 2191 viventium

268 2203 445 2234 contineri
471 2203 573 2236 nolit.
601 2204 693 2237 idem
721 2206 873 2249 Cyrillus
900 2206 1009 2239 refert
1024 2206 1172 2239 Cainum
1199 2210 1234 2237 et
1249 2205 1402 2237 Abelum
1427 2205 1538 2238 fuisse
1563 2203 1711 2248 figuram
1737 2238 1743 2244 ,

266 2249 458 2293 primigeni
483 2251 608 2294 populi
633 2252 771 2284 Iudaici
799 2258 841 2286 et·
862 2252 994 2286 Christi
1015 2252 1225 2297 Christoque
1251 2251 1450 2285 fidentium.
1478 2250 1712 2297 quemadmo-

268 2295 351 2328 dum
382 2297 476 2328 enim
496 2296 625 2330 Cainus
651 2299 787 2332 invidia
813 2299 963 2343 flagrans
987 2300 1133 2344 profuso
1161 2299 1277 2331 fratris
1306 2299 1478 2343 sanguine
1502 2309 1576 2331 non
1596 2298 1710 2331 solum

240 2344 248 2351 ‘
268 2354 287 2374 a
314 2342 372 2375 dei
403 2350 597 2387 conspectu
622 2347 802 2390 profugit,
825 2348 1058 2380 verumetiam
1082 2347 1120 2379 in
1147 2345 1323 2379 eiusmodi
1350 2345 1630 2379 exsecrationem
1653 2345 1710 2378 in-

267 2390 359 2422 cidit
385 2395 425 2422 ut
451 2391 680 2434 vagabundus
707 2393 743 2425 in
768 2394 873 2426 terris
902 2399 1058 2438 gemeret
1093 2398 1200 2438 atque
1226 2398 1417 2434 tremeret,
1441 2393 1492 2426 sic
1520 2393 1626 2425 etiam
1647 2391 1710 2423 Iu-

268 2436 369 2469 daica
395 2437 493 2469 natio
518 2444 665 2482 propter
692 2440 863 2473 invidiam
888 2452 958 2485 qua
983 2441 1158 2485 flagravit,
1198 2445 1233 2473 et
1254 2440 1441 2485 profusum
1470 2440 1582 2485 ipsius
1605 2435 1710 2470 Chri-

267 2484 313 2516 sti
340 2483 565 2528 sanguinem,
608 2496 626 2517 e
666 2485 727 2518 dei
767 2494 959 2533 conspectu
1001 2488 1176 2529 excessit,
1214 2487 1358 2533 iamque
1382 2487 1472 2520 adeo
1499 2493 1651 2520 truncus
1671 2489 1710 2518 et

267 2541 411 2574 gemens
437 2531 639 2575 obvagatur.

361 2577 437 2610 Hoc
465 2577 573 2611 modo
602 2584 725 2611 notam
754 2579 863 2612 Caino
896 2581 984 2615 deus
1009 2581 1193 2627 apposuit,
1227 2592 1273 2614 ne
1299 2581 1343 2613 ab
1369 2581 1488 2626 aliquo
1512 2577 1706 2621 perimere-

266 2627 347 2663 tur,
387 2623 426 2656 id
458 2625 556 2670 quod
587 2625 746 2659 futurum
783 2629 1018 2663 existimarat.
1055 2629 1187 2661 etenim
1214 2627 1290 2672 ipse
1317 2628 1454 2660 dixerat
1479 2623 1644 2665 „accidet
1667 2629 1710 2657 ut

268 2670 332 2714 qui
357 2681 413 2702 me
438 2682 579 2718 cunque
606 2673 779 2717 repererit
806 2675 977 2708 occidat.'’
1003 2675 1174 2720 Iosephus
1200 2675 1310 2707 tradit
1330 2675 1475 2707 camum
1501 2671 1708 2704 Obsecrusse

271 2715 388 2758 deum,
413 2728 458 2750 ne
477 2719 513 2752 in
539 2719 773 2765 obvagatione
803 2733 865 2755 sua
884 2723 976 2756 forte
1003 2723 1040 2756 in
1065 2722 1204 2756 belluas
1236 2722 1435 2763 inciderem
1461 2728 1579 2764 eoque
1601 2722 1706 2764 pacto
