1826 3120
625 138 910 197 ANNALiUM
947 153 1084 196 mas
1122 154 1198 195 iv.
1503 132 1574 208 47
1594 153 1611 187 1

164 260 210 311 ἐξ
251 257 394 301 αὖτῶν
423 256 660 312 ἐκπηδῆσαν
685 257 768 298 τῶν
794 256 1004 308 θεμελίων
1036 255 1112 310 τῆς
1153 251 1290 310 ὄρμῆς
1333 252 1486 303 αὐτοὺς
1508 252 1621 296 ’ἆνε-

163 325 345 381 χαίτιζε.

276 393 318 435 Γ
314 395 462 434 ίνωσκε
488 391 559 446 δέ,
593 386 802 446 ἆγαπητέ,
848 386 914 431 ὅτι
954 387 976 431 ὅ
1008 390 1230 439 α’κοντίσας
1264 387 1394 432 aaran
1430 389 1476 433 ἓν
1505 390 1670 443 ssep-D

165 472 262 510 σαις
306 459 506 513 διάγοντα
545 459 675 513 μέχρι
717 457 791 499 καί
827 456 1007 512 τήμερον
1047 456 1131 510 οὔχ
1164 453 1419 510 εὑρίσκεται.
1476 458 1518 499 εἰ
1542 447 1627 512 γὰρ

127 522 240 569 Sitai
273 524 381 568 κατὰ
420 525 612 567 κέλευσιν
638 525 712 580 τῆς
750 524 1034 579 ἄειπαρθένου
1064 523 1269 565 θεοτόκου
1300 521 1372 565 διὰ
1399 523 1476 566 τοῦ
1503 523 1627 577 ἁγίου

163 592 465 648 Μερκουρίου,
496 591 722 646 δεηθέντος
748 588 860 644 τάχα
889 591 965 632 τοῦ
991 587 1177 644 μεγάλου
1209 592 1466 643 Βασιλείου,
1506 589 1630 631 ἀκον-

162 661 364 714 τισθῆναι
394 656 471 700 τόν
499 655 750 712 παραβάτην
792 656 1046 713 εὑρίσκομεν
1084 657 1129 698 ἐν
1159 661 1247 706 τοῖς
1276 657 1356 698 τοῦ
1386 655 1508 710 ἁγίου
1537 658 1631 699 Βα-

162 726 324 768 σιλείου
361 722 609 777 θαύμασιν,
663 719 770 778 ἅπερ
802 720 824 764 ὅ
852 726 983 777 μέγας
1011 719 1288 778 Ἀμφιλόχιος
1317 724 1468 779 γραφῇ
1493 736 1631 776 παρα-

146 792 315 834 δοῦναι
347 793 523 845 λέγεται,
555 790 644 841 ἀλλ’
676 789 752 830 οὐκ
783 786 942 837 εὐθέως
970 788 1200 830 πείθεσθαι
1227 783 1354 838 ἄξιον.
1399 790 1515 838 τίνος
1541 790 1630 830 ἓνε-

103 869 152 896 ιο
165 873 263 910 κεν,·
291 853 357 899 ὅτι
389 855 459 898 dui
490 858 563 909 τῆς
593 854 793 908 τοιαύτης
818 851 990 910 ’γραφῆς
1018 856 1090 896 καί
1121 852 1327 910 ἀρχιερέα
1354 857 1428 910 τῆς
1458 858 1631 898 Καισα-

161 926 271 979 ρέων
309 920 584 976 μανθάνομεν
622 922 900 976 χρηματίζειν
935 921 1009 962 τὸν
1042 922 1176 974 μέγαν
1202 922 1461 974 Βασίλειον,
1507 922 1630 977 ἡνίκα

170 988 443 1045 διερχόμενος
480 983 534 1043 ἦν
567 990 661 1029 κατ’
698 990 836 1029 ἐκεῖνα
865 985 919 1028 τὰ
951 988 1061 1042 μέρη
1090 984 1113 1026 ὅ
1145 984 1338 1036 κάκιστος
1366 989 1474 1030 κατὰ
1509 992 1628 1044 Περ-
1643 991 1760 1037 1).254

160 1056 247 1099 σῶν
286 1053 364 1110 τὴν
405 1056 676 1109 ἐκστρατείαν
714 1051 977 1106 ποιούμενος.
1049 1054 1139 1095 ἄλλ’
1169 1053 1221 1094 οὔ
1250 1055 1372 1095 δοκεῖ
1392 1057 1529 1097 ταῦτα
1558 1058 1634 1099 και1

158 1125 217 1179 τῷ
249 1120 418 1179 μεγάλῳ
450 1122 491 1163 Γ
489 1119 671 1179 ρηγορίῳ
716 1122 773 1178 τῷ
804 1118 990 1176 θεολόγῳ
1011 1136 1023 1147 ·
1085 1121 1126 1162 εἰ
1173 1118 1255 1176 γὰρ
1292 1121 1338 1162 ἐν
1371 1127 1457 1171 τοῖς
1484 1138 1630 1178 προοι-

99 1186 287 1243 15μιόις,
318 1185 464 1236 καθώς
487 1181 612 1236 οὗτός
641 1202 759 1242 φησι,
787 1187 868 1228 τοῦ
897 1184 999 1239 μετὰ
1031 1188 1167 1228 ταῦτα
1194 1185 1480 1242 κρατήσαντος
1512 1189 1630 1232 Ου’ά-

158 1259 300 1303 λεντος
325 1254 386 1302 εἰς
409 1253 578 1295 Πόντον
608 1250 794 1308 ἐκάθητο
825 1251 848 1292 ὁ
877 1254 1011 1306 μέγας
1039 1254 1280 1306 Βασίλειος,
1307 1255 1384 1295 τοῦ
1399 1254 1630 1309 Εὕσεβείου

159 1321 384 1376 τηνικαῦτα
428 1322 502 1374 τῆς
533 1321 793 1374 Καισαρέων
823 1319 1157 1374 χρηματίζοντος
1186 1321 1446 1375 α’ρχιερέως,
1491 1324 1632 1380 πολλῷ

145 1389 323 1440 μᾶλλον
364 1387 440 1427 οὐκ
468 1381 522 1440 ἦν
550 1387 706 1435 ἐκεῖνος
736 1384 965 1440 α’ρχιερεύς
991 1387 1038 1427 ἐν
1063 1390 1149 1435 τοῖς
1173 1385 1348 1441 χρόνοις
1373 1387 1626 1430 3[ουλιανοῧ.

161 1455 364 1510 φαίνεται
400 1447 479 1493 οὖν
508 1453 706 1494 ἐντεῦθεν
745 1450 804 1501 ὥς
845 1447 941 1494 οὔτε
984 1452 1059 1494 τὸν
1086 1453 1222 1507 μέγαν
1251 1455 1479 1495 Βασίλειον
1507 1449 1631 1510 εὗρεν

96 1529 150 1558 20
162 1519 368 1576 ἀρχιερέα
397 1517 669 1574 διερχόμενος
710 1517 734 1559 ὅ
758 1517 1003 1573 Ἰουλιανός,
1032 1514 1131 1561 οὔτε
1160 1520 1387 1575 ἠπείλησεν
1415 1521 1533 1578 αὐτῷ
1560 1522 1634 1564 καί

159 1699 243 1720 nam
271 1687 365 1732 ignis
389 1698 408 1719 e
438 1686 681 1720 fundamentis
707 1688 792 1733 ipsis
812 1698 891 1721 cum
917 1688 1155 1734 prosiliisset,
1192 1698 1253 1721 eos
1290 1688 1335 1721 ab
1375 1699 1485 1735 opere
1521 1689 1628 1723 insti-

160 1740 240 1769 tuto
269 1734 445 1768 deterruit
474 1740 512 1767 et
537 1734 701 1768 detraxit.

254 1781 449 1815 Sciendum
475 1786 529 1814 est
554 1787 675 1815 autem
698 1780 780 1821 tibi,
806 1780 939 1814 dilecte
965 1782 1016 1814 iili
1032 1807 1041 1822 ‚
1071 1781 1170 1826 quod
1195 1782 1234 1814 in
1261 1780 1478 1815 hodiernum
1512 1793 1628 1828 usque

163 1827 259 1861 diem
283 1839 418 1862 nornen
443 1829 564 1869 illius,
592 1829 655 1872 qui
678 1829 858 1860 Iulianum
885 1828 923 1860 in
949 1827 1185 1873 expeditione
1213 1828 1356 1862 Persica
1388 1830 1507 1862 iaculo
1542 1841 1630 1863 con-

161 1875 251 1917 fixit,
276 1876 471 1921 ignoretur.
523 1887 731 1920 quanquam
758 1876 852 1908 enim
881 1875 1120 1919 perscriptum
1147 1875 1368 1919 reperiamus
1395 1876 1434 1909 in
1458 1876 1554 1909 libro
1582 1877 1627 1910 de

160 1923 276 1957 sancti
304 1923 429 1956 Basilii
459 1923 664 1964 miraculis„
706 1933 801 1968 quae
837 1933 986 1966 maguus
1018 1922 1082 1954 ille
1108 1922 1162 1955 vir
1191 1921 1466 1967 Amphilochius
1496 1923 1628 1957 litteris

161 1970 434 2004 commendasse
466 1969 701 2015 perhibetur,
743 1969 914 2002 mandato
953 1974 1152 2014 perpetuae
1190 1968 1338 2014 virginis
1366 1970 1536 2016 deiparae
1563 1982 1629 2016 per

162 2023 325 2051 sanctum
346 2018 564 2051 Mercurium
589 2017 707 2062 magni
731 2017 855 2049 Basilii
879 2017 1049 2062 precibus
1077 2016 1297 2050 desertorem
1326 2017 1422 2050 hunc
1439 2019 1630 2051 traiectum

162 2065 285 2107 fuisse,
311 2076 386 2098 non
410 2070 532 2098 tamen
557 2064 647 2097 haec
671 2064 830 2097 narratio
860 2069 1020 2097 meretur
1054 2069 1094 2097 ut
1132 2064 1165 2096 ei
1190 2065 1365 2098 continuo
1390 2064 1498 2098 fidem
1524 2065 1630 2098 adhi-

160 2112 262 2146 beas.
312 2111 546 2157 quamobrem
572 2111 690 2145 istuc?
717 2111 889 2156 quoniam
914 2111 952 2144 in
976 2110 1103 2144 eodem
1127 2112 1262 2157 scripto
1290 2112 1441 2157 legimus
1460 2123 1629 2157 magnum

160 2160 334 2193 Basiliam
359 2159 552 2193 Caesareae
577 2158 787 2204 pontificem
812 2158 851 2191 id
877 2159 1050 2204 temporis
1078 2158 1205 2200 fuisse,
1243 2171 1322 2192 cum
1366 2171 1426 2193 eas
1462 2160 1627 2204 regiones

162 2207 358 2252 imperator
389 2207 676 2252 improbissimus
712 2211 837 2239 contra
861 2206 983 2239 Persas
1009 2205 1241 2251 expeditione
1268 2212 1434 2252 suscepta
1459 2218 1628 2252 peragra-

164 2260 231 2287 ret.
296 2259 333 2287 at
371 2265 456 2288 vero
489 2254 598 2287 aliter
639 2253 791 2287 eximius
830 2253 895 2286 ille
933 2253 1125 2298 Gregorius
1159 2260 1398 2298 cognomento
1434 2254 1626 2299 theologus

162 2301 358 2335 memoriae
382 2300 570 2346 prodidit:
596 2312 679 2334 nam
699 2301 728 2334 si
751 2300 916 2340 Basilius,
945 2300 1014 2333 hoc
1039 2300 1090 2333 ita
1115 2306 1296 2343 narrante,
1315 2302 1354 2334 in
1380 2301 1496 2335 Ponto
1518 2302 1626 2346 dege-

162 2348 228 2382 hat
254 2348 320 2382 sub
348 2349 491 2382 initium
521 2349 664 2394 imperii
689 2348 865 2388 Valentis,
892 2348 956 2392 qui
984 2347 1171 2392 aliquanto
1189 2354 1284 2393 post
1306 2354 1470 2394 tempore
1498 2360 1627 2392 regna-

163 2396 237 2437 vit,
265 2407 346 2429 curn
382 2395 577 2430 Caesareae
612 2395 780 2441 pontifex
816 2400 910 2428 esset
947 2394 1141 2436 Eusebius,
1170 2395 1286 2429 multo
1327 2397 1446 2429 minus
1482 2396 1625 2429 Iuliano

162 2443 362 2488 imperante
398 2443 552 2476 Basilius
582 2443 753 2476 antistitis
787 2452 939 2474 munere
979 2441 1205 2487 fungebatur.
1256 2442 1301 2476 de
1338 2454 1411 2489 quo
1440 2443 1525 2476 satis
1552 2444 1628 2476 evi-

165 2489 293 2523 denter
317 2497 467 2535 apparet
489 2490 669 2522 Iulianum
698 2490 768 2522 iter
793 2500 859 2534 per
877 2489 1142 2534 Cappadociam
1159 2489 1351 2524 facientem
1381 2501 1503 2535 neque
1529 2490 1629 2523 Basi-

163 2537 255 2570 lium
288 2537 370 2570 istie
404 2538 616 2582 pontificem
653 2536 826 2581 reperisse
851 2547 972 2581 neque
1000 2537 1113 2582 ipsius
1136 2537 1311 2571 ecclesiae
1337 2538 1514 2570 minatum
1538 2548 1629 2573 esse.

165 2584 347 2617 consimili
371 2584 480 2617 modo
503 2595 571 2617 nec
595 2590 761 2629 precatus
788 2588 842 2616 est
864 2582 934 2616 hoc
955 2583 1103 2618 nomine
1136 2584 1244 2618 deum
1269 2585 1420 2617 Basilius
1447 2584 1630 2629 pontifex,

164 2642 233 2663 nec
268 2630 314 2663 ad
350 2631 556 2665 tollendum
595 2642 614 2663 e
653 2631 773 2664 medio
802 2630 1022 2664 desertorem
1044 2631 1245 2666 Mercurius
1273 2632 1338 2665 ille
1364 2630 1499 2666 Christi
1525 2633 1629 2666 testis

167 2678 237 2711 suit
262 2677 460 2722 ablegatus.
514 2679 651 2724 quippe
679 2678 708 2710 si
734 2677 803 2711 hoc
829 2683 936 2723 pacto
965 2689 1019 2712 res
1043 2685 1141 2724 gesta
1165 2680 1312 2720 suisset,
1339 2678 1528 2713 obscurum
1553 2689 1630 2713 non

169 2729 262 2758 esset
288 2726 326 2758 in
347 2724 564 2759 hodiernum
592 2736 706 2770 usque
735 2725 832 2758 diem
866 2736 887 2757 a
924 2736 996 2770 quo
1032 2726 1196 2760 Iulianus
1219 2726 1294 2760 telo
1322 2726 1482 2761 confixus
1509 2727 1628 2761 fuerit.

168 2783 249 2806 nam
272 2771 390 2806 iaculo
416 2774 606 2809 traiectum
633 2778 798 2814 constat,
826 2778 970 2808 auctore
992 2773 1078 2809 sacti
1101 2784 1247 2821 prorsus
1272 2774 1467 2819 incognito.
1517 2774 1628 2820 quin-
