1826 3120
270 177 370 230 162
712 186 998 228 MicHAEms
1036 185 1251 229 GLYCAE

152 302 187 335 P.
202 303 245 336 85
373 288 480 335 Οἶδα
509 290 583 342 δέ,
624 286 831 341 α’γαπητέ,
863 282 924 327 ὅτι
951 287 1022 326 καί
1048 284 1119 326 ἐπὶ
1147 282 1278 341 τούτῳ
1308 281 1518 340 η’πόρηκας
1544 283 1594 324 ου’
1622 298 1692 336 μι-

258 361 391 413 κρῶς,
422 357 549 409 λέγων
587 353 655 406 „sl
692 353 969 406 κρεωδαισιάς
1007 350 1081 391 ου’κ
1105 345 1156 405 ἧν
1187 348 1268 404 πρὸ
1302 350 1378 390 τοῦ
1403 350 1696 402 κατακλυσμοῦ

259 423 423 479 καιρός,
450 423 558 469 τίνος
577 418 710 460 ἕνεκεν
736 413 906 471 δ”Αβελ
948 415 1098 471 ποιμὴν
1124 413 1344 472 προβάτων
1369 417 1524 470 ἐγένετο
1535 417 1572 468 ,·”
1604 416 1694 458 ἀλλ’

259 493 415 532 εἰδέναι
443 487 656 528 κοῖνταῦθα
685 483 868 540 ὀφείλεις
890 481 955 525 ὅτι
976 484 1254 538 περιβολαίων
1273 484 1405 524 ἕνεκεν
1419 481 1447 536 ἦ
1467 485 1548 525 τῶν
1559 485 1695 538 θρεμ-

258 553 402 610 μάτων
440 549 643 607 ἐπενοήθη
688 552 880 606 φροντίς,
925 547 980 598 ὥς
1016 548 1038 590 ὅ
1084 547 1391 603 χρυσορρήμων
1418 545 1609 602 Ἰωάννης
1635 547 1733 597 εἰς5

261 620 330 663 τὸν
376 617 601 673 ἓξαὴμερον
645 613 787 672 ε’ννοὶτῃ
837 616 964 658 αὐτοῦ
1003 614 1141 672 ὁμιλία
1179 615 1298 670 φησί.
1366 616 1544 656 πειθέτω
1572 615 1619 655 δέ
1646 629 1695 655 σε

261 684 365 741 πρὸς
406 683 567 733 τούτοις
601 683 627 738 ἦ
675 679 773 736 ἇγία
812 679 954 737 γραφη
984 683 1082 736 περί
1114 682 1195 722 τῶν
1223 678 1556 735 πρωτοπλάστων
1585 674 1701 735 οὗτοι»Ὺ

222 754 437 805 Βλέγουσα
457 748 563 803 „acal
583 750 766 803 χιτῶνας
795 749 1065 802 δερματίνους
1093 747 1284 788 ἐνέδυσεν
1313 743 1503 794 αὕτούς.”
1559 742 1698 786 ἔκτοτε

260 818 340 872 γὰρ
371 816 523 866 ἔδειξεν
564 815 585 855 ὁ
614 813 715 861 θεὸς
753 812 800 853 τό
828 828 870 854 τε
907 814 1117 867 χρήσιμον
1145 811 1252 864 ὁμοῦ
1279 813 1354 867 τῆς
1379 812 1600 866 περιβολῆς
1625 807 1700 851 καὶ

262 885 493 938 α’πέριττον.
561 879 793 937 ιρκονὸμησε
832 877 911 933 γάρ
933 878 956 919 ὁ
983 876 1084 927 θεὸς
1113 876 1194 920 ἀπὸ
1230 879 1314 919 τῶν
1341 878 1465 933 ἐρίων
1489 877 1573 918 ταῖν
1597 889 1698 930 προ·
1714 891 1761 919 ιο

260 947 406 1002 βάτων.
423 947 471 990 τὰ
495 946 703 998 ἐνδύματα
733 949 814 994 τοῖς
840 942 1075 999 ἀνθρώποις
1099 942 1498 996 κατασκευάζεσθαι,
1529 939 1700 991 οὖδενός

259 1012 405 1068 ἐτέρου
427 1016 561 1055 ἕνεκεν
580 1008 606 1067 ἢ
624 1009 727 1053 ὥστε
757 1013 908 1065 σκέπην
934 1012 1139 1064 γενέσθαι,
1159 1012 1228 1051 καί
1245 1007 1304 1063 μὴ
1327 1007 1373 1050 τὸ
1395 1005 1553 1062 λογικὸν
1578 1008 1699 1048 τοῦτο

263 1080 367 1130 ζῶον
405 1078 507 1120 κατὰ
553 1077 599 1119 τὸ
633 1075 737 1119 αὐτὸ
766 1082 850 1125 τοῖς
893 1071 1058 1130 ἇλόγοις
1087 1077 1129 1117 ἐν
1157 1073 1384 1130 γυμνότητι
1415 1075 1488 1115 καί
1511 1074 1700 1126 α’σχημο-

261 1143 365 1202 σύνῃ
395 1142 562 1198 διάγειν.
593 1143 618 1197 ἦ
646 1143 782 1185 τοίνυν
812 1144 894 1183 τῶν
912 1142 1091 1194 ἱματίων
1121 1139 1318 1195 περιβολὴ
1347 1140 1576 1194 ὑπόμνησις
1602 1138 1700 1192 ἡμῖν

260 1213 440 1264 γινέσθω
471 1207 659 1265 διηνεκὴς
687 1211 759 1262 τῆς
783 1210 864 1248 τῶν
895 1208 1067 1262 α’γαθῶν
1097 1207 1347 1260 ἐκπτώσεως,
1377 1207 1450 1247 καί
1479 1208 1548 1260 τῆς
1570 1204 1767 1258 repam-15

262 1277 356 1330 ριάς
388 1275 635 1323 διδάσκαλος
667 1272 716 1329 ἢν
742 1272 812 1315 διὰ
842 1272 918 1328 την
947 1274 1159 1329 παρακοήν
1187 1272 1231 1315 τὸ
1260 1275 1343 1315 τῶν
1372 1269 1606 1328 ἀνθρώπων
1631 1271 1703 1325 γε’-ι

262 1357 329 1389 νος
362 1342 542 1391 ἐδέξατο.
1631 1354 1633 1357 ’

374 1407 467 1449 Καὶ
492 1403 580 1448 εἷπε
606 1407 710 1462 πρὸς
727 1407 800 1450 τὸν
824 1405 967 1459 Ἀδὰμ
991 1403 1012 1446 ὃ
1037 1404 1136 1455 θεός
1164 1403 1271 1458 „sind
1299 1401 1459 1446 πάντων
1479 1405 1560 1466 των
1579 1403 1623 1445 ἐν
1642 1403 1700 1460 τῷ

224 1474 504 1531 Οπαραδείσῳ
527 1472 684 1526 βρώσει
708 1474 836 1530 φάγῃ,
862 1471 943 1514 α’πὸ
971 1474 1016 1513 δὲ
1036 1474 1112 1512 τοῦ
1133 1472 1257 1521 ξύλου
1282 1472 1358 1511 τοῦ
1385 1467 1598 1523 γινώσκειν
1624 1484 1696 1509 κα-

263 1539 334 1580 λὸν
353 1541 426 1580 καί
451 1539 630 1592 πονηρὸν
658 1539 706 1579 οὐ
727 1538 916 1594 φάγεσθε
945 1539 1016 1578 ἀπ’
1034 1538 1176 1578 αότοῦ·
1206 1532 1234 1593 ᾗ
1263 1539 1299 1577 δ”
1330 1530 1381 1576 ἂν
1402 1535 1536 1592 ἡμέρᾳ
1563 1532 1697 1588 φάγη-
1710 1547 1763 1574 20

263 1620 307 1645 τε
337 1601 406 1644 ἀπ’
435 1605 570 1645 αὐτοῦ
588 1639 600 1658 ,
630 1603 795 1662 θανάτῳ
825 1605 1139 1644 οἷποθανεῖσθε.”
1217 1599 1308 1643 ἀλλ’
1331 1603 1518 1643 ἐνταῦθα
1546 1614 1696 1655 προσο-

259 1672 367 1724 χῆς,
408 1669 614 1725 ἀγαπητέ,
654 1671 778 1726 χρεία
807 1671 971 1724 πολλῆς.
1030 1668 1240 1724 διαφωνία
1282 1666 1354 1709 καί
1379 1664 1460 1722 γάρ
1487 1665 1537 1706 οὕ
1565 1663 1696 1720 μικροὶ

356 1875 446 1908 Novi
472 1882 530 1916 te,
558 1875 689 1908 dilecte
716 1876 779 1917 fili,
804 1875 870 1908 hac
895 1877 999 1909 etiam
1025 1877 1061 1909 in
1085 1881 1185 1920 parte
1210 1886 1282 1907 non
1307 1885 1429 1919 parum
1455 1873 1642 1906 haesitare.
1668 1874 1696 1906 si

263 1923 441 1961 carnium,
484 1922 599 1964 dices}
637 1928 719 1955 ante
753 1923 926 1956 diluvium
960 1935 1032 1956 non
1067 1928 1142 1955 erat
1167 1934 1267 1961 usus,
1308 1933 1370 1952 cur
1395 1919 1538 1953 tandem
1563 1920 1697 1953 Abelus

265 1973 341 2001 erat
365 1969 502 2013 opilio?
528 1981 647 2002 verum
664 1971 752 2002 scire
772 1970 880 2002 debes
907 1971 1082 2014 pecudum
1113 1980 1228 2001 curam
1255 1969 1432 2000 inventam
1458 1967 1566 2000 fuisse
1593 1967 1699 1999 vesti-

264 2023 464 2048 mentorum
494 2027 616 2056 causa,
643 2017 940 2061 quemadmodum
967 2018 1003 2050 in
1029 2016 1188 2048 oratione
1213 2015 1256 2046 de
1282 2025 1341 2046 sex
1367 2013 1503 2046 dierum
1530 2013 1698 2058 operibus

265 2062 313 2094 IX
330 2062 596 2104 Chrysostomus
612 2064 738 2108 inquit.
766 2063 925 2096 eiusdem
953 2065 1003 2096 rei
1028 2063 1133 2096 fidem
1149 2061 1215 2094 tibi
1244 2062 1386 2093 litterae
1411 2071 1528 2094 sacrae
1554 2061 1699 2101 facient,

266 2108 311 2140 de
337 2109 486 2152 primum
531 2109 686 2142 formatis
712 2110 916 2144 hominibus
949 2112 999 2143 ita
1035 2110 1219 2155 loquentes
1246 2108 1350 2152 (Gen.
1375 2108 1393 2140 3
1419 2108 1478 2152 αι)
1505 2111 1568 2148 „et
1590 2107 1700 2152 pelli-

268 2155 339 2187 ceis
368 2155 499 2187 tunicis
528 2167 586 2188 eos
610 2156 696 2190 deus
724 2157 875 2190 induit.’'
897 2169 978 2190 nam
1000 2156 1068 2190 hoc
1099 2156 1174 2200 ipso
1203 2154 1288 2187 deus
1314 2160 1350 2187 et
1377 2154 1569 2187 utilitatem
1593 2153 1700 2186 huius

266 2201 416 2233 amictus
457 2202 615 2236 ostendit
644 2209 680 2236 et
714 2205 978 2250 simplieitatem
1016 2202 1277 2236 inelaboratam.
1315 2201 1431 2234 voluit
1469 2201 1561 2234 enim
1603 2206 1699 2233 certo

270 2248 420 2280 consilio
467 2248 510 2280 de
536 2249 624 2282 lanis
663 2251 781 2283 ovium
813 2257 928 2285 vestes
954 2249 1155 2284 hominibus
1181 2249 1258 2280 fieri
1274 2274 1282 2288 ‚
1317 2247 1388 2280 alia
1409 2253 1503 2280 certe
1530 2246 1630 2280 nulla
1655 2246 1700 2279 de

270 2305 376 2327 causa
413 2306 518 2339 quam
553 2301 593 2328 ut
629 2301 873 2341 tegumentum
901 2297 1095 2336 haberent,
1126 2306 1196 2327 neu
1232 2295 1380 2327 rationis
1418 2294 1487 2327 hoc
1522 2294 1701 2338 particeps

273 2341 422 2382 animal,
456 2341 639 2376 brutorum
674 2356 788 2386 more,
829 2344 980 2390 quadam
1015 2354 1092 2376 cum
1125 2341 1348 2374 deformitate
1378 2351 1418 2373 ac
1449 2340 1702 2373 inverecundia

274 2387 410 2420 nudum
436 2388 626 2422 incederet.
651 2396 686 2424 et
709 2391 854 2436 quidem
877 2392 935 2425 hic
957 2391 1242 2424 vestimentorum
1268 2389 1414 2420 amictus
1439 2392 1612 2431 perpetua
1635 2397 1702 2419 no-

274 2435 330 2467 bis
355 2435 401 2467 sit
436 2436 724 2470 commonefaetio
764 2439 882 2483 lapsus
922 2439 997 2471 eius
1037 2447 1105 2481 quo
1133 2435 1239 2467 tantis
1263 2435 1367 2466 bonis
1395 2432 1612 2474 excidimus,
1639 2433 1702 2466 de—

275 2492 346 2525 que
375 2491 490 2525 poena
523 2493 586 2514 nos
612 2483 754 2517 erudiat
782 2496 853 2530 qua
887 2497 996 2530 genus
1027 2482 1219 2515 humanum
1252 2486 1398 2526 propter
1419 2479 1702 2514 inobedientiam

275 2527 449 2560 adficitur.

368 2574 554 2608 Caeterum
593 2574 680 2608 haec
714 2587 856 2622 quoque
891 2577 976 2611 deus
1015 2575 1058 2609 ad
1080 2574 1250 2608 Adamum
1288 2573 1439 2618 protulit
1462 2572 1567 2615 (Gen.
1593 2582 1612 2605 2
1645 2573 1701 2617 17)

276 2620 465 2661 „om-nibus
493 2620 646 2666 paradisi
671 2623 852 2658 arboribus
875 2623 1042 2664 vesceris,
1073 2627 1212 2667 praeter
1235 2619 1395 2653 arborem
1419 2619 1590 2652 scientiae
1614 2618 1702 2652 boni

278 2672 385 2711 atque
421 2668 514 2700 mali.
550 2679 632 2701 nam
664 2680 703 2701 ea
740 2681 953 2716 quocunque
977 2670 1035 2703 die
1059 2668 1272 2707 vescemini,
1295 2673 1406 2700 morte
1430 2665 1701 2699 multabimini.”

276 2719 436 2747 accurate
464 2714 564 2755 heic,
593 2714 723 2748 dilecte
749 2717 812 2757 fili,
838 2717 925 2763 quid
951 2717 1088 2750 dicatur
1111 2714 1293 2748 advertito.
1318 2725 1398 2746 nam
1424 2712 1595 2746 dissentio
1626 2724 1700 2746 non

281 2760 406 2804 exigua
443 2761 701 2807 propemodum
735 2763 828 2796 inter
863 2776 981 2797 omnes
1017 2768 1068 2795 est
1093 2768 1165 2795 tum
1204 2760 1248 2794 de
1276 2760 1410 2794 arboris
1449 2759 1552 2793 huius
1577 2763 1707 2793 natura‘
