1826 3120
602 140 885 182 ANNALmM
925 139 1060 182 mas
1090 111 1123 182 i.
1483 140 1589 196 207

229 244 340 288 Kal
363 246 606 299 χιτῶνας
635 244 1004 298 δερματίνους
1028 245 1287 286 ἐνέδυσεν
1316 243 1542 292 αὐτούς.
1573 239 1724 299 ‹il-{109

145 313 223 367 μὲν
263 307 337 354 οὖν
365 314 480 361 θεῖος
507 313 547 352 Γ
546 309 740 366 ρηγόριος
775 307 796 350 ὃ
827 309 1000 364 Nico-279
1042 311 1172 366 φησίν
1200 307 1266 352 ὅτι
1291 310 1475 364 χιτῶνας
1502 311 1598 364 δερ-

147 379 348 433 ματύιους
374 377 591 432 ἐπιβάλλει
621 382 706 425 τοῖς
734 374 1075 432 πρωτοπλάστοις
1103 376 1126 417 ὅ
1161 375 1327 431 κύριος,
1356 376 1406 418 οὗ
1438 377 1597 430 δέρμα-

145 461 197 488 τοι
227 445 289 488 δέ.
346 444 477 487 ποίων
504 443 586 499 γάρ
610 444 952 499 ’ἀποσφαγέντων
976 440 1094 492 ζώων
1121 443 1195 484 καί
1223 444 1434 498 ὃαρὲντων
1462 444 1604 488 ἐπινο-,

108 517 253 561 §estat
281 512 422 561 αὐτοῖς
451 511 475 566 ἦ
507 507 705 565 περιβολή
727 526 740 560 ,-
780 511 826 550 ἐκ
852 510 926 561 τῆς
964 509 1046 562 τῶν
1075 509 1237 561 α’λόγων
1264 507 1413 551 λοιπὸν
1432 508 1601 565 φύσεως

145 577 367 634 νεκρότητα
395 579 623 620 ἐντέθεικεν
654 576 920 628 οἰκονομικῶς
948 577 998 631 τῇ
1027 577 1088 624 εἰς
1116 576 1357 618 ἀθανασίαν
1386 578 1599 633 κτισθείσῃ

147 646 301 702 φύσει,
346 644 414 687 ἴνα
453 641 514 698 μὴ
555 641 763 684 ἀθάνατον
802 636 830 698 ᾗ
859 639 905 682 τό
937 639 1078 683 κακόν.
1148 640 1170 682 ὁ
1216 643 1263 684 δὲ
1288 642 1638 697 χρυσορρήμωνΒ

140 712 338 767 Ἰωάννης
366 708 475 753 κατά
505 708 552 751 τὸ
582 706 759 762 γράμμα
786 706 885 757 τούς
910 707 1126 756 τοιούτους
1168 706 1444 762 ἐκλαμβάνων
1471 711 1602 763 χιτῶ-

149 794 226 828 νας
254 781 328 821 καί
364 775 466 821 τάδε
504 778 647 832 φησίν.
705 771 770 828 „el
811 773 944 815 πόθεν
971 772 1208 830 εὗρέθησαν
1238 773 1291 816 τὰ
1322 776 1511 828 δέρματα
1540 775 1600 830 μὴ

87 863 135 890 ιο
147 846 390 902 σφαγέντων
418 843 499 885 τῶν
534 839 674 894 ζώων,
703 840 1047 897 φιλοτιμούμενοι
1076 843 1268 894 λέγουσιν
1294 841 1333 883 οἱ
1365 841 1601 897 ἅλληγορη..

145 912 240 964 ταί,
271 910 422 952 οὐκοῦν
460 908 599 950 α’κοὺω
626 905 738 962 κιίγώ
771 902 877 960 αἷμα
913 907 957 949 ἐν
981 904 1207 964 Αἰγύπτῳ,
1236 909 1309 949 καί
1337 909 1446 962 ζητῶ
1471 906 1602 950 πόθεν

143 978 347 1032 μετέβαλε
367 974 441 1018 τὸν
460 978 615 1018 Νεῖλον
643 974 704 1024 εἰς
733 969 864 1027 αἷμα,
890 979 990 1015 ποῖα
1020 971 1148 1016 ἔθυσε
1180 975 1292 1036 pam,-
1319 977 1392 1016 καί
1419 971 1442 1016 ὅ
1468 990 1598 1017 ποτα-

145 1043 227 1100 μός
253 1045 418 1099 γέγονεν
447 1044 527 1091 εἷς.
555 1037 686 1095 αἷμα,
729 1041 801 1082 καί
832 1041 956 1082 ου’δὲν
993 1035 1099 1093 αἷμα
1140 1039 1274 1096 ἐτύθη
1315 1039 1447 1093 ζώων.
1506 1045 1602 1098 δέρ-

145 1127 260 1165 ματα
303 1109 380 1152 δύο
417 1109 584 1164 γέγονε,
628 1110 701 1149 καί
739 1108 934 1161 ζητοῦσιν
971 1102 1052 1149 ἀπὸ
1092 1108 1223 1149 ποίων
1266 1107 1385 1159 ζώων
1425 1110 1598 1164 ἐγένετο.
1615 1124 1652 1158 ν,
1667 1126 1712 1159 33

87 1178 241 1226 ι5οἶλλ’
281 1174 422 1232 ὥσπερ
468 1177 559 1218 ἐκεῖ
596 1173 715 1224 ἐκτὸς
758 1173 867 1227 ζώου
906 1170 1035 1228 αἷμα,
1079 1170 1210 1224 οὕτως
1258 1175 1446 1218 ἐνταῦθα
1482 1175 1601 1226 ἐκτός
1764 1169 1766 1171 V

148 1244 258 1297 ζώου
286 1245 460 1300 &eppa-'²

258 1313 299 1354 Γ
297 1311 445 1353 ι’νωσκε
470 1311 516 1351 δὲ
546 1305 613 1351 ὅτι
643 1309 694 1350 ου’
722 1309 919 1351 τοσοῦτον
946 1305 968 1350 ὅ
998 1305 1136 1362 πατὴρ
1158 1309 1230 1350 ἐπὶ
1255 1310 1306 1365 τῇ
1331 1310 1412 1351 τῶν
1437 1310 1601 1351 παιῖῖων

147 1378 370 1434 ἀνατροφῇ
406 1378 590 1433 μεριμνᾷ
632 1372 688 1425 ὦς
728 1372 753 1430 ἦ
783 1374 943 1431 μήτηρ,
986 1371 1046 1417 ὅτι
1069 1373 1141 1417 καί
1167 1374 1275 1430 αὐτὴ
1307 1374 1397 1418 τότε
1423 1371 1640 1431 ἤκουσενῦ

146 1447 223 1500 ,,ε’ν
251 1443 403 1493 λύπαις
441 1447 535 1500 τέξῃ
571 1444 717 1485 τέκνα·
786 1439 1095 1498 ἐπικατάρατος
1140 1441 1166 1496 ἦ
1206 1444 1260 1496 γῆ
1287 1443 1332 1484 ἐν
1353 1447 1436 1492 τοῖς
1464 1442 1603 1497 ἔργοις

84 1528 135 1557 20
147 1513 267 1555 σου.”
342 1508 422 1564 ἐγώ
454 1507 710 1563 ἁμαρτάνω,
751 1508 825 1549 καί
857 1508 882 1563 ἦ
907 1511 960 1563 γῆ
992 1514 1083 1558 ταῖς
1113 1507 1316 1565 ἀφορίαις
1340 1510 1598 1562 μαστίζεται.

148 1577 447 1632 ἐπικατάρατος
477 1576 503 1631 ἦ
529 1577 583 1631 γῆ
611 1574 682 1617 διὰ
711 1575 760 1616 τά
792 1571 892 1628 ἔργα
921 1574 1064 1630 ἡμῶν,
1096 1575 1313 1616 τουτέστιν
1343 1576 1425 1629 οὐχ
1454 1574 1601 1628 ἕτοιμα

149 1645 414 1701 εὑρίσκονται
458 1642 540 1684 ἀπὸ
572 1644 645 1698 γῆς
682 1639 730 1684 τά
760 1642 922 1683 ἐκεῖθεν
964 1641 1249 1695 (ἱναὸιδόμενα
1277 1636 1416 1697 ὥσπερ
1449 1640 1500 1697 δή
1531 1642 1605 1684 καὶ

243 1758 405 1797 Tunicis‚
432 1757 604 1801 inquiunt
628 1756 772 1788 litterae
799 1766 927 1795 sacrae,
954 1755 1118 1800 pelliceis
1145 1754 1263 1788 induit
1289 1766 1359 1788 eos.
1387 1755 1499 1788 tradit
1523 1754 1603 1788 heic

151 1805 343 1850 Gregorius
369 1805 518 1837 antistes
544 1804 726 1846 Ryssenus
754 1802 935 1834 dominnm
964 1803 1128 1846 pelliceis
1155 1802 1301 1847 quidem
1327 1802 1458 1835 tunicis
1482 1802 1602 1835 homi-

149 1865 213 1887 nes
236 1854 318 1886 illos
348 1852 509 1897 principe
548 1851 627 1883 loco
662 1850 831 1882 formatos
858 1849 1076 1890 amicivisse‚
1101 1861 1174 1883 non
1199 1855 1317 1881 autem
1343 1848 1512 1893 pellibus.
1544 1856 1602 1884 et-

150 1902 245 1935 enim
271 1900 420 1946 quibus,
444 1899 614 1938 obsecro,
642 1897 805 1930 mactatis
833 1895 1048 1938 animalibus
1074 1896 1187 1940 pelles
1212 1895 1391 1937 detraxit,
1418 1901 1458 1929 ut
1483 1896 1602 1930 homi-

149 1949 257 1982 nibus
283 1947 453 1980 amictum
478 1945 676 1991 reperiret?
703 1949 814 1977 restat
839 1944 947 1986 igitur
971 1943 1076 1975 deum
1100 1948 1196 1975 certo
1222 1944 1375 1976 consilio
1403 1943 1448 1975 de
1473 1950 1600 1978 natura

149 1997 334 2030 brutorum
355 1995 506 2039 petitam
526 1992 780 2026 mortalitatem
803 1990 975 2023 indidisse
994 1996 1142 2023 naturae
1167 1990 1251 2023 huie
1275 1991 1319 2024 ad
1347 1991 1600 2025 immortalita-

148 2049 224 2078 tem
246 2042 435 2083 conditae,
472 2052 518 2074 ne
541 2041 676 2073 malum
700 2045 915 2083 perpetuum
942 2037 1045 2070 foret.
1094 2037 1270 2071 Iohannes
1299 2044 1417 2071 autem
1445 2038 1598 2083 Chryso—

149 2097 284 2124 stomus
307 2089 413 2123 hasce
440 2089 579 2122 tunicas
604 2087 823 2130 intelligens,
850 2091 890 2118 ut
914 2085 1022 2117 verba
1048 2091 1186 2126 sonant,
1212 2086 1331 2131 inquit
1357 2086 1409 2126 „si
1436 2086 1517 2130 quis
1542 2093 1599 2120 est

149 2138 334 2172 hominum
369 2138 407 2170 in
445 2137 534 2169 alios
577 2146 699 2168 sensus
727 2134 858 2178 scripta
894 2144 991 2164 sacra
1014 2133 1277 2178 torquentium,
1320 2134 1380 2178 qui
1408 2133 1598 2167 ambitiose

148 2191 250 2230 roget
274 2184 370 2218 unde
394 2184 508 2229 pelles
533 2184 622 2215 istae
650 2187 811 2226 repertae
842 2180 992 2221 fuerint,
1026 2192 1103 2212 cum
1129 2181 1297 2213 animalia
1320 2181 1420 2213 nulla
1444 2188 1597 2215 mactata

149 2233 270 2267 forent
286 2258 295 2274 ,
321 2233 350 2265 is
378 2232 469 2264 sciat
492 2241 548 2263 me
572 2240 719 2275 quoque
745 2228 950 2261 audientem
976 2226 1020 2260 de
1048 2227 1199 2273 Aegypti
1224 2229 1395 2272 sanguine
1419 2229 1508 2262 scire
1534 2241 1597 2262 cu-

149 2291 235 2326 pere
259 2291 330 2325 quo
355 2285 460 2324 pacto
489 2278 576 2311 deus
602 2277 723 2309 Nilum
748 2277 785 2309 in
805 2275 1012 2319 sanguinem
1038 2276 1265 2318 converterit,
1292 2277 1496 2321 qualianam
1521 2289 1597 2310 ma-

150 2328 256 2361 ctarit
285 2325 477 2359 animalia?
501 2325 668 2358 nimirum
706 2325 743 2356 in
769 2323 977 2366 sanguinein
1011 2328 1247 2356 commutatus
1274 2329 1328 2356 est
1354 2324 1466 2356 amnis
1482 2350 1491 2364 ‚
1517 2336 1597 2357 cum

151 2375 284 2408 animal
320 2374 459 2407 nullum
495 2378 686 2406 mactatum
725 2376 825 2404 esset.
859 2369 983 2402 itidem
1016 2370 1129 2414 pelles
1158 2372 1324 2404 exstitere
1349 2371 1462 2412 duae,
1487 2378 1596 2416 atque

153 2421 207 2454 illi
236 2427 415 2467 quaerunt
451 2420 494 2453 de
522 2419 654 2464 quibus
681 2418 892 2451 animalibus
932 2424 1093 2462 sumptae
1118 2418 1280 2452 fuerint?
1312 2424 1350 2451 ut
1378 2419 1429 2451 ibi
1459 2419 1597 2452 scilicet

153 2468 286 2513 absque
314 2469 459 2501 animali
485 2468 626 2511 sanguis
657 2473 756 2507 erat,
783 2467 832 2498 ita
858 2464 938 2496 heic
963 2464 1096 2510 absque
1122 2466 1267 2498 animali
1295 2466 1436 2511 pellis.''

248 2515 321 2550 Hoc
355 2527 501 2561 quoque
536 2515 625 2547 scire
657 2514 789 2553 debes,
822 2524 894 2544 nnn
925 2518 1111 2557 tantopere
1151 2519 1288 2558 patrem
1326 2513 1371 2546 de
1400 2513 1595 2547 liberorum

154 2562 363 2596 educatione
388 2564 580 2596 sollicitum
609 2573 684 2594 esse
710 2567 817 2606 atque
843 2565 956 2592 mater
980 2565 1053 2600 est,
1081 2561 1214 2605 quippe
1239 2572 1330 2606 quae
1358 2560 1395 2593 id
1424 2562 1594 2606 temporis

154 2609 222 2642 sibi
252 2609 320 2642 dici
358 2610 534 2645 audiverit
560 2609 654 2656 (Gen
678 2610 696 2641 3
730 2610 782 2654 ιθ)
814 2619 918 2648 „cum
946 2606 1068 2640 dolore
1092 2614 1195 2640 natos
1220 2609 1369 2652 paries.''
1397 2607 1593 2641 secundum

155 2657 244 2689 haec
268 2656 354 2689 deus
392 2658 441 2691 ait
476 2657 744 2698 „exsecratione
783 2654 936 2700 quadam
969 2655 1098 2687 infelix
1133 2656 1200 2689 erit
1224 2655 1349 2687 humus
1375 2661 1523 2700 propter
1552 2667 1593 2689 ea

154 2714 246 2748 quae
271 2703 494 2747 ‹lesignasti.’'
519 2705 688 2738 nimirum
720 2714 775 2735 me
803 2707 973 2747 peccante
1014 2703 1128 2735 solum
1155 2703 1347 2736 sterilitate
1374 2702 1592 2748 flagellatur,

154 2753 315 2797 adeoque
340 2750 467 2784 infelix
491 2749 618 2785 humus
648 2756 702 2785 est
719 2750 915 2784 sucinorum
938 2755 1135 2785 nostrorum
1163 2762 1285 2784 causa:
1313 2750 1382 2783 hoc
1411 2757 1475 2792 est,
1500 2762 1592 2798 quae
