1826 3120
279 141 380 197 190
711 135 1000 179 MmuAEms
1040 136 1258 179 GLYCAE

265 270 341 304 νιος
370 256 442 296 εἶπ’
472 253 623 308 α’ρχῆς,
652 246 710 298 ὥς
737 265 847 297 τινες
866 246 1139 306 ὑπειλήφασι,
1167 248 1240 290 καί
1255 251 1406 293 πεινῶν
1434 247 1487 296 ἂν
1515 251 1560 303 ἐξ
1588 249 1715 305 α’νοὶγ·

265 337 339 375 κης
368 315 419 374 ἦν
445 319 519 359 καί
550 317 679 372 ῥιγῶν
706 317 778 357 καί
807 314 1081 368 κοιμώμενος.
1108 316 1149 357 εἰ
1175 315 1222 357 δὲ
1250 317 1432 366 τοιοῦτος
1460 317 1614 367 ἐκεῖνος
1643 311 1713 371 ἦν,

264 383 438 440 εὔδηλον
483 380 645 430 πάντως
684 378 750 423 ὅτι
787 379 942 436 θνητὸς
982 376 1034 436 ἧν
1081 381 1153 423 ἀπ’
1198 381 1336 436 ἀρχῆς
1376 380 1450 424 καὶ
1490 381 1712 439 φθαρτός·

264 448 470 492 ἀδύνατον
499 447 578 503 γὰρ
610 444 834 504 ἄφθαρτον
860 449 1073 500 διαμένειν
1090 478 1102 501 ,
1131 444 1188 496 ὥς
1217 445 1238 487 ὅ
1267 447 1548 504 Δαμασκηνὸς
1576 447 1716 493 Ἰωάν-

263 533 334 570 νης
363 514 492 572 φησί,
521 513 592 556 τὸν
622 517 827 568 αἰσθητῆς
855 515 1052 567 βρώσεως
1077 515 1121 556 ἐν
1141 517 1340 572 μετουσίᾳ
1367 512 1596 568 γενόμενον.
1622 515 1752 560 α’λλ’5

264 579 371 639 ἄφες
396 580 571 630 αὐτούς·
628 578 652 635 ἧ
681 579 760 634 γάρ
789 580 1134 635 ἆναγεγραμμένη
1153 579 1252 634 ἁγία
1282 582 1458 630 σύνοδος
1483 576 1592 623 οὕτω
1617 583 1718 638 περὶ

263 651 338 690 τοῦ
368 645 538 700 πρώτου
585 645 809 701 ἀνθρώπου
844 652 1014 702 φρονεῖν
1044 648 1234 699 ου’δαμοῦ
1261 652 1486 700 συγχωρεῖ.
1546 647 1717 697 διέξεισι

263 713 343 768 γάρ
388 711 500 754 οὕτω
539 713 641 755 κατὰ
682 715 791 762 λέξιν
834 711 905 765 ,,εὶ’
926 729 988 761 τις
1013 715 1120 767 λέγει
1161 712 1233 755 τὸν
1259 711 1397 765 Ἀδάμ
1425 710 1582 768 θνητὸν
1609 716 1716 754 πλα-

263 783 418 835 σθῆναι
458 778 572 833 παρὰ
617 781 722 820 θεοῦ
762 778 834 819 καί
870 777 929 834 μὴ
969 778 1076 832 μετα
1106 777 1181 834 τὴν
1221 776 1434 834 ἁμαρτίαν
1475 780 1615 821 ἐλθεῖν
1656 779 1717 828 εἷς

266 847 461 903 φθοράν,
496 841 579 900 ἤτω
611 843 842 898 οἶνάθεμα.”
899 847 970 886 καί
996 844 1094 898 περὶ
1119 848 1198 897 μὲν
1225 843 1385 887 τούτων
1414 842 1558 895 οὕτως.
1731 859 1780 888 ιο

137 914 171 947 P·
191 924 252 947 ¹0⁰
379 911 613 954 Φυτεύεται
661 912 706 952 δὲ
752 909 865 964 ὅμως
906 914 950 954 ὲν
979 914 1222 969 παραδείσῳ
1248 911 1322 953 καί
1346 913 1533 954 τοιοῦτον
1557 907 1713 968 φυτόν,

265 974 337 1034 ἀφ’
365 971 418 1019 οὗ
445 975 676 1019 κεκώλυται
702 975 760 1031 μή
793 983 944 1033 φαγεῖν
972 977 992 1018 ὅ
1027 975 1172 1030 Ἀδάμ.
1238 979 1346 1027 τίνος
1378 977 1536 1031 ἓνεκενς
1566 976 1623 1026 ὥς
1650 978 1717 1019 ἐν·

263 1047 412 1086 τεῦθεν
440 1043 723 1098 ἐπιγινώσκειν
751 1042 824 1085 τὸν
854 1042 1065 1086 τοσούτων
1093 1040 1267 1097 ἀγαθῶν
1298 1046 1517 1098 παροχέα,
1559 1045 1633 1086 καί
1660 1039 1718 1094 ὥς

262 1108 346 1151 ὑπὸ
376 1109 577 1164 δεσπότην
616 1108 745 1159 αΰτός
777 1112 887 1162 ἐστι,
925 1108 1037 1150 καθά
1069 1126 1197 1166 φησιν
1235 1109 1255 1152 ὅ
1295 1109 1370 1164 τήν
1397 1112 1584 1164 γλῶτταν
1607 1125 1717 1166 χρυ-

262 1178 388 1228 σοῦς,
432 1175 505 1217 καί
540 1174 599 1230 μὴ
629 1176 816 1218 τοιοῦτον
845 1178 996 1216 παθεῖν
1035 1177 1078 1226 ἐξ
1108 1172 1305 1226 ἀπονοίας
1333 1175 1473 1219 ὁποῖον
1501 1174 1662 1221 ἔπαθεν
1690 1173 1714 1217 ὅ
1732 1174 1779 1218 15

264 1241 403 1284 πεσών
426 1239 684 1297 Ἑωσφόρος,
719 1240 793 1295 τὴν
824 1243 1022 1283 δοθεῖσαν
1054 1243 1171 1300 αὐτῷ
1197 1242 1470 1297 λαμπρότητα
1497 1241 1556 1297 μή
1587 1244 1716 1297 δυνη-

265 1307 355 1356 θείς
395 1309 587 1361 ἐνεγκεῖν.
645 1305 751 1349 α’λλοὶ
792 1305 874 1362 γὰρ
918 1310 1009 1348 τίνα
1052 1307 1104 1349 τά
1138 1307 1239 1361 μετά
1272 1310 1435 1359 ταῦτας
1463 1308 1717 1363 παραβαίνει

265 1374 342 1428 τήν
370 1372 548 1427 ἐντολήν,
579 1369 753 1415 ἅπτεται
782 1376 858 1414 τοῦ
889 1374 1037 1429 φυτοῦ,
1067 1377 1295 1427 γυμνοῦται
1325 1367 1574 1430 τηνικαῦτα,
1604 1375 1717 1430 φθο-

265 1443 320 1497 ρᾷ
363 1442 625 1494 περιπίπτει,
669 1442 747 1481 τοῦ
787 1441 1046 1494 παραδείσου
1092 1440 1359 1495 ἐκβάλλεται,
1401 1437 1595 1495 γινώσκει
1635 1437 1714 1494 τήν

265 1502 395 1559 Εὕαν,
423 1507 546 1562 γεννᾷ
571 1512 682 1561 τρεῖς
712 1504 840 1558 υἱούς,
872 1504 946 1548 τὸν
974 1507 1088 1548 Καῒν
1108 1506 1180 1548 τὸν
1202 1507 1326 1560 ’Λβὲλ
1356 1509 1430 1548 καί
1454 1505 1522 1548 τὸν
1549 1505 1659 1561 Σήθ.
1726 1521 1777 1548 20

227 1573 254 1605 Β
380 1570 581 1627 Πρόσεχε
619 1572 689 1625 δέ,
738 1573 946 1627 α’γαπητέ,
989 1571 1063 1614 καί
1097 1571 1155 1627 μή
1188 1573 1459 1628 συναρπάζου
1484 1578 1571 1623 τοῖς
1599 1568 1712 1614 οὕτω

265 1762 354 1807 quid
383 1761 523 1806 prolixa
548 1760 767 1794 indicatione
793 1773 883 1807 opus
913 1763 996 1796 est?
1022 1764 1051 1796 si
1077 1763 1183 1797 homo
1206 1765 1250 1798 ab
1276 1766 1381 1799 initio
1398 1767 1610 1802 nutrimenti
1629 1780 1711 1814 ege-

264 1810 329 1843 bat
351 1808 395 1841 de
421 1808 646 1853 quorundam
669 1809 851 1853 opinione,
874 1811 1039 1843 nimirum
1059 1813 1260 1846 necessario
1287 1814 1449 1858 sequitur
1467 1815 1573 1848 etiam
1591 1816 1712 1861 ipsum

266 1856 456 1895 esuriisse,
494 1855 605 1899 frigus
643 1856 853 1900 pertulisse,
899 1856 1096 1891 dormiisse.
1124 1859 1153 1892 si
1176 1860 1258 1892 talis
1288 1866 1383 1901 erat,
1404 1861 1631 1896 manifestum
1657 1869 1713 1898 est

266 1905 376 1937 etiam
402 1902 445 1934 ab
471 1902 576 1935 initio
614 1902 723 1935 fuisse
748 1904 936 1937 mortalem
959 1911 996 1938 et
1030 1906 1192 1938 interitui
1218 1906 1432 1940 obnoxium:
1460 1911 1590 1955 nequit
1614 1911 1712 1944 enim

264 1950 363 1991 fieri,
389 1949 690 1994 quemadmodum
722 1950 899 1984 Iohannes
924 1952 1163 1985 Damascenus
1201 1953 1273 1994 ait,
1306 1959 1346 1987 ut
1379 1966 1505 1999 expers
1540 1957 1710 1992 interitus

264 2002 409 2030 maneat
447 1997 509 2040 qui
550 1996 629 2029 cibo
654 1998 778 2030 sensili
812 1999 954 2031 fruitur.
996 2000 1120 2032 missos
1153 2000 1262 2044 igitur
1284 2000 1366 2034 illos
1402 2002 1535 2044 facies,
1562 2004 1710 2050 quando

267 2044 428 2088 superius
453 2042 611 2076 indicata
635 2044 791 2087 synodus
816 2046 867 2078 ita
891 2058 955 2079 nos
976 2046 1020 2079 de
1046 2046 1190 2080 homine
1215 2047 1348 2080 sentire
1370 2059 1443 2082 non
1467 2051 1618 2095 patitur,
1646 2063 1711 2086 cu-

267 2091 321 2123 ius
347 2090 436 2122 haec
462 2101 626 2134 expressa
650 2092 758 2124 verba
783 2098 867 2126 sunt
890 2093 945 2133 „si
972 2093 1052 2138 quis
1072 2093 1160 2126 dicit
1181 2093 1355 2127 Adamum
1383 2107 1402 2127 a
1430 2096 1498 2130 deo
1523 2098 1710 2133 conditum

268 2148 346 2170 esse
377 2138 583 2177 mortalem,
609 2149 648 2169 ac
672 2149 745 2172 non
769 2146 852 2183 post
877 2147 1061 2184 peccatum
1085 2141 1292 2186 prolapsum
1330 2154 1407 2176 esse
1435 2145 1473 2177 in
1499 2145 1708 2189 interitum,

268 2183 498 2216 exsecrabilis
534 2185 642 2217 esto.⁷’
678 2197 719 2218 ac
758 2186 804 2219 de
845 2186 902 2220 his
946 2187 1093 2233 quidem
1136 2188 1174 2220 in
1218 2187 1315 2222 hunc
1356 2191 1504 2225 modum
1545 2191 1710 2239 disputa-

268 2237 344 2264 tum
373 2236 461 2262 esto.

363 2277 551 2310 Caeterum
589 2278 825 2312 nihilominus
856 2281 947 2314 sevit
982 2280 1155 2314 eiusmodi
1195 2281 1357 2316 arborem
1388 2284 1477 2318 deus
1501 2286 1540 2319 in
1561 2288 1708 2331 paradi-

269 2336 331 2365 so,
359 2323 403 2356 de
429 2335 499 2368 qua
523 2326 616 2357 vesci
640 2326 813 2359 Adamum
852 2329 979 2362 vetuit.
1005 2328 1237 2374 quamobrem
1262 2330 1383 2365 istuc?
1411 2338 1451 2365 ut
1474 2331 1561 2366 hinc
1585 2340 1708 2369 tanto-

270 2383 348 2404 rum
386 2371 560 2403 bonorum
586 2373 893 2417 suppeditatorem
918 2381 1151 2419 agnosceret,
1182 2387 1293 2421 seque
1332 2377 1475 2413 domino
1503 2380 1707 2416 subiectum

271 2419 379 2451 sciret
405 2417 523 2462 (lubet
549 2420 641 2450 euim
666 2433 743 2452 cum
758 2420 1008 2464 Chrysostoino
1033 2422 1170 2469 loqui),
1193 2434 1263 2455 neu
1291 2425 1380 2468 quid
1405 2426 1438 2458 ei
1463 2427 1537 2459 tale
1565 2429 1708 2463 accide-

271 2471 325 2498 ret
348 2464 546 2498 cuiusmodi
579 2466 678 2509 lapso
715 2468 880 2501 Lucifero
920 2470 1087 2503 usuvenit
1102 2495 1110 2510 ,
1128 2474 1133 2481 ’
1151 2470 1214 2514 qui
1236 2482 1438 2505 concessam
1462 2472 1533 2507 sihi
1557 2475 1706 2519 gloriam

270 2524 311 2544 ac
335 2511 562 2557 splendorem
605 2513 696 2545 ferre
732 2526 805 2548 non
846 2517 975 2560 potuit.
1001 2522 1037 2550 at
1078 2516 1171 2549 enim
1196 2518 1285 2562 quid
1315 2519 1509 2556 secundum
1535 2522 1624 2556 haec
1649 2524 1705 2556 fa-

270 2559 391 2592 ctum?
433 2558 640 2592 mandatum
678 2563 937 2606 transgreditur
968 2563 1143 2604 Adamus,
1179 2575 1222 2596 ex
1248 2564 1375 2599 arbore
1400 2566 1578 2612 decerpit,
1604 2570 1703 2603 illico

270 2605 388 2639 nudus
426 2606 593 2646 efficitur,
632 2607 794 2640 interitui
834 2610 875 2642 fit
898 2611 1094 2651 obnoxius,
1128 2611 1293 2655 paradiso
1332 2613 1491 2655 eiicitur‚
1526 2627 1605 2650 cum
1633 2617 1704 2652 Eva

271 2651 399 2692 cubat,
430 2659 501 2686 tres
528 2653 619 2686 filios
647 2654 774 2697 gignit,
801 2656 949 2690 Cninum
976 2657 1128 2690 Abelum
1154 2658 1313 2691 Sethum.

362 2700 480 2745 Atque
504 2700 584 2734 heic
607 2699 694 2734 mihi
722 2703 920 2747 prudenter
944 2705 1101 2740 animum
1125 2704 1326 2748 advertito,
1352 2706 1485 2742 dilecte
1511 2709 1586 2753 fili,
1614 2722 1703 2747 neve
