1826 3120
246 140 348 207 140
687 157 974 201 MicHAEms
1014 159 1230 202 GLYCAE

233 261 436 314 ψυχοῦσα
462 260 583 302 οὐδὲν
600 254 716 314 ἦττον
745 262 813 315 ἐφ’
850 257 1003 316 ἑαυτῆς
1029 263 1188 317 ἕστηκε.
1245 259 1292 303 τί
1314 263 1360 304 δέ
1387 265 1474 306 ἐστι
1501 260 1549 315 τὸ
1576 278 1677 306 συν-

233 329 501 378 εκτεταμὲνον
547 326 604 382 τῷ
650 324 814 378 σώματι
852 325 924 368 καί
971 327 1105 378 ζωοῦν
1145 325 1250 369 αὐτό
1267 344 1282 380 ,-
1321 327 1348 383 ἤ
1391 327 1522 384 φύσις
1549 325 1625 370 καί
1649 328 1678 384 ἦ

235 387 381 445 ἄλογος
411 388 512 445 ζωή.
571 390 672 431 οὐδὲ
702 389 784 446 γάρ
814 387 866 448 ἦν
894 393 1099 449 εὐπρεπὲς
1124 393 1183 451 τῷ
1214 398 1349 447 παχεῖ’
1369 396 1679 450 προσομιλῆσαι

233 457 394 509 σώματι
421 455 496 511 τὴν
542 456 690 511 ψυχὴν
729 451 832 500 ἄνευ
856 456 970 507 τινὸς
998 461 1246 515 προσφυοῦς
1274 465 1358 509 τοῖς
1383 453 1526 514 ἄκροις
1555 459 1679 515 μεσό-

230 538 358 576 τητος.
414 524 487 563 καί
525 518 630 577 αὕτη
666 524 744 576 μὲν
782 522 863 579 πρὸ
899 527 973 580 τῆς
1019 527 1248 576 παντελοῦς
1276 523 1567 576 ἆποπνεύσεως
1590 531 1716 576 τοῖς5

232 589 508 643 ἀκρωτηρίοις
534 593 942 644 συναποσβέννυται,
977 591 1027 633 οὔ
1054 589 1140 646 μὴν
1179 594 1338 634 ἐκεῖθεν
1368 591 1598 648 ὖποχωρεῖ.
1623 588 1678 648 ἦν

229 652 307 708 γάρ
337 650 389 694 ἄν
416 653 627 704 ἀθάνατος
648 655 960 712 ἑπανερχομένη
989 656 1094 713 πρὸς
1123 654 1291 714 ἑαυτήν.
1347 657 1374 713 ἦ
1402 658 1451 700 δέ
1480 673 1528 712 γε
1554 657 1677 714 ψυχὴ

187 720 305 763 1)τοῦ
347 720 479 772 μέσου
519 720 667 763 τούτου
711 722 871 775 δεσμοῦ
908 724 1202 777 διαλυθέντος,
1244 722 1383 780 ὥσπερ
1413 725 1458 766 ἐν
1483 719 1679 782 α’τὸμῳῆ

229 785 334 842 ῥιπῇ
373 785 604 842 ὀφθαλμοῦ
621 819 633 841 ,
677 783 703 828 ὅ
743 804 873 844 φησιν
916 788 1168 843 ἀπόστολος,
1217 793 1293 832 τοῦ
1340 788 1535 844 σώματος
1573 789 1680 842 ἔξει..

227 867 286 893 σι.
355 851 429 893 καί
450 854 642 895 τοσαῦτα
669 855 748 908 μὲν
784 851 806 894 ὅ
838 854 959 910 λόγος
985 850 1065 912 ἤδη
1105 854 1295 914 διείληφε
1323 856 1424 913 περὶ
1449 857 1582 914 αὕτῆς
1606 858 1680 913 τῆς
1698 878 1743 904 ιο

227 919 383 973 ψυχῆς·

332 983 580 1038 Ἀναγκαῖον
621 986 669 1028 δὲ
707 988 1043 1044 προσδιατρῖψαι
1084 987 1235 1045 μικρὸν
1277 988 1352 1031 καὶ
1382 995 1471 1039 τοῖς
1499 987 1678 1032 ἔκπαλαι

225 1051 326 1105 περὶ
352 1050 485 1091 αὐτοῦ
522 1056 868 1108 φυσιολογηθεῖσι
905 1056 985 1096 τοῦ
1026 1052 1231 1109 σώματος.
1287 1057 1397 1107 τίνος
1425 1058 1587 1109 ἓνεκενς
1613 1053 1679 1098 ὅτι

225 1114 327 1157 κατὰ
360 1114 434 1171 τήν
463 1116 598 1159 αὐτοῦ
626 1118 817 1161 διάθεσιν
846 1117 997 1162 εἴωθεν
1028 1121 1055 1176 ἧ
1082 1119 1202 1176 ψυχή
1233 1123 1426 1177 ἐνεργεῖν.
1483 1122 1677 1176 καθάπερ

223 1180 302 1237 γὰρ
333 1180 355 1223 ὅ
391 1182 583 1238 λαμπρὸς
620 1177 741 1233 οὗτος
770 1182 889 1240 ἥλιος
913 1185 1018 1228 κατὰ
1049 1186 1127 1242 τήν
1170 1189 1244 1229 τοῦ
1275 1187 1399 1241 α’έρος
1427 1185 1510 1230 εἴτε
1540 1185 1744 1242 παχύ-[5

223 1265 327 1302 τητα
350 1245 431 1290 εἴτε
472 1250 701 1304 λεπτότητα
745 1250 851 1306 πρὸς
896 1252 1010 1306 ἡμᾶς
1036 1252 1110 1302 τὰς
1138 1254 1308 1302 α’κτῖνας
1337 1252 1541 1310 α’φίησιν,
1570 1249 1680 1296 οὕτω

223 1316 297 1355 καί
322 1312 446 1368 νοερὰ
474 1315 594 1370 ψυχὴ
622 1313 724 1358 κατοὶ
753 1316 831 1371 τὴν
861 1317 1040 1373 ὀργάνου
1073 1318 1268 1362 διάθεσιν
1290 1317 1364 1374 τήν
1390 1315 1540 1376 ἑαυτῆς
1565 1320 1681 1374 ἐνέρ->

223 1395 338 1433 γειαν
359 1379 583 1422 δείκνυσιν.
640 1382 838 1426 ἐντεῦθεν
857 1383 932 1425 καί
955 1384 1098 1441 μωρὸν
1127 1383 1242 1427 ἔστιν
1272 1386 1377 1427 ἰδεῖν
1404 1387 1476 1428 καὶ
1507 1383 1564 1440 μὴ
1594 1400 1679 1428 τοι-

227 1447 352 1486 οῦτον
367 1478 380 1498 ,
429 1443 610 1502 ὁπνηλόν
638 1450 711 1490 καί
735 1446 963 1504 γρήγορον,
991 1450 1174 1507 θυμώὸη
1206 1450 1280 1493 καί
1302 1453 1457 1506 πρᾶον,
1486 1452 1678 1506 ἀνδρεῖον

121 1513 154 1546 Ρ-
171 1512 214 1559 74
227 1513 298 1554 καί
328 1513 492 1567 δειλόν,
536 1513 609 1555 καί
636 1511 717 1557 ὅσα
740 1517 933 1558 τοιαῦτα.
988 1518 1062 1559 καί
1088 1516 1145 1572 μὴ
1175 1520 1317 1570 μῦθον
1346 1515 1453 1572 ἡγοῦ
1478 1516 1529 1560 τά
1558 1514 1675 1572 λεγό-
1689 1534 1742 1562 20

326 1639 375 1674 ¹7·
399 1626 468 1672 τὴν
493 1629 594 1678 ὄργ.]
623 1624 692 1674 τὴν
713 1629 807 1666 1017?

226 1735 456 1769 intervallum
492 1736 611 1770 elucet
644 1737 762 1771 anima
786 1738 824 1772 in
849 1748 1021 1784 corpore,
1057 1738 1144 1773 solis
1168 1739 1281 1773 instar
1306 1743 1389 1774 aera
1414 1738 1535 1773 subito
1559 1739 1677 1773 collu-

226 1783 372 1815 strantis
389 1808 398 1823 ,
425 1783 552 1816 eodem
576 1784 684 1817 modo
710 1786 817 1818 etiam
844 1785 929 1818 inde
957 1786 1086 1820 avolat.
1111 1786 1342 1831 quamobrem
1367 1797 1434 1819 nec
1458 1786 1676 1829 extenditur,

224 1834 267 1862 ut
291 1830 453 1874 superius
478 1830 750 1872 iudicabamus,
774 1843 841 1865 nec
867 1832 1129 1865 dimensionem
1158 1833 1336 1866 admittit:
1365 1833 1428 1866 sed
1459 1838 1533 1866 tota
1558 1839 1676 1868 totum

226 1887 353 1921 corpus
378 1877 540 1910 animans
565 1877 802 1912 nihilominus
832 1880 1064 1924 peculiariter
1090 1891 1132 1912 ex
1158 1892 1194 1913 se
1220 1881 1395 1913 consistit.
1417 1879 1504 1925 quid
1535 1886 1589 1914 est
1613 1893 1677 1913 au-

227 1928 301 1956 tem
326 1923 423 1968 quod
449 1925 657 1957 extenditur
681 1926 787 1958 simul
813 1938 894 1959 cum
923 1938 1072 1971 corpore
1097 1933 1134 1960 et
1157 1928 1275 1972 ipsum
1304 1926 1460 1960 animat?
1485 1932 1613 1960 natura
1640 1933 1676 1961 et
1731 1968 1734 1971 ,

226 1970 301 2003 vita
329 1971 476 2004 rationis
503 1982 639 2016 expers.
667 1984 786 2018 neque
810 1972 961 2007 decebat
984 1975 1023 2007 in
1041 1985 1155 2007 crasso
1178 1974 1309 2007 versari
1336 1984 1483 2018 corpore
1509 1975 1675 2016 animam,

227 2017 365 2062 absque
404 2017 524 2050 medio
555 2019 711 2062 quodam
737 2022 905 2054 extremis
935 2027 1095 2065 cognato.
1127 2025 1204 2066 ipsa
1231 2020 1377 2066 quidem
1404 2026 1488 2053 ante
1515 2023 1676 2066 exspira-

225 2064 363 2096 tionem
387 2070 603 2108 postremam
629 2077 699 2098 una
723 2079 803 2099 cum
829 2069 1116 2102 extremitatibus
1144 2068 1374 2112 extinguitur,
1398 2079 1471 2100 non
1496 2067 1582 2101 inde
1609 2070 1678 2101 mi-

228 2116 320 2154 grat:
346 2112 440 2144 foret
474 2112 568 2144 enim
599 2113 830 2157 immortalis,
865 2115 894 2148 si
920 2115 965 2148 ad
990 2127 1028 2148 se
1057 2115 1169 2159 ipsam
1195 2115 1436 2158 colligeretur.
1465 2120 1503 2147 at
1526 2114 1595 2148 hoc
1618 2116 1676 2148 in·-

226 2157 403 2190 termedio
438 2158 583 2190 vinculo
619 2158 811 2202 dissoluto,
844 2166 1016 2207 tanquam
1057 2162 1095 2194 in
1120 2162 1236 2207 spatio
1264 2162 1435 2206 temporis
1459 2161 1674 2207 impartibili

226 2203 286 2237 vel
313 2204 410 2237 oculi
434 2211 633 2246 m01nent0‚
660 2207 752 2240 sicut
777 2210 962 2253 apostolus
986 2209 1171 2254 loquitur,
1197 2209 1315 2241 anima
1340 2219 1359 2241 e
1383 2219 1531 2254 corpore
1557 2209 1674 2242 disce-

229 2249 294 2284 dit.
321 2256 358 2283 et
382 2250 556 2284 hactenus
582 2253 728 2297 quidem
754 2255 798 2288 de
826 2256 945 2288 anima
968 2255 1100 2289 dictum
1127 2262 1213 2288 esto.

319 2298 446 2331 Fuerit
485 2304 604 2331 autem
636 2302 791 2344 pretium
827 2314 958 2347 operae
992 2301 1159 2335 nonnihil
1189 2314 1254 2335 nos
1287 2303 1330 2335 iis
1358 2303 1466 2336 etiam
1491 2303 1674 2336 immorari

229 2355 322 2390 quae
346 2344 392 2377 de
417 2356 564 2390 corpore
593 2346 738 2391 quidam
778 2349 864 2382 olim
890 2350 1152 2391 disseruerunt3
1172 2349 1281 2394 idque
1320 2349 1365 2383 de
1400 2361 1504 2384 causa
1529 2351 1676 2395 potissi-

228 2403 325 2425 mum
365 2403 424 2431 ea,
460 2392 559 2436 quod
595 2405 659 2437 pro
689 2393 925 2439 dispositione
960 2396 1117 2442 corporis
1143 2405 1178 2429 et
1204 2396 1410 2430 adfectione
1439 2397 1555 2430 anima
1580 2407 1675 2442 quo-

230 2450 302 2482 que
328 2440 552 2472 consueverit
577 2451 688 2484 agere.
728 2453 808 2474 nam
837 2442 1137 2488 quemadmodum
1160 2443 1215 2475 sol
1240 2455 1303 2488 pro
1330 2445 1421 2477 aeris
1446 2445 1519 2476 sive
1547 2445 1674 2477 crassi-

230 2486 281 2519 tie
307 2486 380 2519 sive
414 2485 616 2519 subtilitate
657 2487 774 2521 radios
804 2491 912 2523 etiam
938 2490 984 2524 ad
1008 2501 1072 2524 nos
1097 2489 1253 2522 diversos
1279 2491 1436 2532 emittit,
1461 2491 1511 2523 sic
1536 2496 1573 2524 et
1594 2491 1673 2523 ani-

229 2543 287 2565 ma
310 2533 345 2565 vi
371 2532 536 2577 praedita
561 2534 823 2578 intelligentiae
857 2549 922 2582 pro
946 2537 1172 2571 instrumenti
1192 2536 1398 2570 adfectione
1422 2549 1522 2571 suam
1550 2538 1673 2570 effica-

230 2579 375 2611 citatem
405 2579 571 2613 declarat.
607 2579 692 2613 hinc
729 2583 903 2626 quosdam
933 2595 1010 2618 esse
1042 2584 1159 2617 fatuos
1183 2583 1368 2625 videmus,
1398 2584 1570 2629 quosdam
1597 2595 1673 2618 non

230 2625 337 2667 item3
361 2626 444 2659 hinc
471 2627 560 2660 alios
589 2628 853 2670 somnolentos,
881 2631 969 2665 alios
992 2631 1197 2675 vigilante53
1228 2631 1315 2663 alios
1342 2630 1557 2673 iracundos,
1581 2631 1672 2664 alios

230 2673 355 2713 mites3
379 2674 466 2705 alios
491 2675 599 2707 fortes
615 2701 623 2714 ‚
649 2675 738 2707 alios
763 2676 932 2711 timidos:
962 2677 1092 2723 quibus
1116 2677 1208 2710 adde
1230 2688 1323 2723 quae
1349 2683 1434 2711 sunt
1458 2678 1535 2711 eius
1562 2688 1672 2723 gene-

230 2720 277 2753 ris
303 2719 384 2752 alia.
412 2731 477 2753 nec
505 2732 567 2766 pro
595 2721 727 2755 sabulis
758 2723 844 2757 haec
869 2725 935 2759 tibi
964 2724 1128 2760 ducenda
1148 2730 1240 2759 sunt.
1271 2724 1408 2770 quippe
1431 2725 1484 2759 vir
1508 2726 1670 2765 eximius,
