1826 3120
576 153 578 157 ·
604 134 890 178 ANNALmM
930 135 1068 179 PARS
1112 139 1144 177 ιι
1490 120 1593 193 149

142 239 301 291 >ι-ίζιεται
341 234 413 277 διὰ
459 237 530 290 τῆς
558 235 721 291 πρώτης
761 234 1003 292 ἱεραρχικῆς
1038 238 1377 292 διακοσμήσεως,
1420 238 1595 292 διαπορ-

144 300 297 358 θμεύει
333 303 379 344 δὲ
407 303 456 358 τῇ
480 304 566 355 μετ’
600 298 732 357 αὐτὴν
760 301 838 356 τὰς
865 301 1111 357 ἐλλάμψεις.
1141 303 1167 359 ἦ
1195 305 1242 346 δέ
1268 319 1315 358 γε
1341 305 1422 347 τῶν
1451 304 1597 359 α’ρχῶν

145 370 365 423 ἐπωνυμία
392 368 439 410 τὸ
470 370 656 418 θεοειδές
679 371 822 412 αὐτῶν
852 370 1050 426 ἐμφαίνει
1077 373 1150 413 καί
1176 369 1419 425 ἡγεμονικὸν
1446 371 1520 412 καί
1545 369 1593 412 τὸ

144 435 253 492 πρὸς
283 431 360 491 τὴν
388 434 615 491 ἀρχοποιὸν
648 435 786 491 ἀρχὴν
814 433 872 485 ὥς
901 435 1081 479 δυνατὸν
1101 437 1435 479 ἅποτυποῢσθαι.
1492 437 1517 493 ἦ
1549 439 1597 479 δὲ

105 504 229 548 Βτῶν
270 503 543 560 α’ρχαγγέλων
568 503 785 555 ἐπωνυμία
823 505 906 543 τῶν
936 497 1077 558 ἄκρων
1105 503 1495 557 (ἐπιλαμβάνεσθαι
1526 505 1598 560 δη-

135 573 218 612 ’λοΐ
234 587 243 597 ·
318 575 411 619 ταῖς
435 566 512 623 γὰρ
545 568 699 624 ἀρχαῖς
726 566 799 609 καὶ
823 573 910 617 τοῖς
937 565 1129 623 ἀγγέλοις
1157 570 1367 621 κοινωνεῖ,
1399 571 1490 620 ταῖς
1517 572 1596 624 μὲν

146 633 214 678 ὅτι
239 635 340 691 πρὸς
379 634 454 690 τὴν
488 631 739 690 ὕπερούσιον
776 633 915 690 ἀρχήν
956 635 1143 689 ἆρχικαῖς
1179 636 1485 690 ἑπέστραπται,
1512 643 1597 687 τοῖς

146 705 194 745 δὲ
221 700 285 745 ὅτι
309 702 380 744 καί
405 703 473 756 τῆς
493 698 756 756 ὖποφητικῆς
785 703 875 743 ἐστι’
893 700 1046 752 τάξεως
1074 700 1150 750 τὰς
1177 701 1414 757 θεαρχικοὶς
1444 703 1638 756 §maipa-C

144 779 242 820 ψεις
271 768 341 810 διὰ
383 770 464 810 τῶν
491 766 669 822 πρώτων
712 768 1029 824 ὑποφαινομένη
1069 767 1289 821 δυνάμεων
1317 771 1387 817 καὶ
1412 776 1497 818 τοϊς
1523 771 1596 823 οἶγ-
1611 778 1705 811 V.61

85 853 132 880 10
143 838 279 890 γέλοις
307 833 438 883 αὐτάς
466 835 800 888 ἀπαγγέλλουσα.
831 835 857 889 ἦ
888 837 934 877 δὲ
963 836 1047 876 τῶν
1075 831 1260 890 οἷγγέλων
1285 837 1502 889 ἐπωνυμία
1523 836 1600 891 τήν

143 899 443 958 ἑκφαντορικὴν
473 902 616 943 αὐτῶν
642 903 904 957 λειτουργίαν
936 904 1203 957 παρίστησιν.

242 963 423 1017 ’Έδειξεν
472 963 548 1008 οὖν
586 967 607 1008 ὃ
647 969 766 1022 λόγος
795 969 853 1017 ιὸς
882 965 927 1010 αἱ
964 964 1235 1024 πρῶταιζμὲν
1260 966 1397 1020 τάξεις
1429 971 1599 1022 οἶμέσως

141 1038 188 1079 ἐκ
214 1036 319 1084 θεοῦ
353 1033 425 1083 τὰς
468 1032 701 1088 ἐλλάμψεις
745 1035 965 1089 δέχονται,
1007 1028 1134 1090 παρὰ·
1169 1037 1215 1077 δὲ
1242 1038 1326 1078 ταῖν
1353 1039 1527 1091 πριότων
1554 1037 1601 1079 αἱ

143 1099 336 1156 δεύτεραι
373 1100 447 1142 καί
481 1103 661 1156 καθεξῆς
710 1100 755 1143 αἱ
784 1104 951 1155 λοιπαί,
980 1104 1169 1144 τουτέστι
1199 1101 1316 1157 παρὰ
1341 1104 1423 1143 τῶν
1454 1104 1599 1145 δευτέ-

84 1175 131 1215 15
145 1185 230 1223 ρων
256 1167 300 1209 αἱ
326 1170 479 1222 τρίται.
539 1164 607 1208 ὅτι
636 1169 682 1209 δὲ
722 1167 910 1224 διαφορά
939 1171 1001 1218 τίς
1027 1169 1115 1210 ἐστι
1144 1167 1260 1224 παρὰ
1290 1174 1382 1217 ταῖς
1412 1164 1498 1211 ἅνω
1525 1171 1600 1211 δυ·-

142 1232 307 1287 νάμεσι,
337 1236 409 1275 καί
438 1230 500 1275 ὅτι
530 1231 636 1275 κατά
657 1250 702 1288 γε
731 1232 803 1289 τὴν
832 1234 982 1276 στάσιν
1009 1233 1084 1276 καί
1110 1234 1228 1284 τάξιν
1256 1230 1399 1276 αὐτῶν
1427 1235 1499 1276 καί
1523 1234 1599 1289 τήν

143 1302 294 1355 γνῶσιν
320 1299 479 1354 ἔχουσι,
511 1301 582 1341 καὶ
609 1299 632 1340 ὁ
659 1299 877 1350 θειότατος
905 1301 1095 1351 ὑπέδειξε
1121 1300 1332 1355 Κύριλλος
1360 1304 1404 1343 ἑν
1431 1303 1484 1357 τῇ
1528 1305 1597 1355 βί-

143 1371 230 1425 βλῳ
259 1368 341 1409 τῶν
368 1369 598 1422 θησαυρῶν
630 1365 761 1416 οὕτως
789 1366 916 1409 εἰπών
943 1367 1096 1421 »παντὶ
1119 1368 1266 1425 λογικῷ
1294 1371 1638 1423 συιιμειιέτρη-Ῑ)

143 1450 216 1476 ται
245 1427 474 1488 ἧγνῶσις,
503 1432 561 1481 ὥς
597 1429 745 1487 ἑτέραν
785 1434 863 1486 μὲν
910 1430 1018 1475 εἶναι
1060 1432 1268 1475 πιστεύειν
1304 1435 1348 1476 ἐν
1378 1435 1593 1489 α’γγὲλοις,

78 1500 317 1553 ηομείζονα
356 1500 402 1542 δὲ
443 1501 487 1540 ὲν
534 1500 831 1554 α’ρχαγγέλοις,
861 1500 934 1542 καί
958 1500 1020 1542 ἔτι
1047 1498 1205 1549 ταύτας
1233 1500 1527 1553 ὑπερέχουσαν
1553 1503 1598 1542 ἐν

144 1571 238 1616 ταῖς
269 1566 461 1622 ἀνωτέρω
492 1563 763 1620 δυνάμεσιν.”
832 1563 938 1609 ἄλλα
980 1568 1054 1609 καί
1083 1565 1107 1608 ὅ
1150 1565 1430 1621 Δαμασκηνὸς
1456 1565 1596 1610 Ἰωάν-

148 1747 289 1779 illarum
326 1747 497 1779 mentium
536 1751 591 1780 est
632 1748 844 1793 descriptio,
883 1760 976 1795 quae
1001 1749 1187 1794 perficitur
1222 1753 1259 1782 et
1282 1747 1509 1782 illuminatur
1531 1760 1597 1794 per

145 1794 308 1827 ordinem
346 1794 523 1839 primum,
561 1795 712 1839 ipsaque
736 1797 890 1828 vicissim
923 1809 1002 1830 suas
1031 1796 1290 1830 illustrationes
1315 1807 1393 1828 cum
1419 1802 1594 1840 sequente

146 1842 394 1875 communicat.
424 1842 462 1874 in
488 1841 554 1874 hac
590 1843 856 1887 principatuum
881 1855 950 1877 vox
975 1843 1113 1876 indicat
1141 1854 1217 1875 esse
1242 1843 1339 1886 ipsos
1367 1842 1435 1875 deo
1461 1844 1596 1876 similes

145 1900 186 1922 ac
213 1889 455 1934 principatum
495 1889 660 1922 obtinere
676 1916 685 1931 ⁷
720 1890 890 1935 quodque
931 1890 977 1923 ad
999 1890 1242 1935 principatum
1267 1890 1371 1921 illum
1395 1890 1595 1935 principem

143 1947 210 1982 pro
235 1936 368 1970 viribus
407 1936 693 1979 conformentur,
720 1936 1031 1981 archangelorum,
1067 1948 1130 1970 eos
1155 1948 1290 1970 summa
1314 1938 1530 1978 consectari,
1555 1942 1597 1970 ut

145 1984 210 2029 qui
250 1985 514 2017 communicent
543 1989 615 2017 tam
644 1995 723 2016 cum
767 1984 1029 2029 principatibus
1071 1995 1177 2029 quam
1217 1995 1295 2016 cum
1333 1985 1490 2028 angelis,
1516 1996 1598 2018 cum

143 2031 429 2076 principatibus,
465 2030 565 2076 quod
602 2031 647 2064 ad
673 2031 968 2064 ultranaturalem
999 2031 1104 2064 illum
1137 2031 1376 2076 principatum
1409 2043 1485 2064 sese
1511 2043 1597 2065 con-

144 2083 308 2120 vertant,
340 2091 420 2111 cum
445 2079 597 2122 angelis,
627 2079 724 2124 quod
752 2078 988 2112 nihilominus
1013 2078 1138 2111 ordine
1166 2079 1422 2123 discipulorum
1450 2091 1597 2124 quoque

144 2126 423 2167 contineantur,
457 2127 511 2159 uti
549 2126 611 2171 qui
649 2126 786 2159 divinas
811 2126 1070 2159 illustrationes
1107 2137 1127 2158 a
1151 2127 1274 2171 primis
1303 2126 1376 2158 illis
1397 2127 1597 2171 'potestati-

145 2173 213 2205 bus
239 2174 416 2218 accipiant
438 2179 475 2206 et
497 2174 654 2207 vicissim
678 2174 813 2217 angelis
845 2179 1035 2218 exponant.
1072 2175 1279 2217 angelorum
1307 2172 1464 2218 denique
1489 2185 1597 2207 voca-

145 2219 272 2254 bulum
307 2221 607 2266 significationem
635 2221 830 2254 ministerii
864 2221 1048 2262 continet,
1087 2231 1160 2266 quo
1203 2232 1259 2254 res
1298 2220 1438 2255 divinas
1482 2233 1597 2256 enun-

145 2268 248 2300 tiant.
545 2304 550 2311 ἱ

240 2315 293 2348 De
333 2314 399 2348 hac
437 2314 658 2348 indicatione
694 2320 816 2349 nostra
843 2315 1069 2360 perspicuum
1097 2321 1152 2348 est
1176 2316 1310 2360 primos
1335 2314 1481 2348 ordines
1508 2315 1597 2348 citra

143 2361 305 2395 medium
327 2361 509 2407 quoddam
534 2375 558 2405 a¹
580 2362 648 2395 deo
675 2375 756 2395 suas
782 2363 1038 2395 illustrationes
1057 2364 1241 2407 consequi,
1269 2362 1403 2396 deinde
1428 2375 1448 2395 a
1473 2364 1606 2407 primis·

145 2409 340 2450 secundos,
370 2421 389 2442 a
415 2410 583 2443 secundis
606 2411 742 2444 tertios.
772 2415 952 2442 caeterum
990 2421 1065 2443 esse
1090 2409 1268 2455 quaedam
1296 2410 1394 2456 apud
1421 2410 1596 2443 coelestes

146 2455 227 2489 illas
267 2462 463 2502 potestates
500 2457 724 2498 discrimina,
755 2456 926 2502 quodque
957 2457 1020 2489 illa
1052 2458 1131 2502 ipsa
1154 2459 1307 2491 maxime
1333 2458 1531 2490 consistant
1556 2457 1595 2489 in

147 2502 303 2546 ipsorum
329 2510 423 2537 statu
451 2504 577 2538 ordine
603 2511 639 2538 et
663 2505 886 2549 cognitione,
927 2503 1066 2538 divinus
1092 2506 1200 2538 etiam
1225 2506 1279 2539 vir
1306 2505 1457 2548 Cyrillus
1485 2504 1522 2536 in
1551 2504 1597 2536 li-

148 2548 213 2582 bro
241 2550 508 2584 Thesaurorum
545 2563 610 2585 suo
638 2553 761 2593 docet,
797 2563 837 2583 ac
861 2550 960 2584 hisce
985 2552 1133 2597 quidem
1155 2553 1275 2586 verbis
1302 2551 1441 2594 „omnis
1466 2556 1596 2583 natura

147 2597 326 2642 particeps
359 2599 534 2639 rationis,
570 2600 676 2632 etiam
715 2598 931 2642 cognitionis
969 2599 1112 2632 modum
1155 2610 1431 2644 mensuramque
1462 2604 1596 2632 certam

147 2642 274 2684 habet,
299 2646 349 2678 ita
386 2652 427 2678 ut
467 2646 564 2679 credi
589 2658 653 2691 par
678 2647 723 2679 sit
750 2647 854 2678 aliam
891 2646 929 2678 in
954 2647 1089 2690 angelis
1117 2658 1193 2679 esse
1218 2648 1398 2691 aliamque
1422 2646 1596 2679 maiorem

147 2690 185 2723 in
213 2691 443 2735 archangelis,
468 2705 573 2738 quam
600 2695 711 2738 ipsam
728 2704 873 2738 quoque
900 2699 1044 2736 superet
1071 2705 1113 2727 ea
1138 2706 1231 2739 quae
1257 2693 1529 2727 sublimioribus
1558 2694 1597 2726 in

147 2739 387 2782 potestatibus
423 2741 578 2788 existit?
603 2740 728 2774 eadem
761 2739 806 2773 tle
841 2751 878 2773 re
909 2740 1087 2775 Iohannes
1111 2742 1352 2776 Damascenus
1376 2742 1427 2775 ita
1455 2740 1598 2774 disserit.
