1826 3120
648 140 937 209 ANNALwM
975 157 1112 200 PARS
1155 159 1226 199 iv.
1508 139 1620 212 477

175 256 368 311 ζέσαντος
398 258 471 301 ἐπὶ
495 259 660 308 τούτοις
686 262 746 317 τῷ
776 260 915 315 θυμῷ,
944 260 1018 300 καί
1041 259 1101 315 τῷ
1125 259 1257 300 ἐκεῖσε
1275 254 1554 314 ἕπαρχεύοντι
1575 258 1626 299 τά

168 324 270 380 περὶ
293 321 452 367 τούτων
480 326 802 380 ἐπιτρέψαντος,
831 325 1021 379 χιλιάδες
1053 323 1084 375 ζ’
1117 325 1398 381 ἀνῃρέθησαν.
1456 323 1628 378 διερχό-

167 406 293 444 μενος
337 392 384 433 δὲ
425 390 448 432 ὅ
489 390 692 444 βασιλεύς
720 393 782 440 εἰς
809 389 886 446 τὴν
915 388 1145 445 ἐπισκοπὴν
1174 388 1456 432 Μεδιολάνων
1485 387 1629 446 (πόλις

169 458 219 513 δὲ
245 457 426 506 Ἰταλίας
450 457 503 500 τὰ
542 456 818 516 Μεδιόλανα)
864 453 914 498 οὗ
953 455 1232 512 συνεχωρήθη
1263 454 1380 511 παρὰ
1409 457 1484 498 τοῦ
1509 459 1626 498 θειο-

1323 519 1343 534 ’l
1515 517 1530 532 5

129 522 295 569 5τάτου
324 523 580 579 Ἀμβροσιου
618 525 668 581 τῇ
707 523 902 582 ἐκκλησίᾳ
931 523 1156 578 ἐπιβῆναι,
1200 521 1293 563 ἀλλ’
1316 538 1478 575 εμεινεν
1502 538 1622 579 aspa>-

167 591 364 644 ρισμὲνος
397 591 535 644 μῆνας
561 591 621 646 η’,
668 593 743 632 καί
775 590 898 643 μόλις
926 588 997 632 διὰ
1026 587 1104 643 τὴν
1130 590 1209 630 τοῦ
1235 590 1432 644 Χριστοῦ
1457 590 1659 644 γένησινΒ

166 656 300 712 ἐλύθη
340 671 386 698 τε
410 658 492 698 τῶν
522 658 689 710 δεσμῶν
715 658 789 699 καί
818 658 878 706 εἰς
907 656 1126 698 κοινωνίαν
1153 656 1323 711 ἐδέχθη,
1353 654 1554 711 πρότερον
1570 654 1621 698 τὰ

165 724 243 764 τοῦ
269 725 461 776 λιβέλλου
483 722 782 778 νομοθετήσας.
841 720 947 764 ἀλλὰ
974 723 1047 763 καί
1063 724 1108 765 ἐν
1128 723 1188 778 τῷ
1205 721 1491 779 θυσιαστηρίῳ
1510 720 1622 775 μετα

164 789 303 832 ταῦτα
347 784 556 842 οἷίμενουν
597 791 804 832 εἰσελθεῖν
847 790 1125 843 ὲνεχωρεῖτο·
1182 787 1237 843 ,,ἧ
1277 786 1356 843 γάρ
1400 785 1620 843 ἆλουργίς”

103 872 152 899 10
165 853 250 912 ἔφη
276 858 505 910 ,,βασιλεῑ’ς,
536 857 588 897 ου’
613 855 699 910 μὴν
719 854 845 909 ἱερεῖς
869 857 1017 897 notat-:³
1071 851 1173 897 ὅθεν
1189 851 1434 897 ἐπανελθών
1451 852 1474 895 ὅ
1493 857 1619 908 βασι-

162 921 263 971 λευς
298 923 372 964 καί
409 921 527 978 παρὰ
557 924 634 964 τοῦ
668 923 906 976 Νεκταρίου
944 923 1174 979 ἐρωτηθείς
1214 923 1269 962 δι’
1295 917 1348 975 ἢν
1376 921 1517 963 αἰτίαν
1544 921 1619 962 οὐκ

161 989 398 1044 εἰσέρχεται
426 989 472 1031 ἐν
503 990 562 1046 τῷ
590 987 897 1046 θυσιαστηρίῳ,
939 983 1054 1029 εἶπεν
1089 984 1182 1041 ,,εἶς
1213 989 1435 1037 ἐπίσκοπος
1466 986 1488 1029 ὃ
1513 984 1619 1041 ’.Αμ-

163 1051 380 1110 βρόσιος.”

262 1118 369 1164 “Ore
398 1121 424 1176 ἧ
454 1123 539 1164 τῶν
566 1122 612 1163 ἒν
625 1121 861 1177 Ἀντιοχείᾳ
883 1119 1141 1174 α’νὸριάντων
1159 1120 1427 1177 καταστροφὴ
1459 1121 1615 1175 γέγονε,

100 1186 255 1231 ι5τότε
299 1187 339 1230 οἱ
376 1187 454 1237 τὰς
491 1189 729 1244 ἀκρωρείας
775 1189 856 1230 τῶν
901 1186 1034 1242 ὀρέων
1075 1189 1280 1236 οἰκοῦντες
1322 1190 1504 1241 μοναχοί
1544 1186 1617 1243 τὴν
1632 1199 1672 1233 V.
1694 1211 1756 1247 ¹99

160 1254 316 1298 οἰκείαν
344 1253 605 1306 ἐπεδείξαντο
637 1253 907 1311 φιλοσοφίαν.
968 1252 1173 1309 κατῆλθον
1199 1252 1278 1309 γὲρ
1308 1256 1380 1295 καί
1408 1256 1484 1296 τοῦ
1511 1257 1620 1296 θεοῦ
1630 1262 1658 1296 C

160 1320 448 1376 οἷντελάβοντο,
480 1323 666 1375 λέγοντες
696 1317 806 1362 οὕτω
837 1320 939 1376 πρός
964 1336 1010 1375 γε
1038 1319 1135 1368 τούς
1155 1319 1369 1375 ὑπηρέτας
1389 1323 1467 1362 τοῦ
1492 1325 1616 1375 βασι-

159 1391 265 1439 λέως
292 1386 466 1442 ,,εἴπατε
491 1390 550 1445 τῷ
571 1388 701 1445 κυρίῳ
731 1387 848 1442 ἡμῶν
873 1391 1052 1440 βασιλεῖ.
1086 1386 1200 1442 εἴπερ
1231 1389 1435 1430 τοσοῦτον
1463 1387 1516 1430 σύ
1545 1389 1618 1430 ἐπὶ

157 1457 212 1513 τῇ
236 1457 377 1512 χαλκῇ
415 1455 543 1496 εἰκόνι
588 1458 926 1511 καταστραφείσῃ
967 1455 1285 1509 ἐδυσχέρανας,
1315 1457 1402 1503 πῶς
1430 1453 1509 1496 οἴει
1540 1457 1614 1497 τὸν

92 1534 146 1562 20
161 1520 262 1564 θεὸν
290 1522 443 1576 ἀρτίως
471 1520 584 1574 ἔχειν
610 1519 683 1576 τὴν
711 1521 850 1563 αὐτοῦ
871 1519 1031 1575 ὁρῶντα
1050 1521 1191 1563 εἰκόνα
1215 1523 1349 1570 κακῶς
1369 1518 1478 1563 οὕτω
1498 1521 1610 1576 παρὰ

155 1590 238 1633 σοῦ’
265 1585 514 1643 πάσχουσαν
527 1589 562 1641 ;''
594 1590 822 1644 τηνικαῦτα
855 1587 928 1629 καί
953 1587 979 1643 ἡ
1010 1590 1129 1642 τιμιά
1158 1587 1319 1645 κεφαλή
1353 1590 1427 1631 τοῦ
1456 1592 1609 1642 βαπτι-

157 1774 451 1811 Thessalonicam
486 1773 635 1818 ingressi
668 1774 803 1807 milites
833 1773 1047 1807 seditionem
1085 1773 1322 1811 concitarent.
1379 1773 1423 1806 iis
1450 1783 1487 1806 se
1511 1773 1606 1808 cives

154 1822 411 1869 opponebant,
449 1827 486 1854 et
521 1820 703 1866 lapidibus
736 1819 870 1853 milites
904 1820 1088 1865 petebant.
1140 1820 1187 1852 ob
1223 1819 1315 1852 hanc
1350 1831 1491 1853 causam
1524 1831 1604 1854 cum

151 1871 346 1916 imperator
373 1870 424 1902 ira
446 1868 683 1909 efferbuisset,
712 1869 928 1900 connivente
960 1867 1117 1900 militum
1153 1867 1198 1900 ad
1221 1868 1376 1900 furorem
1405 1868 1474 1901 loci
1497 1879 1604 1912 prae-

155 1924 234 1952 tore
261 1923 398 1962 septem
431 1916 615 1948 hominum
652 1915 752 1948 milia
781 1921 864 1949 sunt
892 1914 1097 1947 interfecta.
1145 1913 1230 1947 hinc
1253 1915 1450 1959 imperator
1472 1915 1603 1949 itinere

151 1967 248 1999 facto
282 1964 529 1998 Mediolanum
561 1968 603 1996 ut
634 1962 818 2007 pervenit,
855 1962 980 1995 urbem
1005 1962 1152 2002 Italiae,
1185 1961 1426 1995 divinissimus
1452 1964 1602 1997 antistes

153 2013 230 2046 eius
253 2011 350 2044 urhis
377 2011 584 2044 Ambrosius
609 2011 727 2043 vetuit
751 2021 822 2054 quo
847 2010 964 2042 minus
997 2009 1183 2042 ecclesiam
1221 2009 1481 2053 ingrederetur.
1531 2011 1602 2044 ita-

150 2071 222 2106 que
247 2065 403 2092 secretus
436 2070 456 2091 a
490 2064 595 2090 coetu
634 2057 918 2090 Christianorum
944 2055 1090 2101 publico
1116 2061 1209 2090 totos
1235 2062 1316 2089 octo
1342 2068 1481 2090 menses
1509 2058 1601 2099 suit,

151 2108 286 2153 vixque
317 2112 466 2152 propter
498 2104 627 2138 Christi
662 2105 887 2137 nativitatem
915 2104 1024 2137 sacris
1048 2103 1121 2136 illis
1146 2104 1299 2137 vinculis
1324 2109 1378 2137 est
1401 2105 1542 2138 solutus
1565 2112 1602 2139 et

151 2155 192 2188 in
220 2154 508 2188 communionem
534 2152 732 2192 admissus,
768 2151 897 2183 libello
931 2151 1082 2196 primum
1109 2150 1153 2184 de
1178 2151 1222 2184 30
1249 2150 1379 2184 diebus
1404 2151 1539 2185 dictato
1565 2159 1603 2187 et

150 2201 243 2246 legis
267 2203 337 2235 vim
362 2200 496 2233 habere
519 2201 626 2232 iusso.
675 2199 874 2244 quinetiam
899 2197 1100 2243 prohibitus
1126 2202 1181 2231 est
1211 2197 1338 2232 eodem
1364 2205 1527 2245 tempore
1554 2201 1600 2234 ab

152 2249 280 2283 eodem
307 2248 506 2288 Ambrosio,
539 2258 611 2292 quo
636 2243 752 2279 minus
776 2246 813 2278 in
839 2246 1031 2278 sacrarium
1054 2245 1315 2290 ingrederetur,
1341 2257 1420 2279 cum
1446 2247 1476 2279 is
1501 2247 1601 2280 dice-

152 2302 208 2330 ret
232 2307 423 2342 purpuram
447 2296 681 2339 imperatores
709 2294 840 2334 facere,
862 2305 935 2326 non
962 2292 1174 2326 sacerdotes.
1225 2304 1296 2339 quo
1325 2293 1459 2327 factum
1480 2300 1535 2328 est
1559 2301 1601 2329 ut

153 2344 294 2389 Cpolim
318 2354 476 2376 reversus
504 2343 718 2386 imperator,
757 2346 793 2373 et
833 2351 853 2372 a
891 2340 1057 2373 Nectario
1083 2345 1224 2385 rogatus
1249 2352 1355 2386 quam
1385 2341 1431 2374 ob
1456 2353 1599 2376 causam

151 2392 339 2424 sacrarium
365 2402 438 2423 non
461 2388 720 2434 ingrederetur,
746 2387 802 2420 his
829 2393 968 2422 tantum
986 2386 1105 2421 verbis
1128 2387 1363 2434 responderet
1386 2400 1500 2430 „unus
1518 2389 1598 2434 epi-

150 2449 277 2484 scopus
302 2437 542 2472 Ambrosius,''

243 2485 408 2518 Ceterum
433 2495 504 2530 quo
529 2489 690 2528 tempore
717 2493 736 2515 a
760 2481 897 2527 populo
924 2480 1150 2514 Antiocheno
1176 2481 1430 2527 imperatoriae
1455 2487 1596 2517 statuae

150 2531 361 2566 deturbatae
387 2543 428 2565 ac
452 2541 592 2564 eversae
618 2530 771 2570 fuerant,
796 2529 958 2562 hon-niues
983 2529 1179 2562 solitariam
1203 2529 1310 2562 vitam
1330 2530 1366 2562 in
1385 2529 1476 2573 iugis
1491 2541 1597 2563 mon-

149 2580 240 2613 tium
263 2585 468 2613 exercentes
498 2578 636 2622 egregie
660 2575 927 2622 philosophiam
947 2575 1217 2621 doctrinamque
1238 2588 1336 2609 suam
1356 2576 1593 2612 declararunt.

148 2638 231 2660 nam
257 2627 363 2660 deum
388 2627 522 2671 precati
550 2624 825 2663 descenderunt,
856 2629 894 2656 et
921 2624 957 2656 in
984 2623 1072 2656 haec
1097 2623 1206 2656 verba
1232 2624 1414 2656 ministros
1440 2624 1594 2670 impera-

148 2674 237 2706 toris
269 2675 531 2720 compellarunt
568 2672 682 2713 „haec
715 2671 921 2716 imperatori
961 2670 1107 2704 domino
1146 2676 1263 2703 vestro
1299 2672 1515 2705 renuntiate.
1564 2674 1593 2706 si

149 2726 337 2766 tantopere
362 2727 400 2754 tu
425 2726 574 2766 propter
597 2730 753 2752 eversam
780 2719 968 2762 imaginem
995 2729 1134 2751 aeream
1160 2717 1366 2761 indignaris,
1397 2720 1457 2763 qui
1484 2719 1592 2753 deum

150 2779 266 2814 aequo
296 2767 452 2803 laturum
476 2769 593 2802 animo
619 2777 764 2808 censes,
795 2766 824 2799 si
854 2765 915 2800 abs
939 2771 975 2800 te
1003 2777 1101 2800 suam
1125 2765 1317 2811 imaginem
1340 2765 1527 2812 indignum
1554 2769 1592 2801 in
