1826 3120
281 163 295 197 ι
315 143 384 216 76
712 158 998 199 MiCHAEus
1038 159 1253 201 GLYCAE

267 275 333 309 τες
372 258 627 314 εὗρήσομεν,
672 255 755 311 εἴγε
783 259 834 313 τῆ
865 259 1092 315 α’κολουθάιτ
1123 260 1343 313 προσέχειν
1371 249 1604 316 αῖροῦμεθα
1636 265 1707 318 τῆς

269 326 390 379 ἁγίας
417 325 592 380 γραφῆς.
663 322 867 377 ου’δὲγὰρ
900 319 965 364 ὅτε
995 325 1155 378 παρῆγε
1183 322 1251 365 τὸν
1280 319 1501 380 ἄνθρωπον
1529 327 1551 370 ὅ
1579 327 1703 380 θεὸς,

268 392 324 438 ὥς
353 386 438 431 ἄνω
467 390 725 443 διείληπται,
756 387 851 429 τότε
882 387 988 443 πρὸς
1020 386 1148 430 αιῖτόν
1175 386 1311 443 ἔλεγεν
1336 385 1391 448 ,,ᾖ
1422 391 1460 433 δ’
1495 387 1547 437 ἂν
1570 394 1705 450 ἡμέρᾳ

267 453 426 510 φάγητε
450 453 531 495 οἷπὸ
561 457 636 496 τοῦ
668 456 831 509 φυτοῦ,
862 451 1028 511 θανάτῳ
1066 454 1401 510 οἶποθανεῖσθε,”
1424 457 1536 501 ’ἀλλὰ
1569 463 1708 517 πολλῷν

230 519 372 573 (Ῑμετὰ
403 518 478 574 τὴν
514 521 649 562 αὐτοῦ
681 518 932 575 παραγωγὴν
973 518 1160 575 ὕστερον.
1218 519 1325 573 μετὰ
1356 521 1435 576 γὰρ
1461 522 1506 566 τὸ
1533 526 1742 570 καθίσαι5

266 588 461 640 βασιλέα,
496 585 603 639 μετὰ
632 584 676 627 τὸ
722 583 960 640 ἀναχθῆναι
998 584 1048 628 τὰ
1087 587 1172 637 ζαῖα
1202 587 1304 643 πρὸς
1334 588 1479 643 αὐτόν,
1522 590 1628 642 μετὰ
1658 589 1705 633 τὸ

267 655 396 706 πέρας
435 654 496 694 ἐπ’
540 653 655 709 αὐτῷ
694 654 897 703 δέξασθαι
938 651 988 694 τοὶ
1018 654 1091 707 τῆς
1116 653 1238 702 θείας
1272 656 1453 709 βουλῆς,
1482 652 1574 698 τότε
1601 656 1707 712 πρὸς

268 717 393 759 αὐτὸν
422 718 446 772 ἦ
477 717 646 772 τοιαύτη
675 719 811 772 γέγονε
841 720 940 760 θεία
973 716 1114 774 φωνή,
1143 717 1238 760 τότε
1261 717 1310 773 δὴ
1342 717 1434 761 τότε
1463 722 1536 763 καί
1561 721 1706 778 χώραν

267 783 289 824 ὃ
319 782 502 833 θάνατος
544 782 752 837 ἐλάμβανε
781 786 873 825 κατ’
915 785 1058 825 αὐτοῦ.
1114 783 1185 826 διὰ
1213 783 1258 826 τί
1281 786 1326 826 δὲ
1355 784 1517 840 ταῦτα,
1549 787 1621 830 καί
1642 788 1705 830 τί·

266 866 335 899 νος
360 849 513 902 ἕνεκεν,
543 849 613 891 ἴνα
636 847 695 904 μή
730 848 945 891 α’θανοέτου
981 848 1198 903 μείναντος
1226 850 1360 893 αὐτοῦ
1387 851 1492 905 μετὰ
1515 851 1597 909 ’τὴν
1625 870 1768 899 not-10

267 916 447 971 ράβασιν
489 915 608 972 μείνῃ
653 914 730 957 σύν
777 915 889 974 αὐτῷ
928 916 1001 957 καί
1039 914 1084 957 τὸ
1130 916 1258 959 κακὸν
1297 919 1340 968 ἐξ
1375 914 1556 975 οἷνοίγκης
1595 920 1704 962 owni-

265 997 401 1024 νατον.

154 1051 253 1098 V.72
367 1045 457 1090 Ὅτι
497 1048 543 1090 δὲ
589 1047 797 1096 ἀθάνατος
834 1045 980 1100 ἐζιιελλε
1022 1052 1164 1101 μεῖναι
1205 1047 1308 1101 μετὰ
1337 1046 1412 1104 τήν
1442 1049 1653 1106 ἁμαρτίαν
1681 1051 1705 1093 ὅ

266 1107 498 1168 ἅνθρωπος,
526 1114 566 1155 εἰ
589 1111 646 1167 μή
666 1115 805 1167 γέγονέ
823 1129 884 1162 τις
910 1114 1122 1166 οἰκονομία
1150 1113 1247 1155 θεία
1276 1108 1381 1156 ὥστε
1407 1114 1467 1172 μὴ
1495 1116 1568 1158 καί
1592 1116 1704 1172 ἡμᾶς

264 1178 458 1221 α’θάνατα
487 1179 667 1233 πάσχειν
691 1177 793 1220 κατὰ
820 1177 916 1227 τούς
946 1176 1192 1228 ἐκπεσόντας
1221 1181 1439 1234 α’γγέλους,
1473 1178 1495 1222 ὃ
1527 1180 1700 1238 Νύσσης
1718 1185 1766 1226 15

263 1248 376 1294 θεῖος
417 1247 458 1286 Γ
455 1243 643 1301 ρηγόριος
695 1250 779 1294 τοῖς
833 1244 1018 1297 ἀμαθέσι
1061 1246 1208 1286 δίδωσι
1249 1247 1350 1296 τέως
1394 1244 1491 1301 ἡμῖν
1535 1249 1700 1292 ἐννοεῖν.

218 1308 430 1366 Β,,ε’πειὸἦ
473 1309 551 1366 γὰρ
595 1312 640 1352 ἐν
688 1316 772 1360 τοῖς
811 1312 1181 1365 οἶπηγορευμένοις”
1233 1311 1338 1367 φησί
1381 1311 1623 1368 ,,γεγόνασιν
1661 1312 1701 1357 οἱ

262 1380 418 1432 πρῶτοι
463 1372 679 1430 ἄνθρωποι
728 1379 800 1417 καί
835 1379 908 1431 τῆς
934 1376 1238 1432 μακαριότητος
1268 1378 1425 1432 ἐκείνης
1455 1379 1700 1433 α’πεγυμνοᾶ-

262 1447 420 1498 θησαν,
459 1444 642 1496 χιτῶνας
681 1444 951 1497 δερματίνους
993 1438 1120 1497 ἤγουν
1165 1441 1240 1497 τήν
1268 1442 1350 1484 α’πό
1380 1446 1463 1486 τῶν
1493 1445 1609 1496 ζώων
1634 1461 1700 1488 νε-

262 1507 439 1564 κρότητα
469 1510 733 1560 οἰκονομικῶς
754 1507 924 1563 ἐνέθηκε
951 1511 1003 1565 τῇ
1029 1509 1087 1559 εἰς
1114 1504 1350 1550 ἀθανασίαν
1376 1510 1587 1567 κτισθείσῃ
1617 1512 1700 1567 qni-
1711 1526 1764 1554 20

262 1591 352 1627 σει,
381 1574 447 1615 ἵνα
475 1572 531 1628 μη
561 1572 605 1615 τὸ
635 1572 761 1615 κακὸν
790 1575 1000 1615 ἀθάνατον
1033 1569 1104 1630 ᾗ.”
1159 1574 1295 1622 καλῶς
1326 1576 1372 1616 δὲ
1400 1571 1513 1617 εἶπεν
1545 1577 1698 1619 οἰκονο-

260 1642 393 1694 μικῶς
437 1637 458 1680 ὃ
497 1643 611 1689 θεῖος
649 1634 770 1688 οὗτος
800 1638 929 1694 α’νὴρ·
994 1639 1216 1694 κηδόμενος
1257 1639 1336 1695 γὰρ
1375 1640 1494 1695 ἡμῶν
1522 1639 1543 1682 ὃ
1572 1641 1696 1696 θεός,

262 1702 368 1749 ὥστε
397 1705 454 1760 μὴ
503 1704 759 1760 ἁμαρτάνειν
801 1704 994 1748 α’θάνατα
1022 1706 1097 1748 καί
1131 1701 1238 1748 ὥστε
1266 1705 1324 1761 μὴ
1358 1708 1699 1764 συμπαραμένειν

353 1817 387 1850 6.
411 1810 452 1852 τὸ
476 1816 514 1854 ἐς
538 1818 651 1864 πέρας
677 1816 715 1850 Ρ.

263 1920 336 1942 rem
363 1909 463 1941 illam
490 1907 853 1949 administrationem,
877 1909 931 1941 uti
956 1909 1115 1952 superius
1147 1908 1339 1942 indicatum
1365 1914 1440 1948 est,
1467 1910 1698 1954 reperiemus,

262 1957 293 1989 si
317 1956 461 2001 quidem
486 1956 591 1988 seriei
618 1967 795 1988 sacrarum
822 1956 1019 1988 litterarum
1048 1954 1231 1988 advertere
1251 1956 1404 1988 animum
1429 1956 1600 1990 volemus.
1623 1969 1697 1992 non

263 2004 358 2036 enim
393 2009 468 2035 tum
498 2013 606 2046 quum
631 2003 801 2035 conderet
839 2001 1021 2035 hominem
1048 2002 1155 2043 deus,
1184 2007 1225 2035 ut
1247 2008 1352 2035 antea
1377 2002 1605 2045 dicebamus,
1639 2004 1696 2038 his

263 2049 306 2082 ad
334 2051 450 2093 ipsum
474 2048 591 2082 verbis
618 2061 701 2082 usus
728 2055 781 2082 est
806 2049 910 2093 (Gen.
937 2059 956 2080 2
989 2048 1042 2094 ¹7)
1068 2060 1305 2094 „quacunque
1331 2049 1390 2082 die
1415 2051 1605 2083 vescemini
1629 2050 1697 2087 hac

263 2096 401 2136 arbore,
427 2101 540 2128 morte
565 2096 847 2137 multabimini‚”
873 2095 936 2129 sed
961 2096 1147 2140 aliquanto
1161 2101 1244 2141 post
1262 2097 1336 2129 eius
1353 2097 1569 2130 creationem
1583 2098 1698 2132 inter-

262 2144 357 2175 iecto
390 2149 559 2186 tempore.
592 2149 823 2188 posteaquam
864 2143 958 2175 enim
993 2153 1109 2187 regem
1133 2143 1246 2187 ipsum
1271 2143 1524 2185 constitiwierat
1551 2150 1696 2189 postea-

263 2201 370 2234 quam
405 2189 574 2221 animalia
610 2196 735 2222 cuncta
770 2189 968 2222 deduxerat
1000 2189 1045 2223 ad
1079 2200 1182 2230 eum,
1206 2195 1438 2235 posteaquam
1463 2191 1622 2224 divinum
1648 2191 1694 2225 de

265 2236 342 2281 ipso
368 2236 556 2268 consilium
583 2235 627 2268 ad
650 2238 782 2270 exitum
804 2237 1014 2281 perductum
1049 2241 1140 2278 erat,
1164 2241 1240 2269 tum
1263 2236 1405 2269 demum
1433 2236 1499 2269 huc
1524 2249 1604 2271 eum
1630 2250 1695 2271 vo-

266 2294 306 2316 ce
331 2283 532 2327 compellat.
567 2283 669 2315 simul
696 2283 860 2317 adversus
895 2284 1010 2328 ipsum
1032 2283 1071 2316 id
1094 2284 1262 2327 temporis
1286 2295 1378 2316 mors
1404 2284 1521 2316 locum
1546 2285 1693 2320 invenit.

266 2329 496 2375 quamobrem
530 2328 622 2363 hoc?
655 2342 699 2363 ne
733 2331 762 2363 si
796 2331 984 2363 mansisset
1006 2330 1211 2363 immortalis
1250 2336 1334 2375 post
1359 2331 1695 2375 transgressionem,

264 2377 463 2410 necessario
489 2382 668 2420 peccatum
694 2389 836 2423 quoque
863 2389 943 2410 cum
966 2378 1042 2423 ipso
1067 2377 1142 2410 sine
1167 2377 1237 2409 fine
1262 2383 1432 2410 maneret.

359 2424 402 2456 Et
428 2434 509 2456 vero
534 2423 766 2456 ἰιιιιιιυηιῑειιι
800 2425 958 2457 futurum
996 2424 1101 2456 fuisse
1124 2423 1305 2457 hominem
1334 2425 1438 2457 etiam
1463 2428 1545 2469 post
1568 2435 1695 2470 pecca-

266 2476 364 2511 tum,
393 2470 462 2502 nisi
496 2469 646 2514 dispens
640 2472 710 2503 ιῖιο
747 2472 865 2503 divina
899 2470 1071 2517 quaedam
1106 2471 1330 2512 accessisset,
1365 2482 1411 2504 ne
1441 2471 1510 2516 ipsi
1548 2482 1694 2517 quoque

265 2497 448 2562 perp'etuis
472 2517 597 2561 poenis
625 2518 895 2559 subiiceremur,
925 2524 965 2552 ut
988 2517 1120 2562 angelis
1145 2518 1251 2562 lapsis
1281 2518 1431 2558 accidit,
1457 2517 1598 2551 divinus
1627 2519 1692 2552 ille

264 2565 337 2605 vir,
367 2564 555 2607 Gregorius
581 2564 725 2597 antistes
752 2566 931 2608 Nyssenus
956 2563 1122 2598 ostendit.
1151 2571 1403 2610 posteaquam,
1430 2565 1504 2605 ait,
1530 2564 1692 2599 homines

264 2611 319 2643 illi
347 2611 527 2656 principes
549 2611 659 2644 vetita
684 2612 933 2645 commiserunt
955 2623 994 2645 ac
1021 2611 1194 2645 beatitate
1222 2623 1284 2645 sua
1309 2611 1435 2645 nudati
1459 2617 1559 2653 sunt,
1584 2613 1692 2657 pelli-

263 2658 334 2690 ceis
359 2658 507 2698 tunicis,
545 2657 612 2691 hoc
650 2664 703 2690 est
737 2659 941 2691 animalium
977 2658 1212 2698 mortalitate,
1237 2664 1332 2691 certo
1361 2658 1514 2703 quodam
1540 2659 1690 2693 consilio

263 2710 300 2737 et
323 2704 591 2749 dispensatione
629 2704 715 2738 deus
749 2711 909 2738 naturum
945 2705 988 2738 ad
1015 2706 1315 2738 immortalitatem
1343 2705 1522 2738 conditam
1547 2704 1689 2746 induit,

261 2762 307 2786 ne
332 2752 463 2785 malum
502 2757 675 2797 perpetuo
715 2751 867 2785 duraret.
906 2752 1036 2797 quibus
1062 2752 1098 2785 in
1130 2751 1245 2787 verbis
1271 2752 1451 2797 praeclare
1480 2751 1611 2785 dictum
1635 2753 1688 2785 fe-
