1826 3120
204 109 276 174 42
418 152 420 154 v
644 121 930 168 inomaus
969 123 1183 167 GLYCAE

204 230 288 284 τῶν
315 230 516 283 χεομένην
545 223 676 282 αὖγὴν
707 228 778 267 καί
806 223 985 280 οὐρανὸν
1015 225 1291 279 περιλάμπειν
1330 225 1403 266 καί
1424 222 1498 266 τὸν
1523 223 1644 278 ἀέρα,

206 293 280 336 καί
305 294 414 347 ὁμοῦ
437 310 480 336 τε
508 296 557 349 τῇ
585 295 637 350 γῇ
666 291 776 348 πάσῃ
806 292 878 333 καί
902 293 950 348 τῇ
979 289 1174 348 θαλάσσῃ
1201 292 1657 346 συμπαρεκτείνεσθαι,

205 358 265 414 μὴ
289 354 363 402 οὖν
392 357 588 400 ἀπατάτω
617 373 664 399 σε
694 355 816 398 τουτί
843 354 1120 412 φαινόμενον,
1152 357 1260 411 μηδὲ
1283 361 1489 410 πηχυαῖον
1517 354 1647 400 αΰτὸν

206 421 314 466 εἶναι
358 422 525 476 νόμιζε·
600 423 626 478 ἦ
665 421 745 479 γὰρ
789 417 889 475 ὄψις
930 421 1048 476 ἡμῶν
1091 424 1428 477 ἐνδαπανηθεΐσα
1467 423 1524 480 τῷ
1551 422 1648 476 α’ἐρι

100 498 135 531 Ρ.
149 507 194 529 22
207 491 435 532 κᾶντεῦθεν
461 490 643 544 ἐξίτηλος
670 495 862 543 γεγονυῖα
887 487 993 542 πρὸς
1021 486 1095 542 την
1125 488 1277 543 α’κριβῆ
1304 486 1540 543 κατάληψιν
1566 485 1685 530 τῶνὸ

207 553 430 611 ὁρωμένων
464 555 539 596 οὐκ
569 557 746 610 ἐξαρκεῖ,
802 557 887 596 κατ’
919 552 1110 608 ἔκπληξιν
1139 551 1282 595 λοιπὸν
1312 554 1384 594 καί
1413 551 1518 594 κατὰ
1547 551 1657 607 σύγε

206 638 342 676 κρισιν
361 622 492 674 μέγαν
519 622 686 663 ἐκάλεσε
709 621 782 663 τὸν
811 617 930 675 ἥλιον
958 619 1164 675 ἧγραφή.
1199 616 1277 674 ὅρα
1305 617 1386 673 γὰρ
1415 615 1480 660 ὅτι
1506 616 1645 660 καὶτὰ
1681 635 1685 641 ·

206 685 307 740 κήτη
330 686 381 727 τοὶ
407 683 570 739 μεγάλα
604 685 766 741 μεγάλα
796 682 908 727 εἶπεν
938 684 964 740 ἦ
999 687 1140 741 γραφη
1174 685 1254 738 οὐχ
1287 681 1349 726 ὅτι
1376 685 1546 738 καρίδος
1577 685 1650 726 καὶ

204 753 397 805 μαινίδος
425 749 599 804 μειζονοὶ
626 754 745 804 εἰσιν,
763 753 859 794 ἀλλ’
887 749 950 793 ὅτι
972 750 1186 807 μεγίστοις
1214 753 1401 793 ἐοίκασιν
1431 746 1544 806 ὄρεσι
1573 749 1649 804 τῆς

204 816 414 872 θαλάττης
442 814 638 867 πολλάκις
670 816 1006 874 ὖπερνηχόμενα.
1064 820 1136 860 καί
1153 820 1346 872 ἐποίησεν
1376 815 1397 858 ὅ
1427 814 1525 865 θεὸς
1550 814 1650 866 τούς
1666 831 1712 858 10

206 886 435 940 φωστῆρας
465 882 562 932 τούς
598 884 818 939 μεγάλους.
895 883 969 925 καὶ
1003 885 1091 932 πῶς
1118 884 1195 939 γὰρ
1229 885 1283 924 ου’
1306 885 1435 938 μέγας
1461 881 1482 923 ὃ
1510 879 1649 937 ἥλιος,

206 948 291 1003 εἴγε
320 949 392 991 καί
431 952 502 1005 τῆς
539 952 614 1005 γῆς
655 950 787 1005 αὔτῆς
829 952 1152 992 πολλαπλασίων
1180 951 1296 1002 goti,-
1322 950 1397 991 καί
1419 947 1500 1004 γὰρ
1528 950 1567 990 εἰ
1592 945 1650 1003 μὴ

204 1017 323 1058 τοῦτο
351 1014 587 1070 ἐτύγχανεν,
617 1016 693 1057 οὐκ
723 1012 774 1058 ἂν
803 1015 1062 1072 ὖπερφανεὶς
1094 1018 1170 1057 τοῦ
1202 1014 1412 1071 ὁρίζοντος
1444 1018 1495 1072 τῇ
1523 1015 1666 1072 οἰκείᾳ,

205 1084 430 1137 τηνικαῦτα
462 1080 639 1134 δυνάμει
671 1083 1003 1138 συμπεριείληφε
1032 1081 1263 1134 ξύμπαντα.

168 1154 195 1186 Β
317 1148 448 1201 Μέγα
492 1150 595 1200 μέν,
640 1145 696 1197 ὥς
725 1150 1000 1204 προείρηται,
1031 1150 1104 1189 καί
1127 1146 1171 1189 τὸ
1201 1149 1276 1203 τῆς
1305 1146 1651 1203 σελήνης-σῶμα,
1669 1147 1716 1189 ι5

206 1214 279 1255 καί
311 1211 546 1269 φανότατόν
573 1229 619 1268 γε
645 1212 753 1266 μετὰ
783 1212 855 1256 τὸν
884 1211 1012 1268 ἥλιον.
1071 1215 1111 1256 εἰ
1138 1213 1216 1269 γὰρ
1247 1213 1321 1255 καί
1344 1213 1401 1269 μὴ
1431 1214 1575 1255 διόλου
1601 1211 1650 1255 τὸ

206 1281 298 1335 φῶς
327 1279 458 1333 αὐτῆς
486 1280 788 1335 ἀμετακίνητον
814 1281 953 1334 μένει,
989 1278 1093 1322 α’λλά
1123 1282 1198 1322 καί
1216 1281 1338 1322 τοῦτο
1369 1278 1554 1335 α’ρρὴτου
1581 1294 1654 1322 σο·-

207 1348 310 1400 φιάς
342 1347 417 1386 τοῦ
465 1347 725 1400 δημιουργοῦ
762 1346 950 1399 πάντων,
994 1343 1102 1389 ιδ’στε
1141 1349 1197 1403 τῷ
1227 1345 1330 1388 κατὰ
1375 1345 1452 1401 τήν
1479 1343 1666 1402 σελήνην,

204 1410 390 1463 θεάματι
435 1409 716 1454 παιδεύεσθαι
755 1413 867 1468 ἡμᾶς
895 1411 947 1454 τιὶ
993 1413 1174 1469 ἡμέτερα
1204 1415 1250 1455 δὲ
1282 1414 1355 1454 καί
1379 1414 1450 1467 τῆς
1480 1414 1654 1466 ταχξίας

203 1479 286 1519 τῶν
317 1476 597 1531 ἀνθρωπίνων
643 1481 894 1534 περιτροπῆς
938 1481 1128 1521 ἐντεῦθεν
1155 1481 1215 1527 εἰς
1239 1477 1403 1521 ἔννοιαν
1429 1476 1652 1534 ἔρχεσθαι.
1665 1493 1719 1520 20

206 1539 323 1595 οἶμαι
359 1544 405 1584 δὲ
452 1542 524 1583 καί
564 1545 616 1599 τῇ
644 1547 727 1586 τῶν
755 1546 871 1596 ζώων
898 1546 1135 1602 κατασκευῇ
1173 1545 1246 1586 καί
1270 1550 1356 1593 τοῖς
1384 1549 1542 1593 λοιποῖς
1569 1549 1654 1593 τοῖς

207 1607 288 1651 α’πὸ
338 1609 414 1664 γῆς
451 1609 762 1666 φυομένοιςγμὴ
805 1609 961 1667 μικράν
998 1610 1206 1667 ὑπάρχειν
1243 1612 1288 1653 ἐκ
1330 1612 1404 1666 τῆς
1442 1608 1546 1653 κατά
1576 1608 1655 1665 τὴν

205 1766 390 1812 profectus
416 1767 460 1800 ab
487 1768 530 1802 iis
556 1769 728 1814 splendor
746 1770 884 1802 coelum
903 1770 1019 1814 ipsum
1039 1769 1250 1802 collustrare
1274 1769 1388 1814 possit
1412 1773 1449 1802 et
1471 1773 1575 1810 aera,
1603 1769 1653 1802 si-

204 1814 355 1858 mulque.
389 1820 503 1848 semet
529 1815 576 1849 ad
598 1822 730 1849 terram
774 1828 815 1849 ac
839 1827 935 1849 mare
962 1822 1075 1849 totum
1104 1817 1295 1861 porrigere.
1323 1821 1546 1861 quapropter
1567 1826 1655 1848 cave

204 1872 252 1893 ne
275 1863 544 1905 persuasionem
581 1862 627 1896 de
654 1863 723 1896 hoc
748 1863 864 1896 sidere
906 1863 1030 1895 falsam
1055 1864 1236 1908 sequaris,
1278 1874 1345 1896 nec
1368 1862 1654 1907 magnitudinem

207 1908 284 1940 eius
311 1919 389 1941 esse
413 1909 606 1942 cubitalem
637 1910 829 1943 existimes.
857 1910 990 1943 etenim
1018 1910 1206 1954 adspectus
1232 1915 1355 1942 noster
1376 1910 1415 1943 in
1443 1913 1527 1943 aete
1552 1910 1656 1944 velut

206 1954 415 1999 absumptus
440 1968 480 1989 ac
517 1957 720 1990 deminutus
759 1958 805 1990 ad
841 1957 1197 2002 comprehensionem
1216 1957 1388 1999 illorum,
1428 1967 1520 2002 quae
1546 1967 1656 2001 supra

205 2013 271 2034 nos
299 2003 558 2047 conspicimus,
582 2003 861 2049 haudquaquam
895 2005 1038 2038 suffieit.
1078 2005 1202 2049 itaque
1226 2004 1369 2037 litterae
1397 2014 1517 2037 sacrae
1541 2003 1657 2037 solem

206 2059 374 2091 magnum
398 2050 585 2093 appellant
608 2062 651 2082 ex
675 2051 911 2085 admiratione
939 2052 1094 2096 quadam
1114 2062 1154 2083 ac
1178 2056 1348 2095 stupore,
1373 2063 1447 2084 non
1473 2062 1657 2096 compara-

207 2095 319 2128 tionis
355 2095 511 2129 alieuius
540 2097 691 2130 ratione.
719 2111 801 2131 nam
830 2104 866 2132 et
904 2104 1002 2131 cetos
1028 2099 1102 2132 sive
1141 2096 1310 2130 balaenas
1335 2097 1484 2131 eaedem
1511 2109 1657 2142 magnas

208 2146 358 2181 vocant,
397 2153 470 2174 non
508 2143 607 2187 quod
640 2145 697 2177 vel
734 2147 867 2191 squilla
892 2146 951 2179 vel
990 2145 1113 2178 halece
1146 2145 1300 2177 maiores
1328 2145 1423 2186 sint,
1469 2144 1534 2178 sed
1557 2144 1658 2190 quod

209 2187 392 2221 montibus
420 2189 527 2222 etiam
552 2192 713 2225 maximis
739 2194 812 2226 sint
835 2193 1052 2233 consimiles,
1075 2203 1154 2224 cum
1173 2192 1211 2225 in
1239 2192 1429 2236 superficie
1455 2193 1568 2225 maris.
1591 2203 1658 2224 na-

209 2240 300 2268 tant.
327 2235 461 2268 creavit
486 2247 567 2280 ergo
602 2237 688 2271 deus
713 2239 902 2272 luminaria
934 2251 1070 2285 magna.
1106 2244 1143 2272 et
1167 2250 1240 2284 quo
1273 2245 1379 2284 pacto
1405 2239 1458 2273 sol
1483 2250 1557 2272 non
1579 2250 1657 2272 ma-

211 2293 300 2326 gnus
323 2282 379 2322 sit,
404 2282 434 2315 si
463 2283 611 2327 quidem
636 2295 717 2318 eum
739 2287 862 2320 multis
886 2293 981 2320 terra
1004 2285 1165 2331 partibus
1192 2297 1268 2319 esse
1293 2287 1465 2319 maiorem
1491 2285 1658 2319 constat?

210 2340 295 2362 nam
321 2328 458 2374 absque
497 2330 563 2363 illo
592 2331 704 2373 foret,
743 2344 817 2366 non
840 2346 945 2380 supra
983 2333 1154 2367 circulum
1179 2333 1360 2367 finitorem
1387 2338 1601 2379 conspectus
1622 2332 1658 2367 vi

214 2387 280 2409 sua
305 2381 434 2408 cuneta
460 2378 769 2422 complecteretur.

305 2422 436 2456 Itidem
475 2429 517 2457 ut
558 2425 666 2457 modo
689 2427 957 2470 iudicabamus,
984 2429 1091 2461 lunae
1127 2428 1425 2472 quoque'corpus
1447 2427 1574 2472 ingens
1603 2431 1659 2460 est

211 2480 253 2502 ac
273 2469 471 2503 secundum
494 2470 607 2504 solem
623 2472 889 2508 lucidissimum.
917 2487 999 2508 nam
1023 2474 1122 2520 quod
1145 2474 1208 2511 lux
1234 2473 1310 2506 eius
1334 2484 1408 2506 non
1423 2485 1566 2519 prorsus
1590 2474 1660 2507 im—

210 2516 358 2549 mobilis
395 2522 470 2558 est,
493 2516 532 2550 id
568 2529 651 2552 vero
687 2519 731 2552 ad
759 2523 971 2565 sapientiam
1006 2522 1105 2555 illam
1131 2531 1248 2553 rerum
1275 2520 1412 2564 opificis
1435 2520 1657 2554 ineffabilem

212 2562 336 2595 referri
362 2563 483 2597 debet.
507 2564 671 2610 adeoque
698 2567 820 2600 lunam
851 2570 1093 2614 inspectantes
1118 2567 1163 2600 de
1192 2578 1308 2599 rerum
1333 2573 1536 2600 nostrarum
1560 2573 1658 2600 statu

214 2614 251 2642 et
277 2609 488 2644 conditione
520 2623 585 2644 nos
619 2613 754 2647 erudiri
790 2617 963 2658 sciamus,
1007 2621 1046 2648 ut
1074 2615 1157 2647 hinc
1179 2614 1305 2646 moniti
1334 2613 1379 2646 de
1404 2615 1513 2647 celeri
1539 2626 1658 2648 rerum

214 2654 451 2690 humanarum
487 2659 671 2692 eversione
708 2663 913 2704 cogitemus.
953 2673 1156 2708 quanquam
1206 2666 1391 2705 praeterea
1425 2672 1499 2695 non
1530 2673 1658 2707 parum

212 2702 385 2748 prodesse
412 2706 648 2740 mutationem
674 2707 773 2742 illam
796 2709 903 2743 lunae
928 2716 1002 2744 tam
1030 2709 1114 2755 ipsis
1144 2707 1388 2742 animantibus
1408 2719 1516 2756 quam
1538 2714 1658 2743 caete·-
