1826 3120
625 99 910 140 ΑΝΝΑιιυΜ
949 98 1085 141 PARS
1126 98 1198 140 iv.
1240 79 1244 81 ’
1511 79 1614 134 5η

158 204 375 260 δημοτῶν,
424 200 626 257 λεγόντων
665 202 819 256 ,,πάλιν
861 204 919 252 εἰς
948 203 1021 244 τόν
1049 204 1204 244 καῦκον
1230 200 1365 256 ἔπιες,
1395 202 1523 244 πάλιν
1551 202 1626 244 τὸν

156 271 256 312 νοῦν
298 266 523 318 ἀπώλεσας
539 270 576 323 ,”
621 269 689 325 ἐφ’
723 261 756 325 ᾧ
787 268 859 310 καί
886 268 1067 318 πολλοὺς
1093 267 1349 317 ἐθανάτωσε.
1403 271 1626 323 βλέποντες

156 332 236 380 οὖν
264 335 304 379 οἱ
349 334 394 378 ἐν
432 336 541 378 τέλει
580 332 626 377 τὸ
669 336 750 377 τῶν
792 335 1032 388 ἀνθρώπων
1071 337 1236 390 πλῆθος
1275 334 1406 377 πολλοὶ
1456 334 1625 390 πάσχον

155 402 289 446 κακοί·
337 401 649 459 δημευόμενον,
695 400 772 451 τας
797 399 987 457 κεφαλάς
1022 398 1368 457 ἀφαιρούμενον,
1409 399 1626 458 γράφουσι

116 470 257 526 δαρὸς
289 469 364 513 τὸν
393 471 468 525 τῆς
496 469 700 526 Ἀφρικῆς
733 466 1260 524 στρατηγὸΓΗράκλειον,
1290 470 1364 512 καί
1390 467 1436 518 ὃς
1466 469 1625 510 αυ’τι’κα

153 536 342 594 κινηθεὶς
371 536 522 579 στόλον
551 533 768 589 ἓτοιμοῖζει
796 535 868 577 καί
896 533 1001 577 κατὰ
1032 537 1109 577 τοῦ
1127 537 1272 585 ,Φωκᾶ
1300 533 1474 592 ἔρχεται
1485 568 1498 589 ,
1546 537 1625 592 φέ-

153 621 242 660 ρων
268 605 342 646 καί
367 601 442 659 τήν
474 603 795 658 ἀχειροποίητον
835 601 979 644 εἰκόνα
1017 603 1097 643 τοῦ
1126 603 1339 654 Χριστοῦ.
1394 603 1462 658 ἐφ’
1489 596 1527 661 qi
1552 602 1627 644 καί

151 672 340 727 νενίκηκε
368 668 440 712 τὸν
477 671 645 711 Φωκᾶν.
702 667 778 710 καί
818 666 970 711 τούτου
998 666 1212 723 γεγονότος
1242 668 1454 719 Φωτεινός
1481 685 1548 719 τις
1578 670 1669 715 ἒκΒ

151 739 235 780 τῶν
263 737 525 791 μεγιστάνων
563 736 969 790 προεπιβουλευθείς
1007 733 1125 790 παρὰ
1163 737 1242 776 τοῦ
1280 737 1413 778 Φωκᾶ
1442 737 1504 785 εἷς
1545 734 1624 790 τὴν

92 827 140 855 10
154 803 340 858 σύζυγον
380 802 517 845 αὐτοῦ’
553 802 751 860 εἰσῆλθεν
789 800 952 855 ἁθρόον
996 802 1056 851 εἰς
1095 799 1142 842 τὸ
1174 801 1409 856 παλάτιον,
1451 803 1525 844 καί
1550 800 1625 844 τόν

151 871 333 926 βασιλέα
364 870 518 913 Φωκᾶν
545 869 708 923 μέλανα
734 869 989 922 χιτωνίσκον
1015 868 1198 918 ἐνδύσας
1225 869 1379 910 αὐτίκα
1406 870 1466 926 τῷ
1487 865 1624 922 εΗρα-

151 936 274 995 κλείῳ
310 936 527 992 προσάγει.
584 934 662 977 καὶ
689 933 736 984 ὃς
772 932 855 990 ἔφη
886 932 992 990 πρὸς
1027 934 1159 977 αὐτόν
1187 931 1353 989 ,,οὕτως
1383 930 1507 977 ἄθλιε
1545 934 1625 990 τήν

150 1003 272 1047 πόλιν
291 1000 500 1061 διῴκησας
514 1005 554 1055 ,·”
582 1004 656 1044 καί
687 999 708 1043 ὃ
745 1003 899 1051 Φωκᾶς
926 999 1011 1055 ,,σὺ
1042 999 1212 1044 κάλλιον
1231 1002 1445 1056 διοικῆσαι
1467 999 1624 1056 ἔχειςῧ

151 1072 220 1127 ἐφ’
250 1064 284 1128 ᾧ
311 1068 385 1112 καὶ
410 1075 561 1125 χεῖρας
589 1070 753 1117 εὐθέως
785 1070 978 1122 τέμνεται
1010 1067 1083 1110 καί
1110 1067 1266 1121 πόδας,
1295 1068 1344 1111 τὸ
1378 1070 1517 1123 δέρμα
1545 1069 1625 1124 τῆς

88 1135 349 1194 ιὸῥοίχεως,
391 1135 443 1178 τοὶ
476 1137 643 1187 αἰδοῖα,
685 1136 758 1176 καί
797 1136 926 1193 κοντῷ
965 1136 1227 1190 α’ναρτᾶται,
1271 1134 1346 1177 καί
1381 1139 1624 1177 τελευταῖον

149 1201 226 1259 τὴν
254 1200 444 1260 κεφαλήν
483 1202 735 1258 ἀφαιρεῖται
777 1202 990 1260 μαχαίρᾳ.
1051 1200 1098 1243 'td
1139 1203 1282 1255 μέντοι
1319 1202 1444 1255 σῶμα
1487 1201 1624 1245 αὐτοῦ

151 1269 385 1326 συρόμενον
414 1267 522 1311 κατὰ
552 1267 630 1322 τὴν
656 1270 732 1310 τοῦ
762 1267 860 1321 βοὸς
889 1266 1047 1323 ἀγοράν
1074 1268 1180 1323 πυρὶ
1206 1268 1508 1322 παραδίδοται.

257 1339 429 1392 Κρατεῑ·
466 1331 543 1378 οὖν
581 1334 603 1376 ὅ
627 1333 875 1391 εΗροίκλειος
911 1334 1022 1387 μετὰ
1057 1335 1211 1377 Φωκᾶν
1241 1333 1314 1390 ἔτη
1344 1333 1395 1377 λ’.
1454 1329 1572 1385 οὗτος
1600 1336 1762 1397 6P,276

140 1404 389 1460 Ἡράκλειος
419 1401 525 1459 πρός
550 1418 596 1457 ys
624 1400 699 1445 τὸν
726 1405 804 1444 τοῦ
834 1404 965 1444 Φωκᾶ
990 1399 1180 1456 γαμβρὸν
1210 1404 1431 1458 Κρίσπον,
1466 1400 1616 1457 πρότε..

81 1490 134 1519 20
148 1486 223 1530 ρον
246 1472 327 1526 μὲν
353 1475 440 1519 τοῖς
467 1467 578 1512 κατὰ
608 1470 686 1512 τοῦ
700 1471 833 1512 (Deoua
850 1470 1186 1512 συνευδοκοῦντα
1214 1463 1392 1525 ὕστερον
1421 1467 1616 1526 0?qu-

242 1606 275 1641 5.
304 1603 374 1640 τὸν
398 1616 455 1638 om
479 1604 515 1637 P.

147 1720 206 1749 tor
231 1725 311 1747 cum
337 1723 380 1746 eo
417 1712 477 1745 die
503 1723 574 1757 quo
610 1711 687 1744 ludi
718 1715 902 1756 equestres
931 1711 1195 1756 peragebantur
1211 1738 1219 1753 ‚
1258 1713 1296 1744 in
1323 1711 1465 1746 edendo
1489 1723 1531 1746 ac
1554 1713 1613 1747 bi-

148 1761 270 1796 bendo
296 1760 441 1794 modum
471 1759 700 1799 excessisset,
731 1770 750 1790 a
777 1759 886 1803 plebe
910 1769 975 1803 per
999 1759 1233 1802 ignominiam
1259 1759 1380 1793 verbis
1405 1760 1613 1794 huiusmodi

149 1815 297 1844 notatus
327 1819 473 1849 „rursus
500 1819 519 1840 e
556 1817 665 1839 cauco
707 1805 859 1846 bibisti,
896 1817 1015 1838 rursus
1053 1812 1210 1839 mentem
1251 1807 1451 1841 amisisti?¹'
1494 1807 1541 1841 ob
1573 1808 1614 1841 id

148 1856 350 1892 convicium
374 1854 576 1900 complures
598 1859 714 1886 morte
738 1853 917 1885 multavit.
943 1852 1066 1898 itaque
1084 1865 1164 1885 cum
1187 1852 1353 1887 viderent
1379 1865 1546 1899 proceres
1571 1867 1614 1889 ac

147 1905 376 1950 magistratus
405 1903 456 1935 rei
488 1901 658 1947 publicae
696 1912 858 1944 magnam
882 1900 1070 1932 hominum
1097 1900 1368 1934 multitudinem
1394 1900 1519 1937 multis
1546 1903 1612 1937 ad-

148 1952 209 1985 fici
233 1951 355 1992 malis,
381 1949 477 1983 bona
502 1960 565 1994 per
589 1948 876 1993 publicationem
919 1946 1047 1990 adimi,
1073 1948 1191 1993 capita
1225 1948 1407 1993 praecidi,
1443 1949 1489 1982 ad
1513 1950 1613 1984 Afri-

148 2010 211 2034 cae
230 2003 432 2044 praetorem
457 1996 663 2029 Heraclium
691 1995 831 2028 litteras
855 1995 1021 2036 mittunt,
1058 1996 1121 2040 qui
1147 1995 1314 2040 precibus
1343 2007 1466 2030 eorum
1491 2003 1612 2032 motus

148 2047 322 2080 continuo
351 2045 501 2078 classem
518 2049 622 2089 parat
647 2047 684 2076 et
709 2048 833 2075 contra
853 2041 1006 2075 Phocum
1025 2042 1275 2087 proficiscitur,
1294 2042 1462 2078 adferens
1489 2056 1612 2079 secum

147 2095 249 2127 illam
272 2093 463 2137 imaginem
476 2091 607 2124 Christi
633 2101 727 2135 quae
750 2089 918 2122 manibus
945 2089 1038 2122 fact-1
1065 2101 1138 2123 non
1163 2096 1249 2123 erat.
1275 2090 1345 2124 hoc
1369 2091 1478 2125 modo
1491 2092 1613 2126 Phoca

148 2146 318 2187 superato
334 2166 343 2182 ‚
372 2139 547 2173 Photinus
578 2137 738 2183 quidam,
761 2148 853 2169 unus
876 2147 919 2169 ex
945 2142 1149 2181 magnatum
1173 2149 1335 2180 nurnero,
1360 2139 1462 2172 cuius
1487 2141 1611 2174 uxoris

147 2187 348 2234 pudicitiae
373 2187 509 2220 Pliocas
537 2192 643 2218 antea
668 2189 847 2218 struxerat
870 2183 1041 2225 insidias,
1069 2184 1188 2218 subito
1215 2187 1254 2218 in
1280 2185 1455 2231 palatium
1479 2188 1613 2233 irrupit

149 2242 188 2270 et
216 2236 368 2269 Phocum
395 2235 648 2279 imperatorem
684 2232 783 2277 pulla
816 2236 916 2264 veste
944 2231 1108 2265 indutum
1135 2243 1218 2265 mox
1242 2232 1289 2266 ad
1315 2233 1520 2267 Heraclium
1547 2235 1614 2268 de-

150 2283 261 2317 ducit.
299 2282 361 2327 qui
390 2293 470 2314 cum
498 2280 653 2313 Phocam
684 2279 804 2312 verbis
840 2278 940 2311 hisce
978 2279 1213 2325 compellaret
1244 2280 1367 2323 „itane
1401 2282 1509 2315 miser
1536 2293 1613 2316 rem

148 2330 334 2376 publicam
357 2328 615 2362 administrasti
628 2327 665 2360 ?''
693 2326 881 2371 respondit
893 2325 1029 2359 Phocas
1054 2326 1146 2368 „tibi
1170 2338 1254 2361 vero
1286 2339 1352 2374 per
1379 2339 1436 2361 me
1462 2329 1549 2363 licet
1571 2335 1615 2364 ut

151 2378 281 2411 rectius
308 2388 384 2409 eam
411 2376 545 2421 geras?
590 2374 676 2407 hinc
709 2374 742 2406 ei
778 2378 875 2406 recta
898 2385 1024 2407 manus
1062 2379 1100 2408 et
1135 2374 1247 2420 pedes
1282 2376 1480 2421 amputati,
1518 2377 1619 2411 cutis·

152 2425 258 2458 dorso
295 2423 480 2464 detracta,
516 2427 660 2455 exsecta
695 2419 854 2455 verenda
895 2426 932 2454 et
967 2420 1092 2454 hastae
1129 2422 1272 2464 adfixa,
1307 2428 1418 2468 caput
1452 2423 1612 2470 denique

151 2471 272 2517 gladio
308 2472 471 2504 recisum.
509 2468 671 2514 reliquus
720 2468 878 2512 corporis
913 2473 1059 2502 truncus
1101 2469 1140 2503 in
1178 2469 1277 2512 soro,
1308 2470 1408 2517 quod
1444 2471 1614 2505 Boarium

150 2524 383 2563 nuncupant,
410 2529 474 2564 per
496 2515 748 2549 contumeliam
774 2515 858 2548 hinc
882 2514 966 2549 inde
990 2521 1123 2550 tractus
1147 2517 1295 2550 tandem
1320 2518 1396 2562 igni
1422 2519 1591 2552 traditur.

246 2566 376 2611 Itaque
415 2570 499 2610 post
524 2564 680 2597 Phocam
714 2562 901 2596 Heraclius
932 2574 1044 2596 annos
1076 2564 1119 2597 30
1146 2576 1265 2598 rerum
1310 2566 1458 2609 potitur.
1482 2565 1542 2599 hic
1567 2566 1615 2600 ad

153 2622 323 2657 generum
350 2612 491 2646 Phocae
525 2611 713 2655 Crispum,
753 2611 815 2655 qui
845 2615 951 2643 antea
980 2616 1103 2644 contra
1134 2611 1285 2645 phocam
1322 2622 1400 2644 cum
1424 2613 1502 2659 ipso
1528 2625 1615 2648 con-

152 2661 372 2704 spiraverat,
417 2670 539 2695 verum
577 2658 748 2702 deinceps
784 2658 984 2691 Heraclium
1020 2659 1214 2692 maledicto
1254 2660 1430 2701 laeserat,
1478 2661 1614 2695 dixisse

156 2707 270 2741 fertur
294 2717 412 2753 „quae
452 2717 573 2742 socero
605 2717 679 2739 non
705 2705 938 2751 praestitisti,
979 2707 1042 2751 qui
1067 2707 1179 2741 amico
1211 2712 1407 2752 praestares
1425 2708 1462 2742 ?''
1486 2709 1612 2755 itaque
