1826 3120
575 146 858 188 ANNALmM
899 145 1036 186 PARS
1078 146 1114 185 1.
1469 119 1573 176 185

113 250 237 304 θεός,
263 249 352 292 ἀλλ’
381 247 588 299 οὐμενοῦν
633 250 765 291 ἐκεῖσε
794 249 867 290 καί
892 248 1052 302 βρῶσις
1079 241 1132 301 ἦν
1162 241 1343 300 αἰσθητὴ
1375 243 1450 285 καί
1474 240 1576 297 ῥευ-

114 317 204 373 στή.
261 313 333 358 καὶ
356 313 479 357 τοῦτο
520 313 680 370 προϊών
711 314 734 356 ὅ
773 312 895 369 λόγος
921 312 1220 368 ἀριδηλότερον
1247 311 1376 362 δείξει
1404 324 1487 354 σοι,
1545 304 1577 362 ἢ

116 380 223 438 γάρ,
254 381 313 430 ὥς
338 380 362 422 ὅ
394 382 525 434 μέγας
553 380 661 438 φησί
687 379 794 436 πρὸς
815 377 1035 433 Ἀντίοχον
1064 375 1334 430 Ἀθανάσιοςκ,
1364 371 1575 432 ἄφθαρτά

115 451 201 492 εἰσι
227 446 279 491 τὰ
308 449 353 490 ἐν
386 447 446 504 τῷ
472 446 716 505 παραδείσῳ
750 446 886 503 φυτά,
918 444 990 486 καί
1015 447 1104 493 πῶς
1135 445 1306 486 ὀδοῦσιν
1334 444 1574 495 ἐτέμνοντος

79 518 206 565 finesic
234 512 561 569 ἐβιβροόσκοντος
605 511 651 555 τὸ
681 511 763 568 γὰρ
798 507 1023 568 ἄφθαρτον
1051 506 1148 552 οὔτε
1177 512 1408 563 τέμνεσθαι
1434 509 1574 563 πέφυ-

115 598 185 625 κεν
214 578 309 624 οῦτε
351 577 680 634 βιβροόσκεσθαι.
735 574 764 633 ἢ
791 576 966 634 φθαρτοὶ
998 578 1042 619 ἐν
1067 578 1128 635 τῷ
1152 576 1396 633 παραδείσῳ
1413 607 1424 626 ,
1461 572 1612 615 ›ea-9123

115 664 225 698 τινες
258 644 564 699 ὑποπτεύουσι,
593 646 667 687 καί
689 647 778 694 πῶς
806 642 913 686 αὐτοὶ
942 642 1105 700 τροφὴν
1139 641 1161 684 ὅ
1188 641 1334 695 ῗΑδὰμ
1361 645 1575 693 ἐποιεῖτο;

117 711 306 756 δότωσαν
340 710 411 754 ἐπὶ
435 710 600 761 τούτοις
627 709 863 766 α’πόκρισιν.
918 706 947 766 ἢ
984 709 1066 765 γὰρ
1096 707 1143 751 τὸ
1176 707 1334 764 προσὸν
1364 708 1477 765 αὐτῷ
1505 724 1597 762 1⁷7:

115 781 290 823 νικαῦτα
310 781 433 832 σῶμα
464 776 758 831 διαπνεόμενοι)
778 773 830 832 ἦν
858 773 932 819 ἅτε
962 778 1106 835 φθορᾷ
1133 778 1207 818 καί
1234 773 1379 832 ῥεύσει
1408 774 1578 816 ὑποκεί-

58 861 264 901 ιομενον,
303 846 378 887 καί
421 847 575 887 πεινῶν
612 846 657 896 ἐξ
689 842 871 898 α’νάγκης
898 838 971 898 ἦν·
1048 839 1075 898 ἢ
1102 842 1406 884 ἁδιάπνευστον
1434 840 1577 894 ἔμενεν

116 910 175 963 αἱς
201 909 405 968 ἄρευστον
421 910 613 966 ὑπάρχον
644 912 717 952 καί
743 905 983 967 ἄφθαρτον,
1015 912 1089 952 καί
1114 909 1161 951 τί
1184 908 1231 950 τὸ
1264 906 1578 962 καταναγκάζον

116 976 220 1022 αὐτὸ
245 979 452 1033 αἰσθητῆς
483 974 695 1020 ἅπτεσθαι
719 980 944 1031 βρώσεωςς
977 972 1066 1019 ἀλλ’
1096 975 1172 1018 οὐκ
1201 974 1338 1029 ἔχοιεν
1369 967 1420 1015 ἄν
1447 989 1486 1015 τι
1506 974 1579 1015 καί

114 1047 276 1100 λέγειν,
304 1043 387 1098 εἴγε
411 1043 485 1085 καὶ
511 1045 671 1098 μᾶλλον
699 1041 904 1099 οἷνώτερος
932 1039 984 1099 ἦν
1013 1042 1036 1085 ὅ
1065 1046 1158 1085 κατ’
1187 1041 1327 1084 εἰκόνα
1359 1042 1464 1082 θεοῦ
1493 1042 1577 1081 τῶν

114 1112 366 1164 σωματικῶν
394 1112 595 1165 α’ναγκῶν,
624 1110 682 1159 (ὃς
708 1109 730 1151 ὄ
758 1112 946 1165 χρυσοῦς
972 1109 1048 1166 τήν
1076 1110 1259 1164 γλῶτταν
1289 1107 1420 1164 φησί·
1454 1111 1577 1148 πεῖνα

58 1176 195 1233 ιόγὰρ
225 1179 297 1219 καί
323 1177 431 1230 δίψα
461 1178 535 1219 καί
574 1178 700 1226 κόπος
740 1176 814 1218 καί
849 1173 976 1226 ’ὕπνος
1018 1176 1091 1218 καί
1132 1172 1262 1229 ὀδύνη
1305 1175 1379 1215 καί
1416 1171 1576 1229 φθορά,

116 1242 230 1295 καθὰ
263 1242 329 1298 ’δὴ
362 1243 434 1285 καί
479 1247 751 1299 προείρηται,
786 1241 893 1297 μετὰ
937 1241 1014 1299 τήν
1042 1242 1287 1298 παράβασιν
1316 1242 1375 1289 εἷς
1400 1238 1472 1282 τὸν
1498 1239 1614 1282 οἷν-Ο

115 1308 331 1366 θρώπινον
370 1311 463 1364 βίον
499 1310 768 1365 εἰσήλθοσαν.
843 1305 924 1363 ὅρα
954 1308 1100 1351 λοιπὸν
1138 1309 1373 1361 νουνεχῶς,
1416 1304 1490 1347 καί
1513 1303 1571 1359 μή

115 1382 206 1425 τοῖς
236 1373 357 1418 ἔνθεν
389 1376 584 1417 κάκεῖθεν
631 1375 950 1431 εὑρισκομένοις
976 1377 1048 1416 καί
1076 1370 1181 1417 ἄλλα
1208 1390 1253 1415 τε
1283 1372 1574 1427 διηγουμένοις

116 1443 431 1499 ἀπερισκέπτως
470 1439 671 1496 ὑπάνοιγε
707 1442 785 1491 τὰς
819 1440 967 1496 α’κοάς,
1008 1443 1282 1497 α’ποστρέφου
1326 1440 1373 1480 δὲ
1413 1440 1574 1492 μᾶλλον

54 1508 223 1556 20av’td
253 1506 328 1550 καὶ
362 1509 486 1550 οὐδὲν
524 1509 631 1562 ἡγοῦ
667 1510 742 1550 καί
768 1506 1026 1564 α’πόρριπτε,
1068 1507 1182 1549 καθὰ
1228 1505 1279 1562 δὴ
1310 1504 1392 1562 πρὸ
1429 1503 1572 1558 ὄλίγου

117 1574 190 1617 καὶ
219 1574 341 1630 ἡμεῖς
383 1576 651 1630 ἐποιήσαμεν.
719 1574 852 1617 πολλοὶ
882 1573 964 1631 γὰρ
995 1576 1170 1617 τοιαῦτα
1197 1574 1270 1616 καί
1293 1570 1473 1628 εὕρομεν
1503 1569 1576 1611 καί

118 1643 373 1696 ἀνέγνωμεν,
409 1642 482 1684 καί
507 1640 611 1694 μετὰ
647 1642 732 1684 τῶν
758 1641 913 1696 μύθων
942 1640 1166 1696 ἐτάξαμεν,
1196 1638 1259 1683 ὅτι
1288 1641 1365 1683 τοῦ
1395 1635 1574 1695 ὄρθοδό-

218 1769 268 1803 19.
292 1755 373 1806 τὰς]
399 1753 469 1796 σᾶς
493 1759 528 1792 Ρ.

119 1849 223 1891 silem
249 1861 289 1882 ae
315 1850 450 1882 fluxum
484 1850 614 1890 fuisse,
651 1848 951 1896 quemadmodum
985 1849 1053 1883 tibi
1091 1848 1221 1882 clarius
1251 1847 1470 1882 indicabitur
1510 1847 1575 1881 ubi

118 1897 288 1930 nonnihil
312 1908 497 1942 progressa
523 1898 634 1930 fuerit
660 1898 785 1930 oratio.
816 1910 898 1930 nam
935 1897 986 1930 uti
1015 1908 1162 1940 magnus
1199 1895 1262 1928 ille
1290 1895 1504 1928 Athanasius
1530 1895 1576 1927 ad

119 1944 334 1978 Antiochum
360 1944 517 1985 disserit,
543 1945 601 1977 vel
626 1945 792 1977 interitus
819 1951 982 1989 expertes
1009 1944 1129 1988 putari
1157 1942 1291 1976 debent
1314 1942 1480 1975 arborum
1510 1954 1577 1987 pa-

120 1991 230 2025 radisi
259 1993 417 2025 fructus:
449 1998 485 2026 et
509 1985 580 2037 fluo
605 1998 709 2037 pacto
735 1991 906 2024 dentibus
927 1990 1160 2024 secabantur?
1187 1991 1249 2035 qui
1278 1989 1576 2023 comedebantur?

120 2051 200 2072 cum
226 2051 280 2072 res
309 2040 478 2072 interitus
506 2051 630 2084 expers
667 2050 785 2084 neque
813 2038 924 2072 dividi
961 2049 1079 2084 neque
1107 2038 1247 2071 comedi
1272 2038 1410 2082 possit:
1436 2037 1494 2070 vel
1519 2037 1576 2069 in-

119 2087 247 2122 teritui
270 2086 444 2128 obnoxii,
478 2086 777 2132 quemadmodum
814 2085 982 2119 nonnulli
1019 2086 1244 2118 existimant:
1270 2090 1306 2117 et
1331 2085 1395 2129 qui
1418 2084 1575 2118 Adamas

122 2144 183 2167 eos
209 2145 273 2179 pro
315 2134 538 2167 nutrimento
574 2132 799 2179 usurpabat?
834 2133 878 2165 ad
906 2133 996 2166 haec
1026 2132 1131 2166 nobis
1158 2131 1409 2176 respondeant.
1438 2132 1575 2177 quippe

121 2192 250 2226 corpus
274 2181 368 2214 illud
393 2181 490 2227 quod
515 2188 600 2215 tunc
633 2181 808 2221 habebat,
836 2181 893 2213 vel
924 2186 999 2214 erat
1023 2179 1261 2225 perspirabile
1278 2185 1449 2224 tanquam
1479 2179 1577 2212 inte-

120 2228 207 2261 ritui
242 2239 283 2261 ac
319 2229 471 2261 fluxioni
505 2229 726 2270 subiectum,
761 2228 918 2272 ideoque
950 2228 1151 2260 necessario
1194 2226 1395 2269 esuriebat3
1418 2227 1478 2260 vel
1503 2237 1577 2259 non

119 2275 356 2320 pei-spirabile
378 2275 548 2309 manebat
572 2282 741 2321 tanquam
766 2275 937 2308 fluxionis
969 2280 1006 2308 et
1032 2275 1201 2308 interitus
1228 2285 1363 2319 expers.
1389 2285 1460 2319 quo
1490 2284 1578 2306 con-

120 2333 220 2356 cesso
255 2334 431 2368 quaenam
459 2323 609 2367 urgebat
633 2325 750 2368 ipsum
773 2322 969 2355 necessitas
996 2327 1036 2354 ut
1061 2322 1181 2355 cibum
1208 2322 1378 2355 sensilem
1404 2320 1578 2354 sumeret?

122 2370 302 2403 enimvero
330 2371 423 2404 nihil
449 2370 528 2403 heic
571 2371 730 2404 habituri
756 2375 840 2402 sunt
864 2369 963 2414 quod
991 2369 1121 2403 dicant.
1149 2370 1271 2414 potius
1297 2368 1578 2402 existimandum

122 2415 305 2451 hominem
342 2418 388 2451 ad
426 2419 616 2462 imaginem
655 2419 714 2451 dei
755 2417 939 2450 conditum
973 2428 1078 2462 supra
1115 2427 1301 2461 corporeas
1340 2415 1576 2449 necessitates

123 2473 244 2498 omnes
280 2467 437 2510 positum
463 2466 596 2507 fuisse,
634 2464 934 2511 quemadmodum
971 2463 1241 2509 Chrysostomus
1287 2464 1459 2509 loquitur.
1495 2473 1578 2495 nam

122 2509 233 2544 fames
256 2512 333 2546 sitis
373 2513 535 2556 fatigatio
577 2524 721 2546 somnus
765 2512 870 2544 dolor
895 2511 1084 2553 interitus,
1125 2512 1216 2544 sicut
1244 2516 1281 2544 et
1305 2516 1410 2543 antea
1434 2510 1578 2541 monui-

122 2567 221 2598 mus,
246 2565 327 2603 post
362 2561 678 2604 transgressionem
722 2559 906 2592 hominum
933 2558 1040 2592 vitam
1080 2564 1308 2604 occuparunt.
1346 2555 1579 2602 quamobrem

126 2602 214 2636 haee
250 2605 320 2638 tibi
356 2607 553 2651 prudenter
586 2606 848 2640 consideranda
885 2611 990 2647 sunt,
1022 2618 1090 2639 nec
1114 2606 1198 2638 hinc
1225 2604 1309 2638 inde
1336 2603 1516 2648 congestis
1542 2609 1580 2637 et

126 2653 274 2695 quaevis
306 2655 569 2698 exponentibus
607 2666 708 2687 aures
745 2655 833 2686 citra
871 2652 1046 2686 iudicium
1085 2652 1335 2686 adhibendae:
1366 2651 1431 2684 sed
1455 2651 1578 2696 potius

127 2709 168 2730 ea
195 2699 296 2732 velut
325 2702 547 2744 aspernanda
575 2712 715 2746 proque
737 2701 854 2733 nihilo
893 2699 1056 2734 ducenda
1082 2701 1220 2734 reiicies
1236 2726 1244 2741 ‚
1269 2698 1579 2744 quemadmodum·

127 2751 164 2779 et
192 2757 255 2780 nos
284 2748 391 2792 paulo
417 2755 498 2783 ante
518 2750 675 2783 fecimus.
706 2759 786 2782 nam
815 2748 1020 2782 huiusmodi
1043 2749 1226 2794 complura
1250 2752 1390 2794 reperta
1410 2747 1579 2791 lectaque
