1826 3120
268 126 340 199 76
701 143 984 190 MicHAEms
1026 144 1239 188 GLYCAE

263 244 381 302 ἅγιον
409 246 456 290 τὸ
503 249 575 304 τῆς
602 249 723 296 θείας
757 247 829 288 καί
863 248 1072 302 μακαρίας
1108 244 1277 302 τριάδος
1305 244 1693 305 συμπληρωτικὸν),’

262 312 335 355 καὶ
360 311 516 368 ταύτην
541 311 868 367 προσδεξάμενος
894 311 969 367 τήν
1005 312 1194 355 διάνοιαν
1217 313 1389 366 μείζονα
1414 312 1488 368 τὴν
1514 315 1587 355 ἄπ’
1614 313 1694 356 αὑ-

261 380 336 433 τῆς
364 378 569 434 ὠφέλειαν
607 376 815 431 εὑρήσεις.
889 380 1115 435 ἐπεφέρετο
1154 377 1233 434 γὰρ
1262 376 1309 419 τὸ
1339 379 1527 432 πνεῦμα,
1556 377 1695 420 καθάρ-

263 460 340 498 περ
371 444 503 498 Σύρος
543 459 605 492 τις
646 440 758 498 ἔλεγε
793 443 1036 496 θαυμαστὸς
1079 442 1203 500 ἀνήρ,
1247 442 1344 485 ἀντὶ
1380 445 1458 485 τοῦ
1485 444 1693 488 §afflatus

148 511 334 550 V.31xal
358 506 569 562 ἐζωογόνει
606 506 679 563 τὴν
718 511 800 551 τῶν
839 509 1007 563 ὑδάτων
1055 508 1182 566 φύσιν
1210 507 1318 551 κατὰ
1346 506 1422 565 τὴν
1451 507 1589 551 εἰκόνα
1616 510 1691 564 τῆς
1703 513 1733 555 5·

260 571 528 630 ἐπῳαζούσης
556 568 724 628 ὄρνιθος
749 577 821 617 καί
860 573 1034 630 ζωτικὴν
1060 592 1153 617 τινα
1183 574 1362 627 δύναμιν
1389 572 1575 629 ἑνιοῦσης
1604 580 1692 625 τοῖς

259 638 643 692 ὑποθαλπομένοις,
687 640 744 688 ὥς
769 642 960 683 ἐντεῦθεν
989 643 1136 698 σαφῶς
1169 642 1496 683 α’ποδείκνυσθαι
1523 637 1587 683 ὅτι
1615 641 1692 683 οὕ.

261 706 307 745 δὲ
330 706 414 758 Ῑτῆς
458 706 752 761 δημιουργικῆς
789 707 998 762 ἐνεργείας
1039 705 1083 749 τὸ
1114 709 1276 761 πνεῦμα
1301 704 1347 748 τὰ
1378 702 1495 760 ἅγιον
1523 705 1690 748 ἀπολεί-

258 772 426 811 πεται.”

154 840 246 884 P.l10
367 837 459 877 Καὶ
495 839 676 879 τοσαῦτα
709 840 786 891 μὲν
823 841 922 895 περὶ
956 841 1039 881 τῶν
1078 838 1255 892 ἰχθύων.
1313 836 1545 880 ἀκόλουθον
1571 839 1608 880 δ’
1637 833 1757 885 ἄνευ

258 899 321 956 εἴη
349 903 422 943 καί
455 903 554 957 περὶ
585 904 669 945 τῶν
705 905 899 947 πετεινῶν
936 906 1054 958 ὀλίγα
1087 905 1338 957 διεξελθεῖν,
1367 900 1432 945 ὅτι
1455 906 1530 946 καί
1555 906 1690 947 ταῦτα

256 969 300 1017 ἐξ
326 964 492 1009 ὑδάτων
510 966 583 1023 τὴν
600 971 758 1023 γένεσιν
782 968 942 1025 ἔσχηκε.
970 968 1040 1012 διὰ
1054 967 1135 1024 γάρ
1164 970 1285 1011 τοῦτο
1304 971 1376 1011 καί
1400 969 1615 1024 συγγένειά
1627 986 1702 1021 τις-

255 1031 455 1088 πρόσεστι
493 1035 655 1084 τούτοις
683 1034 784 1090 πρὸς
817 1035 867 1078 τὰ
898 1035 1042 1091 νηκτά.
1100 1034 1174 1078 καί
1198 1034 1278 1091 γὰρ
1309 1032 1447 1091 ὥσπερ
1477 1034 1516 1078 οἱ
1541 1036 1692 1090 ἰχθύες
1738 1085 1741 1089 .

255 1098 302 1140 τὸ
332 1096 445 1153 ὕδωρ
475 1100 681 1154 τέμνουσι,
714 1103 764 1158 τῇ
790 1104 868 1154 μὲν
897 1101 1055 1156 κινήσει
1081 1104 1161 1145 τῶν
1187 1101 1402 1158 πτερύγων
1427 1102 1487 1151 εἰς
1511 1100 1559 1144 τὸ
1586 1103 1692 1157 πρό-

255 1181 317 1206 σω
349 1168 613 1219 χωροῦντες,
653 1168 703 1224 τῇ
750 1169 796 1209 δὲ
834 1170 910 1209 τοῦ
937 1164 1114 1221 οὐραίου
1140 1170 1351 1224 μεταβολῇ
1397 1165 1471 1218 τάς
1497 1184 1542 1210 τε
1568 1174 1755 1224 mot-15

255 1230 443 1287 στροφὰς
486 1229 556 1273 καί
594 1230 671 1282 τὰς
710 1235 879 1283 εὐθείας
911 1233 1045 1288 ὁρμὰς
1089 1232 1255 1284 ἑαυτοῖς
1281 1235 1552 1287 οἰακίζοντες,
1581 1231 1690 1278 οὕτω

256 1299 328 1338 καί
353 1297 423 1339 ἐπὶ
461 1300 545 1340 τῶν
574 1301 733 1354 πτηνῶν
764 1299 876 1342 ἔστιν
912 1302 1016 1342 ἰδεῖν
1045 1301 1352 1355 διανηχομένων
1375 1298 1449 1342 τὸν
1474 1297 1580 1355 ἆέρα
1605 1306 1691 1350 τοῖς

255 1369 420 1417 πτεροῖς
464 1362 569 1406 κατα
603 1364 675 1406 τὸν
715 1362 859 1418 ὅμοιον
903 1364 1073 1420 τρόπον.
1149 1364 1216 1407 ὅτι
1254 1367 1299 1407 δὲ
1333 1368 1376 1417 ἐξ
1413 1363 1578 1408 ὑδάτων
1603 1371 1691 1415 τοῖς

257 1435 457 1478 πετεινοῖς
486 1430 510 1485 ἦ
538 1431 717 1485 γένεσις,
768 1431 839 1473 διὰ
873 1433 991 1475 τοῦτο
1024 1434 1098 1474 καί
1124 1435 1255 1475 ταῦτα
1286 1429 1421 1475 πάντα
1447 1438 1531 1481 τοῖς
1561 1429 1692 1475 ὕδασι

257 1495 481 1548 χαίρουσι·
515 1495 620 1550 πλήν
647 1513 693 1550 γε
722 1492 788 1538 ὅτι
817 1494 940 1540 οὐδὲν
966 1500 1048 1541 τῶν
1079 1502 1239 1554 πτηνῶν
1269 1494 1403 1540 ἄπουν
1434 1497 1503 1539 διὰ
1533 1496 1580 1540 τὸ
1609 1499 1689 1540 πᾶ-
1702 1511 1759 1542 20

260 1575 304 1601 σι
334 1558 407 1614 τὴν
437 1559 599 1602 δίαιταν
631 1558 713 1603 ἀπὸ
742 1566 815 1617 τῆς
839 1565 913 1618 γῆς
949 1563 1169 1619 ὑπάρχειν.
1227 1563 1299 1606 καὶ
1324 1563 1459 1607 πάντα
1490 1564 1691 1618 α’ναγκαιῖ·

222 1634 343 1673 Βως·
400 1630 485 1674 τοῖς
515 1628 593 1679 μὲν
618 1626 699 1684 γὰρ
728 1628 993 1685 ἁρπακτικοῖς
1021 1628 1125 1686 πρὸς
1152 1627 1224 1685 τήν
1250 1628 1382 1687 ἄγραν
1412 1627 1457 1672 αἱ
1482 1630 1565 1674 τῶν
1594 1629 1691 1674 ὀνύ-

351 1753 384 1786 6.
412 1753 570 1797 ἐνιείσης
586 1753 603 1788 ἱ)

259 1883 438 1921 sanctum,
482 1881 543 1926 qui
580 1880 735 1916 divinam
768 1882 991 1929 'beatamque
1024 1883 1223 1918 trinitatem
1256 1882 1410 1917 absolvit
1454 1887 1490 1917 et
1524 1883 1690 1929 complet.

260 1938 366 1971 quam
395 1929 607 1962 sententiam
630 1930 659 1962 si
687 1930 852 1976 amplecti
875 1931 1054 1973 volueris,
1080 1932 1249 1965 maiorem
1274 1941 1318 1964 ex
1337 1941 1378 1963 ea
1400 1930 1551 1964 fructum
1574 1931 1692 1976 perci-

259 1974 350 2018 pies,
375 1986 457 2006 nam
481 1975 662 2009 ferebatur
688 1978 726 2010 in
753 1978 803 2012 eis
828 1979 972 2023 spiritus
995 1979 1071 2020 hic,
1098 1979 1150 2011 uti
1174 1979 1279 2021 Syrus
1303 1977 1447 2022 quidam
1462 2003 1470 2018 ‚
1497 1976 1692 2011 admirabi-

261 2020 305 2053 lis
329 2020 512 2054 doctrinae
549 2023 625 2063 vir,
666 2024 783 2057 dicere
808 2025 965 2066 solebat,
994 2025 1062 2059 hoc
1087 2031 1140 2058 est
1162 2024 1306 2057 fovebat
1330 2035 1370 2056 ac
1398 2024 1594 2058 fetificandi
1618 2025 1691 2059 vim

261 2066 478 2111 largiebatur
502 2080 672 2113 aquarum
697 2077 865 2113 naturae,
891 2073 1004 2106 instar
1028 2071 1180 2117 gallinae
1204 2071 1386 2104 cuiusdam
1411 2072 1485 2105 ovis
1513 2071 1689 2105 incuban-

260 2114 308 2146 tis
348 2125 388 2146 ae
416 2115 502 2148 fotis
542 2115 587 2148 ab
624 2128 660 2149 se
689 2118 759 2150 vim
791 2119 970 2163 quandam
1001 2119 1145 2153 vitalem
1181 2117 1350 2151 indentis.
1383 2130 1453 2163 quo
1477 2119 1555 2162 ipso
1581 2119 1689 2152 etiam

257 2162 446 2205 perspicue
471 2168 764 2197 commonstratur
788 2166 952 2209 spiritum
993 2172 1150 2200 sanctum
1172 2175 1219 2198 ne
1246 2175 1266 2197 a
1292 2176 1407 2198 rerum
1431 2165 1579 2211 quidem
1602 2176 1690 2199 con-

260 2206 457 2240 dendarum
484 2209 666 2243 facultate*
679 2210 837 2245 destitui.

351 2255 395 2288 Et
418 2260 556 2288 tantum
588 2256 734 2301 quidem
769 2258 813 2291 de
846 2260 1014 2304 piscibus.
1048 2271 1142 2294 nunc
1175 2270 1291 2292 rerum
1327 2258 1415 2291 ordo
1438 2259 1555 2303 poscit
1577 2261 1619 2291 ut
1641 2256 1698 2291 de·

256 2301 460 2335 volucribus
496 2303 602 2336 etiam
639 2315 750 2348 pauca
780 2317 1113 2348 commemoremus,
1145 2316 1235 2351 quae
1262 2312 1298 2339 et
1320 2306 1418 2349 ipsae
1444 2316 1546 2338 suum
1571 2309 1688 2338 ortum

259 2359 304 2381 ex
327 2350 427 2393 aquis
451 2348 662 2383 habuerunt.
687 2353 913 2395 quamobrem
939 2360 975 2388 et
1001 2353 1204 2399 cognatione
1233 2352 1383 2398 quadam
1405 2352 1606 2385 natatilium
1631 2356 1688 2384 te-

256 2401 397 2428 nentur.
433 2397 567 2441 quippe
605 2398 901 2441 quemadmodum
933 2403 1045 2447 pisces
1081 2401 1118 2433 in
1153 2400 1253 2445 aquis
1289 2400 1457 2443 degentes
1491 2409 1688 2443 pennarum

257 2443 454 2486 agitatione
479 2444 770 2488 progrediuntur,
798 2452 833 2480 et
858 2448 1003 2482 diversis
1039 2446 1169 2481 caudae
1194 2447 1348 2479 motibus
1375 2451 1451 2479 tum
1476 2444 1689 2478 inflexiones

258 2495 334 2523 tum
359 2490 512 2523 directos
556 2502 676 2524 cursus
702 2492 945 2537 moderantur,
971 2496 1019 2528 sic
1037 2499 1073 2528 et
1095 2494 1255 2527 volucres
1281 2493 1402 2526 videre
1426 2497 1480 2525 est
1507 2492 1687 2524 consimili

259 2536 412 2581 quodam
438 2536 542 2570 modo
566 2538 636 2570 suis
661 2539 727 2571 alis
753 2545 831 2574 aera
858 2543 1050 2586 pervolare.
1075 2546 1111 2574 et
1133 2540 1287 2584 gaudent
1304 2540 1404 2585 aquis
1418 2539 1578 2572 volucres
1605 2549 1688 2583 pro*

257 2589 381 2628 pterea
410 2583 508 2628 quod
534 2594 578 2617 ex
602 2585 704 2629 aquis
729 2593 826 2620 ortae
851 2590 931 2622 sint.
959 2589 1027 2622 hoc
1049 2588 1124 2621 solo
1149 2587 1318 2620 differunt
1344 2599 1362 2618 a
1387 2584 1564 2630 piscibus,
1590 2584 1687 2630 quod

257 2630 359 2663 nulla
384 2630 534 2673 pedibus
572 2637 710 2672 careat,
745 2635 885 2678 quando
919 2635 963 2669 de
1001 2641 1094 2668 terra
1128 2635 1259 2667 victum
1282 2639 1405 2678 petere
1432 2637 1623 2677 coguntur,
1651 2637 1688 2665 et

260 2687 380 2709 onmes
405 2678 603 2711 necessario
628 2678 757 2723 pedum
787 2681 1010 2715 adminiculis
1039 2681 1210 2725 indigent.
1235 2692 1316 2713 nam
1345 2679 1529 2725 rapacibus
1558 2678 1603 2712 ad
1628 2689 1689 2712 ca-

260 2722 424 2771 piendam
452 2723 623 2768 praedam‘
642 2737 775 2770 ungues
801 2728 1054 2763 accommodati
1078 2734 1182 2769 sunt,
1208 2727 1354 2761 caeteris
1379 2726 1422 2760 ad
1447 2724 1685 2760 sustinendam
