1826 3120
603 142 887 186 ANNALIUM
927 141 1063 184 PARS
1091 143 1144 182 11.
1479 119 1588 194 267

240 247 334 291 τὈτε
373 246 394 290 ὃ
432 250 508 290 τοῦ
556 248 830 303 Ἀρταξέρξου
859 243 952 294 υἱὸς
974 240 1100 299 Ὦχος
1127 242 1202 299 τὴν
1228 242 1444 298 Αἴγυπτον
1468 243 1629 286 κατέ-Β

141 331 264 369 σχεν,
301 312 323 356 ὅ
368 313 569 370 βασιλεὺς
612 314 744 368 αὐτῆς
793 310 1041 365 Νεκτεναβώ
1089 307 1272 360 ἀλλάξας
1311 307 1388 364 τὴν
1430 309 1590 363 ἐσθῆτα

140 379 295 438 ὲῖρυγεν
339 384 401 430 εἰς
430 381 727 433 Μακεδονίαν,
780 376 851 420 διὰ
886 380 1232 431 λεκανομαντείας
1280 374 1486 431 προγνούς
1512 372 1592 429 τὴν

141 446 358 503 Αἰγύπτου
388 447 654 502 κατάσχεσιν,
680 447 753 488 καί
778 442 849 486 διὰ
880 443 959 493 τὰς
990 445 1127 485 αὐτοῦ
1154 444 1409 498 μαγγανείας
1439 439 1591 496 γνώρι-

100 515 218 568 5μος
263 516 420 568 γίνεται
453 516 647 571 Φιλίππῳ
686 513 760 552 καί
794 512 848 567 τῇ
884 511 1052 564 γυναικὶ
1089 509 1221 551 αὕτοῦ
1255 508 1536 562 Ὀλυμπιάδι,
1566 503 1592 565 ᾗ

140 582 212 622 καί
235 579 486 635 μιγνύμενος
530 577 600 621 διὰ
631 578 832 633 μηχανῶν
861 575 972 618 ἔτεκε
1001 574 1075 619 τὸν
1103 577 1388 629 Ἀλέξανδρον.
1446 574 1468 616 ὁ
1494 577 1593 629 με’ν-

138 662 201 688 τοι
232 646 442 697 Φίλιππος
469 647 740 694 Μακεδονίας
767 639 1027 698 βασιλεύσας
1057 645 1129 684 καί
1163 641 1399 685 Θεσσαλίαν
1438 641 1593 684 ὑποτά-

140 714 214 762 ξας
243 711 365 754 πόλιν
392 715 437 755 ἐν
462 712 565 769 αὐτῇ
591 709 719 762 κτίζει
751 709 824 752 καί
854 711 1159 764 Θεσσαλονίκην
1191 713 1319 751 καλεῖ.
1355 706 1462 761 μετὰ
1490 709 1592 749 τοῦ-

139 781 211 821 τον
235 779 518 833 Ἀλέξανδρος.
578 775 648 819 ὅτε
681 780 821 819 τοίνυν
851 770 970 826 οὗτος
997 774 1102 818 κατὰ
1123 776 1309 832 Περσῶν
1331 775 1412 817 «καί
1427 773 1591 828 Mrjdm
1604 777 1636 811 Cv

80 862 128 888 ιο
141 861 336 902 ωομησε
365 847 613 899 συμμαχίαν
639 859 737 893 τους
761 844 992 892 Ἰουδαίους
1021 840 1204 898 ἐζήτησε.
1260 844 1334 883 καί
1364 841 1423 896 μή
1450 840 1594 895 λαβών

142 910 378 968 (συνθήκας
405 927 487 967 γαρ
508 907 621 965 εἶχον
653 909 760 965 πρὸς
775 913 957 965 Δαρεῖον
984 906 1044 963 μὴ
1076 913 1273 962 πολειιεῖν
1292 906 1443 963 αυτὸν)
1476 905 1595 965 ἐπῄει

139 981 231 1020 κατ’
263 977 418 1020 αὐτῶν.
493 976 514 1019 ὃ
552 992 653 1031 γουν
691 974 916 1032 αόχιερευς
958 973 1064 1030 πρὸς
1099 973 1291 1029 ἔκπληξιν
1319 974 1393 1029 τὴν
1422 977 1594 1027 θαυμα-

138 1043 240 1100 στὴν
284 1043 443 1100 ἐκείνην
471 1042 621 1100 στολὴν
662 1041 945 1097 ἐνδυσάμενος
979 1044 1037 1083 τῶ
1073 1039 1330 1099 Ἀλεξάνδρα)
1366 1038 1591 1095 ὑπήντησε.

138 1111 212 1152 καί
242 1108 289 1162 ὃς
317 1112 556 1165 ἐκπλαγείς,
585 1111 814 1152 κάντεῦθεν
846 1112 923 1151 τοῦ
963 1109 1091 1150 ἵππου
1123 1107 1332 1161 καταβάς,
1362 1110 1420 1164 τῷ
1446 1108 1594 1162 α’ρχιε-

79 1180 126 1222 15
142 1182 214 1233 ρεῖ
239 1180 484 1233 προσέπεσε,
558 1179 639 1220 τῶν
680 1178 780 1232 γοῦν
811 1174 1065 1232 α’λλοφύλων
1093 1177 1376 1229 ἐκπλαγέντων
1404 1173 1486 1231 ἔφη
1516 1172 1594 1227 ,,οὗ

139 1241 213 1285 τὸν
251 1243 368 1298 ἱερέα
412 1247 658 1300 προσκυνῶ,
695 1243 800 1302 άλλοὶ
843 1242 914 1284 τὸν
942 1242 1010 1284 ὑπ’
1043 1243 1180 1285 αὐτοῦ’
1208 1242 1440 1295 τιμώμενον
1466 1240 1592 1283 θεόν·

78 1327 80 1329 ’
138 1309 309 1367 τοιούτῳ
334 1309 414 1366 γάρ
449 1308 638 1365 σχήματι
669 1310 741 1351 καί
768 1308 841 1351 τὸν
870 1308 972 1351 θεὸν
1004 1306 1115 1351 εἶδον
1145 1308 1252 1351 κατὰ
1275 1311 1458 1364 Περσῶν
1487 1311 1596 1362 θαρ-

140 1374 326 1432 ρύναντά
365 1381 464 1431 με.”
541 1378 607 1434 ἐφ’
647 1371 682 1435 ᾦ
725 1378 797 1419 καί
830 1376 991 1418 θυσίαν
1028 1377 1161 1419 ἐκεῖσε
1205 1376 1264 1433 τῷ
1303 1378 1390 1433 θεῷ
1435 1372 1639 1432 προσὴ-Ῑ)

140 1457 294 1497 νεγκεν.

77 1524 128 1552 20
255 1503 391 1559 Οὗτος
418 1511 495 1563 μὲν
524 1505 597 1552 οὖν
625 1510 699 1552 καί
721 1507 830 1551 πάνυ
859 1512 1004 1566 σοφῶς
1024 1507 1097 1553 καί
1123 1505 1376 1564 εὐμηχάνως
1402 1509 1595 1562 ἐχειροῦ-

141 1590 188 1618 το
217 1574 268 1619 td
298 1574 436 1618 πάντα
457 1594 466 1603 ·
528 1574 852 1630 μετενὸυόμενος
880 1575 961 1633 γάρ
996 1574 1212 1632 εἰσήρχετο
1247 1576 1495 1630 πανταχοῦ,
1525 1572 1600 1616 καὶ

234 1738 316 1784 Quo
358 1744 520 1784 tempore
558 1739 654 1771 filius
680 1740 885 1772 Artaxerxis
923 1739 1042 1773 Ochus
1068 1739 1267 1784 Aegyptum
1299 1739 1507 1784 occupavit,
1535 1750 1597 1772 rex

143 1787 338 1832 Aegyptius
353 1785 563 1820 Nectenabo
587 1792 686 1819 veste
716 1793 951 1828 commutata,
976 1787 1013 1819 in
1036 1786 1284 1819 Macedoniam
1309 1786 1459 1830 aufugit,
1485 1797 1597 1831 quum

140 1841 247 1868 antea
272 1845 338 1879 per
369 1834 687 1874 vaticinationem,
714 1845 806 1879 quae
833 1834 932 1879 pelvi
967 1834 1061 1867 solet
1087 1834 1166 1867 fieri
1183 1859 1192 1874 ,
1219 1834 1379 1866 futurum
1410 1834 1599 1877 cognovis-

141 1888 196 1915 set
220 1886 261 1916 ut
284 1882 465 1926 Aegyptus
491 1881 530 1913 in
553 1880 713 1914 hostium
736 1887 955 1926 potestatem
977 1882 1127 1915 veniret.
1156 1892 1311 1926 cumque
1336 1891 1401 1925 per
1426 1881 1599 1925 quasdam

141 1930 350 1975 praestigias
376 1929 547 1973 Philippo
586 1929 659 1973 regi
687 1934 723 1962 et
751 1927 961 1973 Olympiadi
998 1929 1143 1972 coniugi
1169 1929 1243 1961 eius
1269 1928 1512 1968 innotuisset,
1539 1939 1599 1961 oc-

141 1977 246 2010 cultis
285 1975 614 2009 machinationibus
657 1976 826 2009 furtivam
868 1987 948 2008 cum
992 1987 1033 2008 ea
1073 1975 1372 2009 consuetudinem
1406 1975 1538 2008 habuit
1562 1981 1600 2009 et

139 2024 384 2057 Alexandrum
404 2024 616 2069 procreavit.
667 2023 856 2068 Philippus
881 2022 1121 2056 Macedonum
1145 2034 1254 2067 regno
1279 2025 1430 2068 potitus,
1443 2023 1599 2056 Thessa-

140 2071 190 2104 lia
216 2072 369 2116 imperio
395 2070 560 2112 adiecta,
587 2071 712 2103 urbem
736 2072 775 2103 in
802 2083 843 2104 ea
868 2069 1052 2111 condidit,
1082 2082 1188 2115 quam
1214 2070 1509 2104 Thessalonicam
1535 2082 1600 2115 ap-

139 2119 301 2164 pellavit.
326 2119 360 2152 ei
385 2119 558 2152 successit
580 2118 811 2160 Alexander,
846 2118 909 2163 qui
935 2129 1014 2150 cum
1040 2117 1206 2151 adversus
1232 2119 1354 2151 Persas
1379 2124 1490 2163 atque
1519 2118 1600 2150 Me-

140 2165 205 2200 dos
249 2165 521 2212 expeditionem
565 2167 801 2211 suscepisset,
837 2177 857 2198 a
883 2165 1026 2198 Iudaeis
1052 2166 1160 2210 petiit
1184 2171 1226 2199 ut
1250 2165 1321 2199 sibi
1346 2166 1469 2210 copias
1493 2165 1598 2198 auxi-

139 2213 245 2247 liares
270 2215 468 2247 mitterent.
507 2224 545 2247 re
585 2225 658 2246 nou
683 2215 887 2258 impetrata,
920 2212 1018 2257 quod
1049 2213 1106 2245 illi
1132 2213 1296 2246 dicerent
1320 2224 1358 2246 se
1383 2213 1494 2246 Dario
1519 2213 1599 2246 foe-

140 2261 225 2294 dere
253 2262 463 2294 coniunctos
484 2272 571 2303 esse,
602 2273 673 2306 quo
699 2261 947 2294 contineretur
965 2271 1012 2293 ne
1029 2260 1166 2293 bellum
1192 2261 1361 2294 adversus
1392 2262 1509 2306 ipsum
1535 2272 1598 2305 ge-

140 2314 280 2350 rerent,
308 2314 405 2341 recta
429 2310 469 2341 in
506 2320 567 2341 eos
597 2320 677 2342 cum
701 2309 859 2341 exercitu
896 2308 1094 2341 contendit.
1122 2314 1198 2341 tum
1221 2319 1305 2341 vero
1332 2309 1498 2353 pontifex
1522 2320 1599 2341 ma-

139 2356 252 2389 ximus
276 2356 422 2389 terroris
455 2368 562 2389 causa
585 2362 720 2390 vestem
753 2356 852 2388 illam
881 2354 1125 2388 admirandam
1151 2355 1298 2389 indutus
1332 2356 1486 2389 occurrit
1511 2356 1598 2389 Ale-

138 2402 298 2446 xandr-03
327 2404 390 2448 qui
418 2403 613 2437 formidine
640 2403 825 2449 perculsus
855 2408 891 2435 et
916 2414 959 2435 cx
991 2414 1083 2448 equo
1110 2402 1275 2448 delapsus
1306 2403 1351 2436 ad
1368 2403 1479 2448 pedes
1506 2414 1599 2448 pon-

141 2450 245 2483 tificis
272 2450 416 2484 accidit.
451 2451 497 2484 ad
521 2450 614 2484 hanc
640 2462 714 2483 rem
743 2462 823 2483 cum
855 2450 1018 2483 homines
1044 2451 1205 2484 extranei
1230 2462 1445 2496 magnopere
1473 2450 1599 2483 obstu-

139 2503 351 2541 pescerent,
376 2498 565 2542 respondit
587 2497 792 2531 Alexander
815 2508 889 2530 non
914 2508 966 2530 se«
989 2498 1263 2542 congenulando
1290 2498 1511 2531 sacerdotem
1536 2509 1599 2530 ve-

140 2544 282 2585 nerari,
309 2544 373 2578 sed
413 2546 551 2579 cultum
590 2545 633 2578 ab
658 2557 701 2578 eo
729 2545 858 2586 deum,
881 2555 988 2589 quem
1013 2545 1189 2579 eiusmodi
1211 2545 1340 2578 habitu
1369 2545 1598 2590 conspexerit

140 2602 178 2624 se
204 2597 327 2624 contra
352 2593 472 2626 Persas
498 2593 729 2638 instigantem
755 2598 791 2626 et
816 2592 1044 2626 animantem.
1068 2592 1160 2627 hanc
1179 2593 1224 2626 ob
1243 2604 1384 2626 causam
1410 2592 1478 2625 deo
1505 2602 1598 2638 quo-

141 2649 212 2684 que
243 2650 316 2672 rem
339 2650 473 2673 sacram
498 2640 756 2683 Hierosolymis
785 2640 884 2674 fecit.

233 2686 362 2731 Itaque
381 2686 551 2733 deinceps
568 2687 767 2733 prudenter
792 2686 984 2720 admodum
1009 2698 1050 2720 ac
1074 2687 1240 2721 sollerter
1264 2686 1450 2731 occupavit
1466 2687 1595 2719 omnia.

140 2744 220 2766 nam
246 2738 345 2767 veste
367 2741 503 2769 mutata
528 2746 564 2769 se
594 2735 741 2780 quaevis
771 2733 816 2767 ad
841 2734 918 2767 loca
941 2734 1167 2777 conferebat,
1205 2741 1239 2768 et
1268 2734 1403 2767 cunctis
1429 2735 1596 2779 explora-
