1826 3120
606 106 890 148 ANNALiUM
932 108 1068 148 PARS
1111 109 1162 147 ιι.
1498 91 1599 146 231

147 204 226 248 τοῦ
251 205 400 261 ψῆφον
439 207 514 248 καί
546 205 674 258 μόνος
713 205 946 262 ἐξήνεγκεν,
976 203 1038 249 ὅτι
1079 210 1270 261 μείζονος
1297 207 1450 250 ἑαυτὸν
1479 208 1610 262 ἔδειξε

147 269 356 321 κολάσεως
393 267 511 322 ἄξιον
551 269 682 325 οὕτως
711 273 842 316 εἰπών
880 275 955 327 ηἐκ
985 276 1032 316 δὲ
1073 272 1232 329 Λάμεχ
1263 273 1611 332 ἑβδομηκοντάκις

146 336 292 382 ἑπτά.”

259 404 316 447 Εἰ
349 405 396 447 δὲ
454 405 618 447 κάκεῖνο
665 409 1052 461 πολυπραγμονεῖς,
1102 407 1316 461 α’γαπητέ,
1361 405 1462 463 ὅπερ
1506 408 1612 463 πρὸς

111 469 263 514 5Κὰἲν
291 467 406 514 εἶπεν
444 469 465 513 ὁ
498 472 625 526 θεός,
669 469 737 514 ὅτι
770 476 853 522 πᾶς
883 472 904 513 ἆ
943 473 1191 523 ἀποκτείνας
1223 474 1341 516 Κάϊν
1367 473 1470 518 ἑπτὰ
1500 478 1612 518 ἐκδι-

145 536 328 590 κούμενα
349 537 604 594 παραλύσει,
637 537 659 580 ὅ
686 538 1001 595 χρυσορρήμων
1025 539 1215 594 Ἰωάννης
1235 543 1281 582 ὲν
1310 544 1372 599 τῷ
1399 546 1490 584 κατ’
1514 544 1611 585 Ἰου-

147 604 280 646 δαίων
304 606 408 664 ἕκτῳ
437 605 544 664 λόγῳ
575 603 733 657 διδάξει
763 621 811 648 σε
838 605 944 648 κατὰ
974 605 1091 662 ῥῆμα
1130 607 1295 658 διεξιών
1324 609 1496 651 οὑτωσί.
1525 609 1612 666 ,μὴ

148 673 301 729 φοβοῦ,
333 673 461 728 φησί·
515 670 652 730 βιώσῃ
678 672 772 726 βίον
797 670 990 728 μακρόν·
1047 669 1127 716 κᾶν
1155 675 1280 732 ἀνέλῃ
1310 677 1360 716 σε’
1391 692 1479 729 τις,
1514 682 1616 717 πολ-

146 741 239 787 λαῖς
267 735 387 780 ἔσται
411 738 635 794 τιμωρίαις
660 736 918 788 ὑπεύθυνος.
975 739 999 780 ὅ
1029 738 1113 795 γὰρ
1143 736 1249 782 ἑπτὰ
1279 742 1467 797 ἀριθμὸς
1495 742 1612 797 παρὰ
1628 755 1663 787 Ρ.
1683 756 1746 790 123

87 824 134 852 ιο
147 804 199 862 τῇ
221 806 371 862 γραφῇ
393 805 636 861 α’διορίστου
664 803 853 860 πλήθους
881 805 973 848 ἐστι’
999 804 1269 862 σημαντικός.
1304 804 1517 851 δ’ἀνελών
1543 826 1614 862 σε,

147 873 267 928 φησί,
293 869 368 913 καί
394 870 476 914 τῶν
501 873 776 925 ἐπικειμένων
794 889 862 914 σοι
885 873 1116 924 ἀπαλλάξει
1139 873 1367 928 κολάσεων,
1398 871 1527 925 αὐτὸς
1548 877 1615 932 ἐφ’

150 930 308 981 ἑαυτὸν
339 937 620 981 ἐπισπάσεται
649 937 725 994 την
753 939 977 995 τιμωρίαν.
1013 942 1087 982 καί
1115 941 1233 982 δοκεῖ
1253 942 1332 994 μὲν
1362 938 1469 983 εἶναι
1503 943 1615 997 βαρύ

144 1002 193 1047 τὰ
222 1000 464 1060 λεγόμενον,
493 1007 646 1061 πολλῆς
681 1007 728 1048 δὲ
751 1002 866 1059 ὅμως
895 1009 1145 1062 κηδεμονίας
1174 1009 1278 1053 ἐστί.
1307 1007 1380 1050 καί
1404 1008 1485 1063 γὰρ
1517 1007 1617 1058 τοὺς

142 1069 247 1124 μετὰ
280 1071 417 1114 ταῦτα
447 1072 710 1128 σωφρονίσαι
754 1071 1013 1126 βουλόμενος
1043 1076 1235 1116 τοιοῦτον
1265 1073 1464 1130 ἐπενόησε
1493 1073 1617 1117 κολά-

86 1141 255 1188 ιόσεως
288 1136 466 1194 τρόπον,
499 1136 544 1188 ὃς
571 1139 813 1191 ἀπαλλάξαι
859 1141 1049 1182 κάκεῖνον
1078 1142 1152 1196 τῆς
1182 1143 1390 1196 τιμωρίας
1418 1140 1615 1196 ἠδύνατο.

145 1205 186 1247 εἰ
219 1205 298 1259 μὲν
338 1205 419 1261 γὰρ
467 1206 630 1255 εὐθέως
671 1205 797 1248 αὐτὸν
851 1206 1037 1260 ἀνεῖλεν,
1081 1209 1273 1262 ἀπῆλθεν
1310 1204 1363 1250 ἂν
1388 1207 1511 1262 ἔχων
1544 1207 1620 1264 τὴν

147 1272 374 1327 ἁμαρτίαν,
404 1273 478 1313 καί
505 1278 591 1321 τοῖς
617 1272 727 1326 μετὰ
757 1276 891 1316 ταῦτα
912 1269 989 1315 ου’κ
1019 1270 1073 1316 ἄν
1101 1276 1261 1328 ἐγένετο
1291 1274 1515 1331 γνώριμος.
1545 1293 1620 1318 νυ-

131 1340 189 1388 ,νί
217 1338 400 1395 ἀφεθείς
422 1337 552 1380 πολύν
578 1337 733 1394 χρόνον
765 1342 890 1395 ζῆσαι
920 1342 963 1382 ἐν
982 1340 1125 1399 ἐκείνῳ
1155 1343 1214 1398 τῷ
1240 1340 1383 1399 τρόμῳ
1414 1335 1620 1385 διδάσκα-

147 1408 217 1454 λος
244 1410 331 1454 τοῖς
362 1406 583 1447 ἀπαντῶσι
611 1409 841 1449 καθίστατο
872 1408 978 1449 πᾶσι
1007 1405 1078 1448 διὰ
1109 1410 1182 1461 τῆς
1224 1402 1379 1461 ὅψεως.
1440 1407 1547 1450 ἀλλὰ
1577 1410 1624 1451 τί

81 1485 132 1513 20
147 1468 198 1526 δη’
225 1486 328 1512 ποτε
356 1469 432 1526 τὴν
476 1471 691 1526 ἁμαρτίαν
725 1471 1012 1528 ὁμολογήσας,
1043 1473 1118 1514 καί
1147 1472 1278 1516 εἰπών
1307 1476 1483 1526 μείζονα
1514 1487 1654 1528 συγ-Β

145 1534 312 1594 γνώμης
334 1537 643 1595 ἡμαρτηκέναι,
674 1540 751 1580 ου’κ
781 1535 833 1580 ἂν
863 1538 1037 1594 ἴσχυσεν
1066 1541 1366 1594 ἀπονίψασθαι
1396 1540 1440 1582 τὸ
1475 1539 1614 1597 ἁμάρ-

148 1719 332 1753 occultare
368 1724 518 1752 conatus
558 1719 680 1753 fuerit.
717 1725 755 1754 at
790 1720 918 1754 eodem
944 1733 964 1754 a
989 1719 1135 1766 piaculo
1164 1719 1365 1754 Lamecbus
1393 1720 1613 1763 absolvitur,

145 1766 247 1813 quod
271 1768 348 1812 ipse
377 1778 442 1800 suo
472 1778 509 1800 se
538 1767 677 1799 calculo
704 1767 937 1810 damnaverit,
962 1779 1074 1813 seque
1103 1768 1230 1801 maiori
1257 1769 1438 1813 supplicio
1465 1769 1614 1813 dignum

146 1814 266 1848 verbis
295 1814 394 1847 hisce
421 1815 712 1859 pronuntiaverit
734 1815 795 1856 „in
822 1815 936 1849 Caino
971 1815 1131 1861 septupli
1155 1827 1274 1861 poena
1303 1815 1395 1857 fuit,
1419 1817 1458 1849 in
1485 1817 1614 1850 Lame-

147 1861 214 1896 cho
241 1862 515 1908 septuagecupli
541 1863 700 1907 septupli
727 1862 826 1895 erit.'’

241 1909 408 1955 Quodsi,
447 1909 581 1942 dilecte
621 1910 693 1950 fili,
729 1909 870 1942 curiose
908 1908 979 1943 tibi
1003 1908 1098 1942 libet
1122 1908 1231 1941 etiam
1262 1908 1309 1941 de
1332 1907 1402 1940 hoc
1427 1908 1614 1954 inquirere

146 1957 247 2004 quod
271 1958 319 1990 ad
343 1957 492 1991 cainum
520 1969 539 1990 a
566 1956 635 1989 deo
674 1957 878 2002 profertur,
903 1957 1140 2002 „quicunque
1156 1955 1307 1988 Cainum
1336 1956 1531 1997 necaverit,
1555 1968 1614 1990 se-

145 2005 266 2051 ptupli
294 2004 491 2041 vindictam
516 2003 753 2045 sustinebit,’'
789 2004 876 2037 licet
901 2015 945 2036 ex
975 2004 1148 2037 Iohannis
1173 2002 1419 2046 Qllrysostomi
1446 2004 1613 2037 oratione

146 2053 183 2086 in
210 2052 363 2086 Iudaeos
387 2052 540 2098 septima
567 2052 695 2093 discas,
722 2052 785 2084 ubi
811 2051 901 2084 haee
925 2051 1033 2084 verba
1059 2051 1174 2096 ipsius
1201 2056 1353 2084 exstant.
1378 2050 1525 2091 „dicere
1547 2063 1613 2085 vo-

146 2100 217 2133 luit
250 2100 362 2142 deus,
399 2111 446 2134 ne
482 2105 621 2133 metuas
654 2099 743 2141 tibi,
770 2099 911 2132 Caine:
938 2099 1050 2133 vitam
1078 2099 1287 2143 longaevam
1320 2099 1453 2143 exiges.
1477 2099 1611 2144 quodsi

139 2148 230 2193 'quis
265 2154 301 2182 te
326 2148 531 2188 necaverit,
564 2147 758 2180 multarum
793 2157 993 2191 poenarum
1025 2158 1062 2180 se
1094 2157 1194 2180 reum
1234 2146 1355 2180 faciet.
1382 2146 1634 2191 septenarius-

147 2196 244 2228 euim
269 2207 440 2228 numerus
467 2195 573 2228 saeris
594 2195 636 2228 in
655 2195 786 2228 litteris
812 2194 1022 2228 indefinitae
1038 2193 1285 2228 multitudinis
1308 2194 1611 2239 significationem

147 2243 283 2276 habere
310 2243 414 2276 solet.
458 2243 522 2288 qui
549 2253 632 2287 ergo
666 2248 702 2276 te
728 2242 977 2280 interfecerit,
1012 2242 1132 2287 iisque
1157 2242 1286 2287 poenis
1313 2242 1488 2275 exemerit
1514 2253 1611 2288 quae

146 2296 184 2324 te
210 2302 308 2324 nunc
332 2297 521 2336 premunt,
548 2291 578 2323 is
605 2290 825 2336 supplicium
853 2290 890 2322 in
910 2290 1142 2334 semetipsum
1167 2289 1370 2323 transferet.
1401 2289 1500 2335 quod
1526 2290 1611 2334 qui-

149 2338 229 2372 dem
258 2338 393 2371 dictum
414 2349 587 2384 perquam
618 2333 825 2382 esse'gmve
850 2337 1010 2377 videtur,
1039 2349 1163 2370 verum
1189 2349 1207 2370 a
1231 2336 1459 2382 providentia
1485 2337 1610 2380 singu-

148 2386 215 2419 lari
240 2386 491 2431 proficiscitur.
519 2397 597 2418 cum
623 2387 721 2419 enim
746 2385 834 2418 deus
860 2385 1077 2430 posteriores
1103 2385 1242 2418 efficere
1266 2385 1359 2429 frugi
1382 2385 1514 2425 vellet,
1541 2383 1611 2416 hu-

148 2432 304 2466 iusmodi
326 2444 467 2479 poenae
495 2433 641 2466 modum
665 2433 821 2478 reperit,
846 2432 911 2477 qui
937 2438 973 2466 et
997 2433 1114 2478 ipsum
1132 2432 1289 2466 liberare
1314 2431 1496 2477 supplicio
1526 2443 1611 2475 pos-

151 2485 217 2515 set.
242 2493 324 2514 nam
354 2482 383 2514 si
422 2491 507 2513 mox
535 2492 614 2513 eum
635 2481 864 2519 sustulisset,
901 2491 965 2513 suo
991 2491 1069 2513 cum
1092 2479 1229 2514 delicto
1253 2480 1425 2525 periisset
1450 2489 1517 2511 nec
1542 2490 1609 2523 po-

151 2527 255 2561 steris
289 2529 519 2561 innotuisset.
556 2540 652 2561 nunc
678 2540 758 2561 cum
785 2527 879 2560 facta
912 2528 1021 2561 fuerit
1047 2528 1081 2561 ei
1105 2533 1267 2573 potestas
1297 2528 1333 2560 in
1361 2526 1423 2558 ina
1448 2525 1609 2570 trepida-

152 2575 251 2608 tione
276 2575 336 2608 diu
363 2575 533 2616 vivendi,
558 2576 617 2608 vel
645 2576 723 2621 ipso
752 2575 886 2608 intuitu
915 2575 987 2608 sibi
1012 2581 1241 2609 occurrentes
1268 2573 1468 2607 erudiebat.
1495 2573 1610 2606 enim-

150 2634 235 2655 vero
261 2623 323 2668 qui
350 2623 482 2656 factum
511 2628 566 2656 est
589 2628 630 2655 ut
653 2634 732 2656 curn
759 2623 932 2656 delictum
955 2634 1057 2656 suum
1085 2622 1200 2656 fassus
1226 2622 1303 2667 ipse
1327 2620 1447 2654 verbis
1471 2620 1526 2654 his
1552 2632 1610 2654 es-

155 2674 207 2703 set
232 2670 338 2715 (Gen.
363 2670 384 2714 4
416 2671 469 2716 13)
511 2670 650 2710 „maior
690 2676 744 2703 est
769 2681 847 2702 mea
871 2669 976 2714 culpa
1009 2681 1116 2716 quam
1141 2676 1182 2704 ut
1206 2669 1410 2702 remittatur
1423 2670 1455 2711 ‚''
1480 2679 1610 2714 pecca-

155 2721 231 2751 tum
256 2717 404 2752 abluere
439 2717 673 2764 nequiverit?
709 2718 810 2763 atqui
842 2722 940 2751 vates
984 2717 1036 2751 ait
1066 2717 1301 2763 „iniquitates
1333 2722 1412 2751 tuas
1461 2715 1608 2750 domino
