1826 3120
586 119 871 163 ANNALmM
915 121 1055 164 PARS
1098 124 1132 163 1.
1470 120 1489 155 1
1502 100 1574 156 05

234 224 274 265 Γ
271 223 418 264 {mane
448 221 494 262 δὲ
520 222 661 275 τοῦτο,
693 218 760 264 ὅτι
791 223 1031 277 γεννήτορες
1055 223 1134 264 τοῦ
1161 220 1383 277 α’ραίματος
1411 219 1578 273 μόσχου

125 290 164 332 οὶ
190 289 235 331 ἐν
259 284 390 344 Ἰνδίᾳ
432 288 653 340 νεμόμενοι
694 286 860 345 ἔλαφοι.
938 288 1064 331 ου’ὃὲν
1109 286 1190 343 γοὶρ
1231 285 1375 344 ἕτερόν
1413 287 1504 328 ἐστι
1529 284 1577 328 τὰ

123 355 468 410 πολυθρύλλητον
496 356 616 396 τοῦτο
647 349 802 409 ὅρωμα
824 350 854 409 ἢ
880 351 986 407 αἷμα
1016 353 1176 411 ἐλάφου
1207 354 1616 408 ἐσπαργανωμένονΒ

125 422 171 464 ἒν
195 423 253 479 τῷ
282 418 485 478 ὀμφαλῷ·
513 421 612 475 περὶ
637 422 781 473 μέντοι
808 418 860 462 τὰ
891 421 988 475 τέλη
1017 422 1095 462 τοῦ
1125 418 1245 476 ἔαρος
1274 418 1463 475 ῥίπτεται
1496 415 1580 461 αῗσ-

88 488 203 542 5περ
230 503 271 529 τι
297 484 555 542 περίττωμα.
610 485 766 535 εὐῶδες
794 486 918 528 ου’δέν
943 503 983 528 τι
1009 487 1135 542 μέρος
1165 487 1300 529 αὐτοῦ
1327 482 1583 539 συλλεγόμε-

126 569 220 596 νον·
280 552 376 596 ἀλλ’
418 549 592 595 ἐπειδᾶν
616 550 759 609 χρόνῳ
799 555 1015 609 ταμιευθῇ
1043 554 1115 594 καί
1141 554 1200 602 εἰς
1230 549 1380 608 ἑτέραν
1409 547 1582 607 ἤπειρον

124 619 416 676 μετακομισθῇ
427 651 439 671 ,
485 619 715 672 τηνικαῦτα
744 617 791 659 τὸ
813 618 971 667 εὐῶδες
997 621 1164 671 πνεῦμα
1194 618 1358 675 α’φίησι.
1388 670 1397 678 .
1415 620 1582 674 λέγεται

126 687 174 729 δὲ
200 682 266 728 ὅτι
294 683 320 740 ἦ
349 682 508 740 ἔλαφος
535 684 765 739 θελγομὲνη
793 678 882 742 ἤχῳ
913 685 1056 726 αὐλῶν
1076 686 1150 726 καί
1175 683 1390 740 κροτάλοις
1416 682 1488 726 τὸν
1514 685 1692 739 ἔγ-Ἷ.43

124 750 203 807 γὺς
231 749 404 806 τοξότην
449 746 531 804 οὔχ
571 748 649 807 δρᾷ
696 751 770 792 καί
804 750 1028 800 τοξεύεται.
1095 747 1203 794 οὕτω
1249 751 1323 792 καί
1348 748 1468 806 ἡμεῖς
1494 748 1579 791 ὑπὸ

68 820 212 861 loz-&3⁵11
237 820 314 861 τοῦ
339 815 499 870 κόσμου
528 817 718 872 τερπνῶν
758 814 1088 870 καταυλούμενοι
1119 818 1312 871 ου’δαμοῦ
1326 814 1583 873 ’συνορῶμεν

124 884 199 928 τὸν
222 885 319 927 καθ’
368 882 483 938 ἡμᾶς
530 879 732 939 ἆοροίτοις
766 884 908 937 βέλεσι
938 883 1172 938 χρώμενον.
1229 882 1333 925 οἶλλά
1363 882 1434 924 καί
1461 898 1583 925 συνε-

122 952 212 1006 χῶς
235 948 478 1007 ἑπίδρόμῳ
504 948 582 1004 τήν
610 947 769 1006 ἔλαφον
802 947 854 991 τοὶ
873 950 996 991 τέκνα
1024 947 1251 1004 γυμνάζειν
1278 949 1408 1003 αὐτῆς
1435 948 1581 1002 λέγου-

122 1031 182 1066 σι.
249 1016 372 1058 τοῦτο
410 1015 457 1055 δὲ
496 1014 733 1072 ιρκονόμησε
769 1012 935 1064 πάντως
980 1014 1002 1056 ὁ
1032 1014 1131 1065 θεὸς
1160 1012 1262 1066 τούς
1289 1017 1620 1071 νωθροτέρουςῦ

123 1082 336 1139 ἐντρέπειν
363 1087 508 1136 γονεῖς.

66 1153 112 1194 15
227 1145 346 1191 Ἀλλ’
377 1144 457 1201 ὅρα
475 1147 693 1191 κάνταῦθα
712 1149 964 1204 κηδεμονίαν
984 1151 1100 1191 θεοῦ.
1131 1146 1277 1203 ἐπειδή
1298 1146 1377 1203 γάρ
1399 1145 1519 1189 τουτί
1534 1145 1580 1189 τὸ

125 1217 245 1268 ζῶον,
265 1213 292 1269 ἦ
315 1212 473 1270 ἔλαφος
493 1214 696 1270 δηλονότι,
721 1213 859 1257 δειλόν
888 1216 978 1258 ἐστι
999 1215 1071 1259 καὶ
1090 1214 1160 1258 διὰ
1179 1218 1299 1257 τοῦτο
1327 1220 1481 1271 φυγαῖς
1510 1211 1586 1255 del

122 1296 222 1323 ποτε
245 1282 461 1335 κέχρηται,
491 1281 877 1336 προκατεσκεύασεν
908 1280 1041 1337 αὔτὴν
1070 1282 1092 1323 ὁ
1121 1280 1220 1329 θεὸς
1239 1277 1354 1323 ὥστε
1383 1297 1578 1335 παρακα-

122 1348 264 1402 τέχειν
305 1346 511 1403 ἀσφαλῶς
551 1350 596 1390 ἐν
633 1350 685 1404 τῇ
719 1345 856 1406 μήτρα
883 1346 932 1390 τοὶ
977 1347 1123 1403 ἔγγονα
1154 1345 1298 1403 αὗτῆς.
1355 1345 1427 1388 καί
1455 1347 1579 1401 δῆλον

123 1414 168 1455 ἐν
197 1418 283 1462 τοῖς
309 1415 393 1456 τῶν
423 1416 733 1469 περιεχομένων
756 1417 814 1472 τῷ
840 1414 932 1468 Ἰὼβ
959 1417 1017 1472 τῷ
1043 1416 1238 1471 μακαρίῳ
1267 1413 1408 1470 ἐκείνῳ
1441 1413 1578 1466 α’νὸρί.

57 1481 349 1536 αοτηνικαῦτα
387 1483 587 1536 κριθῆναι
623 1479 729 1532 μετὰ
780 1483 888 1523 θεοῦ
920 1482 1058 1536 ἐζήτει
1070 1513 1082 1535 ,
1131 1479 1204 1522 καί
1235 1477 1335 1522 τάδε
1359 1478 1464 1535 πρὸς
1492 1483 1579 1528 τοῖς

123 1542 267 1597 ἄλλοις
309 1545 449 1602 ἔλεγεν
487 1546 510 1589 ὃ
553 1546 652 1597 θεὸς
686 1547 933 1605 ,,ε’φυ’λαξας
974 1548 1129 1598 ὠδῖνας
1170 1544 1364 1604 ἐλάφων,
1392 1548 1579 1603 ἠρίθμη-

216 1661 248 1695 8.
276 1656 335 1696 ὅτι
361 1658 496 1697 deerat.

215 1774 293 1808 Hoc
333 1785 480 1820 quoque
518 1776 744 1819 cognoscito,
778 1776 856 1809 eius
890 1776 1059 1810 aromatis
1096 1777 1197 1822 quod
1221 1786 1381 1810 muscum
1407 1775 1577 1817 dicimus,

125 1827 288 1856 auctores
308 1832 385 1855 esse
411 1834 529 1856 cervos
555 1823 637 1855 illos
664 1823 726 1868 qui
750 1828 910 1856 montem
935 1824 1059 1856 Indiae
1085 1823 1265 1868 quendam
1292 1824 1466 1856 incolunt.
1494 1835 1575 1856 nam

126 1869 401 1904 celeberrimum
426 1869 495 1903 hoc
522 1880 641 1902 aroma
667 1869 760 1902 nihil
786 1876 842 1903 est
867 1871 968 1903 aliud
993 1882 1100 1916 quam
1123 1882 1307 1904 cervorum
1334 1870 1488 1915 sanguis,
1514 1871 1578 1915 qui

125 1917 171 1951 de
197 1916 371 1950 umbilico
410 1923 514 1962 rupto
548 1917 727 1961 profluxit.
766 1916 863 1950 hunc
901 1918 957 1950 illi
993 1918 1157 1951 extremis
1193 1918 1231 1951 in
1256 1918 1420 1963 partibus
1444 1917 1578 1950 montis

124 1965 294 1998 reiiciunt
321 1965 423 2010 quasi
448 1964 629 2010 quoddam
659 1969 936 1999 excrementum.
961 1975 1112 2010 cumque
1138 1965 1319 2010 colligitur
1336 1991 1345 2006 ,
1371 1965 1472 1997 nulla
1495 1976 1577 2009 pars

124 2013 202 2045 eius
227 2012 375 2045 odorem
399 2018 537 2057 gratum
564 2011 685 2045 habet.
711 2023 833 2045 verum
857 2012 920 2044 ubi
943 2019 1026 2057 post
1049 2013 1220 2057 temporiS
1245 2012 1395 2057 aliquod
1423 2012 1577 2057 spatium

121 2059 317 2106 inquiritur
345 2065 382 2093 et
406 2060 494 2093 alias
521 2059 567 2092 ad
593 2066 704 2093 terras
733 2059 892 2093 delatum
921 2065 993 2100 est,
1019 2065 1094 2092 tum
1118 2059 1250 2093 deinde
1274 2059 1505 2104 fragrantiam
1530 2059 1578 2091 il-

121 2107 195 2140 lam
229 2107 349 2152 spirat.
382 2107 485 2140 aiunt
522 2107 610 2140 item
645 2118 806 2148 cervam,
842 2106 926 2139 dum
957 2106 1128 2140 tibiarum
1163 2118 1250 2140 sono
1279 2112 1315 2140 et
1342 2105 1576 2140 tintinabulis

122 2154 336 2195 delectatur,
364 2154 566 2187 adstantem
597 2165 710 2199 prope
740 2154 960 2199 sagittarium
984 2166 1057 2187 non
1082 2165 1227 2188 cernere
1253 2154 1465 2200 sagittisque
1489 2164 1578 2187 con-

122 2202 197 2247 figi.
223 2201 274 2235 sic
296 2212 362 2235 nos
405 2213 573 2247 quoque,
616 2201 699 2235 dum
723 2201 969 2247 voluptatibus
1006 2201 1111 2234 huius
1138 2201 1264 2235 mundi
1287 2201 1391 2247 quasi
1418 2201 1576 2234 modulis

123 2246 339 2294 quibusdam
355 2249 528 2282 tibiarum
555 2250 788 2291 oblectamur,
815 2248 1055 2283 adversarium
1078 2255 1240 2282 nostrum
1265 2249 1375 2294 plane
1399 2260 1576 2294 nusquam

123 2296 325 2338 cernimus,
363 2296 707 2341 inadspectabilibus
737 2303 859 2331 contra
892 2308 957 2330 nos
981 2296 1063 2330 telis
1089 2302 1264 2330 utentem.
1289 2301 1478 2342 praeterea
1502 2301 1576 2329 tra-

125 2344 217 2378 dunt
241 2355 380 2378 cervam
406 2344 549 2377 assiduo
565 2345 659 2378 fetus
684 2356 764 2377 suos
792 2356 894 2377 cursu
913 2354 1086 2377 exercere.
1111 2345 1231 2378 voluit
1259 2343 1328 2378 hoc
1347 2343 1494 2377 omnino
1524 2343 1575 2375 sic

125 2391 203 2424 fieri
231 2391 341 2433 deus,
366 2397 407 2425 ut
424 2393 634 2436 parentibus
660 2392 793 2436 ignavis
813 2391 987 2436 pudorem
1016 2392 1203 2425 incuteret.

216 2439 306 2472 Heic
331 2450 477 2484 quoque
501 2439 559 2472 dei
595 2440 856 2484 providentiam
888 2450 1078 2484 curamque
1114 2439 1204 2472 mihi
1231 2437 1467 2472 considerato.
1494 2447 1574 2469 cum

125 2485 258 2519 animal
280 2486 351 2519 hoc
373 2486 538 2519 timidum
564 2487 610 2520 sit
635 2498 674 2520 ac
703 2493 892 2533 propterea
916 2498 1101 2532 nunquam
1123 2498 1198 2520 non
1223 2492 1346 2520 utatur
1370 2496 1491 2524 cursu,
1518 2489 1574 2516 ta-

125 2532 196 2565 lem
221 2545 345 2567 cervae
373 2539 586 2568 structuram
614 2534 702 2568 deus
731 2535 866 2575 effecit,
884 2538 926 2566 ut
949 2534 1042 2567 fetus
1065 2546 1146 2568 suos
1174 2535 1211 2567 in
1236 2539 1339 2567 utero
1365 2533 1452 2564 citra
1476 2531 1575 2576 peri-

126 2579 245 2613 culum
278 2581 394 2614 ullum
434 2588 549 2626 gestet
585 2593 625 2615 ac
654 2582 818 2615 retineat.
849 2586 951 2625 patet
972 2579 1040 2614 hoc
1066 2581 1111 2614 de
1136 2581 1210 2615 illis
1240 2581 1348 2614 etiam
1374 2589 1467 2624 quae
1495 2578 1574 2611 lobi

127 2626 222 2664 libro
248 2629 487 2662 continentur.
516 2641 598 2662 nam
627 2629 672 2662 ad
699 2630 813 2662 virum
841 2629 942 2660 illum
966 2628 1134 2671 beatum,
1164 2640 1242 2661 cum
1270 2627 1470 2672 disceptare
1495 2637 1574 2658 cum

128 2672 196 2706 deo
219 2675 348 2715 vellet,
371 2676 467 2709 inter
493 2677 563 2710 alia
593 2676 681 2709 deus
708 2676 776 2709 hoc
800 2686 945 2722 quoque
969 2676 1106 2721 profert
1130 2675 1222 2722 (Iob.
1250 2676 1296 2718 39
1325 2675 1356 2720 1)
1393 2679 1484 2716 „tun
1509 2672 1576 2705 ob-

127 2722 275 2756 servasti
293 2728 415 2768 partus
441 2734 635 2766 cervarum,
660 2735 844 2758 mensesve
868 2723 1063 2758 numerasti
1087 2723 1219 2770 quibus
1244 2727 1387 2757 uterum
1405 2721 1526 2755 ferunt
1536 2719 1575 2753 ?'’
