1826 3120
566 142 848 184 ANNAIAUM
886 136 1021 183 PARS
1062 143 1134 182 ιιι.
1436 120 1509 187 44
1522 139 1541 174 1

110 247 294 302 παρέστη
338 245 411 288 καὶ
445 243 734 299 mamimus·
765 246 858 298 με.”
912 244 1014 286 κατὰ
1041 244 1088 286 δέ
1113 257 1160 297 γε
1206 241 1252 286 τὸ
1283 242 1399 292 τέλος
1424 238 1548 295 μόνος

111 314 249 368 παρῆν
281 312 304 353 o‘
335 314 518 361 Λουκᾶς.

139 395 143 398 “
222 377 350 422 Μετὰ
376 381 518 431 μέντοι
535 377 609 432 τὴν
629 379 798 433 πρώτην
817 378 1042 432 ἀπολογίαν
1061 377 1121 426 εἰς
1136 375 1352 420 Ἱσπανίαν
1380 373 1404 416 ὅ
1422 375 1552 416 Παῦ-

63 474 75 490 ,-
111 448 181 494 λος
206 446 495 500 παραγίνεται.
526 442 698 499 γύναιον
727 439 801 487 οὖν
830 461 873 488 τι
911 447 992 487 τῶν
1018 442 1234 498 ἐπισήμων
1266 443 1311 484 ἐκ
1340 440 1421 497 πρὸ
1451 444 1550 482 πολ-

74 510 192 552 5λοῦ
217 513 342 553 θέλον
380 509 454 552 τὸν
487 513 666 554 Παῦλον
697 511 802 552 ἰδεῖν
832 513 905 553 καί
929 509 1004 565 τὴν
1034 506 1239 565 ἀλήθειαν
1265 510 1551 563 ἐνηχηθῆναι,

109 575 364 633 παρακύψαι
389 578 551 632 λέγεται
581 575 687 619 κατα
715 575 790 632 τὴν
819 574 979 631 α’γοράν
1006 574 1080 618 καὶ
1106 576 1210 617 ἰδεῖν
1229 574 1360 616 αὐτὸν
1387 571 1554 627 διερχό-

111 658 258 696 μενον,
288 641 361 685 καί
386 649 529 686 πεῖσαι
563 640 636 684 τὸν
664 642 792 698 αὐτῆς
828 638 964 698 ἄνδρα
990 639 1162 696 Πρόβον
1195 639 1306 690 ἐντὸς
1332 641 1408 682 τοῦ
1438 638 1551 681 οἴκου
1565 647 1600 681 P.
1615 647 1677 691 237

111 711 318 760 δέξασθαι
351 705 498 750 αὐτόν.
555 707 816 756 εἰσελθόντος
843 704 919 750 οὖν
945 710 1097 762 θαῦμα
1126 708 1360 761 παράδοξον
1384 708 1555 760 γίνεται·

113 766 161 818 τό
191 774 273 830 γὰρ
309 772 481 829 γύναιον
523 775 902 832 ἀνακαλυφθέντων
939 777 1023 817 τῶν
1068 772 1144 817 τοῦ
1187 772 1282 823 νοὸς
1316 772 1556 828 ’ὀφθαλμῶν

53 836 227 898 ιοὲώρα
266 842 338 884 εἠἰ
357 841 434 883 τοῦ
471 855 669 894 μετωπου
707 842 784 882 τοῦ
816 838 1051 883 α’ποστόλου
1088 842 1300 893 ἐπίχρυσα
1326 836 1557 894 γράμματα

111 908 319 960 »Παῦλος
345 905 368 948 ὅ
395 908 473 948 τοῦ
499 908 693 962 Χριστοῦ
718 902 877 961 κήρυξ”
917 904 1224 960 διαγορεύοντα.
1281 922 1351 946 και
1378 919 1559 958 προσπε-

111 974 245 1018 σοῦσα
271 976 358 1023 τοῖς
394 973 517 1014 ποσίν
546 973 680 1014 αὐτοῦ
713 969 739 1026 ἦ
771 971 945 1026 τοιαύτη
973 971 1075 1027 γυνή
1106 970 1326 1026 κατηχήθη
1358 986 1427 1011 και
1459 970 1559 1021 ἐβα-

110 1040 282 1094 πτίσθη.
357 1035 514 1093 ὁμοίως
552 1054 623 1080 και
660 1034 836 1094 Πρόβος
874 1034 895 1079 ὃ
923 1036 1032 1094 α’νὴρ
1062 1039 1135 1080 καί
1174 1035 1326 1086 πάντες
1354 1034 1394 1078 οἱ
1421 1035 1560 1077 λοιποὶ

111 1106 306 1159 καθεξῆς.

52 1167 101 1209 15
229 1173 316 1213 Τοῦ
355 1171 497 1224 μέντοι
539 1172 737 1226 Νέρωνος
776 1170 990 1226 Ἀνήεητόν
1022 1186 1117 1212 τινα
1142 1171 1375 1219 στείλαντος
1404 1170 1475 1211 ἐπὶ
1500 1169 1559 1226 τῷ

111 1235 188 1291 τὴν
217 1238 378 1292 μητέρα
415 1238 551 1279 αὐτοῦ
574 1238 852 1293 Ἀγριππῖναν
886 1238 1150 1290 ἀποκτεῖναι,
1189 1236 1239 1278 τί
1268 1241 1384 1277 ποιεῖ
1419 1231 1526 1289 αὕτη
1547 1241 1596 1286 ;Β

112 1302 191 1358 τήν
219 1304 375 1357 ἑαυτῆς
401 1305 587 1358 γαστέρα
618 1303 875 1358 γυμνώσασα
893 1309 1022 1357 ,,παῑέ
1047 1304 1257 1359 Ἀνι’κητε”
1287 1301 1390 1359 ἔφη,
1419 1307 1560 1355 „nat-r,

112 1365 175 1411 ὅτι
215 1371 395 1424 Νέρωνα
437 1369 688 1424 ἐγέννησεν.”
771 1364 889 1418 οὗτος
936 1369 957 1411 ὅ
989 1371 1143 1424 Νέρων
1172 1368 1277 1423 πρὸς
1303 1374 1389 1418 τοῖς
1419 1363 1562 1416 ἄλλοις

113 1434 246 1477 αὐτοῦ
270 1441 411 1486 κακοῖς
439 1436 512 1477 καὶ
539 1436 791 1494 κιθαρῳδοῖς
823 1439 896 1477 καί
925 1437 1071 1489 μίμοις
1098 1436 1346 1490 ἐπέχαιρεν,
1377 1429 1558 1488 οἷκρατο..

49 1509 102 1540 20
113 1503 251 1544 ποτῶν
281 1502 401 1543 ἐσαεὶ
427 1502 655 1543 adme-:ww
697 1501 798 1551 τούς
824 1503 1038 1551 α’ναιτιόυς
1063 1502 1308 1558 ἀποστερῶν
1333 1503 1408 1556 τῆς
1438 1501 1557 1554 ζωῆς.

114 1570 311 1610 τοσοῦτον
340 1569 386 1610 δὲ
410 1568 609 1620 Ῥωμαῖοι
638 1567 974 1624 (ἐπεστράφησαν
1001 1567 1133 1610 αὐτὸν
1157 1565 1214 1616 ὥς
1243 1568 1459 1623 ἐπιστῆναι
1488 1568 1564 1607 καί

115 1648 212 1676 ποτε
250 1635 392 1676 τοῦτον
429 1632 735 1689 ἀναιρήσοντες.
805 1637 930 1676 τοῦτο
959 1636 1005 1676 δὲ
1030 1632 1154 1688 γνούς
1181 1634 1201 1676 ὃ
1231 1635 1382 1690 Νέρων
1408 1630 1559 1675 ἑαυτὸν

116 1840 235 1869 autem
272 1835 417 1869 adstitit·
452 1836 542 1870 mihi
575 1848 704 1883 meque
742 1840 973 1874 confirmavit.
1000 1839 1046 1871 ad
1070 1839 1178 1872 finem
1203 1849 1287 1871 vero
1312 1838 1409 1871 solus
1446 1837 1559 1870 Lucas

114 1883 248 1918 aderat.

207 1930 396 1964 Caeterum
435 1936 518 1975 post
553 1931 800 1964 defensionem
836 1932 929 1965 hanc
954 1932 1101 1977 primam
1127 1931 1254 1965 Paulus
1287 1931 1326 1965 in
1351 1931 1561 1976 Hispaniam

114 1978 298 2024 pervenit,
332 1977 394 2011 ubi
428 1978 637 2011 muliercula
681 1978 857 2024 quaedam
888 1979 1022 2012 illustri
1065 1984 1142 2012 orta
1176 1978 1283 2018 loco,
1317 1989 1408 2024 quae
1442 1979 1558 2012 multo

114 2031 199 2059 ante
222 2025 371 2058 Paulum
395 2025 518 2057 videre
543 2032 691 2070 cuperet
717 2026 835 2071 deque
860 2028 1013 2060 veritate
1039 2025 1084 2058 ab
1107 2026 1184 2071 ipso
1207 2026 1287 2058 viva
1303 2037 1388 2059 voce
1413 2025 1558 2066 erudiri,

114 2078 360 2118 prospectasse
386 2073 424 2105 in
451 2072 565 2105 forum
591 2073 814 2117 perhibetur,
840 2074 967 2119 ibique
992 2078 1182 2118 conspecto
1201 2073 1323 2114 Paulo,
1349 2073 1412 2118 qui
1441 2073 1558 2105 forum

115 2120 302 2160 transiret,
337 2120 504 2152 maritum
529 2131 629 2152 suum
656 2120 808 2153 Probum
832 2121 1082 2165 persuadendo
1101 2120 1287 2164 impulisse
1311 2125 1353 2152 ut
1376 2119 1559 2153 hominem

117 2166 224 2200 domo
249 2178 314 2200 sua
337 2167 530 2211 exciperet.
559 2167 716 2210 ingresso
742 2168 780 2200 in
799 2167 905 2201 aedes
925 2168 1034 2201 Paulo
1060 2167 1261 2213 prodigium
1285 2166 1469 2212 quoddam
1493 2178 1560 2199 no-

113 2224 198 2248 vum
228 2220 265 2247 et
288 2214 499 2247 inusitatum
525 2214 712 2247 accidisse:
738 2215 927 2248 mulierem
959 2215 1055 2248 enim
1082 2214 1192 2247 oculis
1217 2214 1290 2248 suis
1316 2214 1497 2259 adapertis
1521 2214 1560 2247 in

116 2261 272 2306 apostoli
297 2261 416 2294 fronte
450 2261 590 2294 litteras
623 2273 748 2294 aureas
773 2261 924 2303 vidisse,
962 2273 1110 2307 quarum
1146 2261 1355 2295 huiusmodi
1380 2262 1560 2294 sententia

117 2308 211 2341 foret
247 2308 401 2349 „Paulus
430 2308 562 2341 Christi
590 2311 740 2353 praeco.
743 2310 998 2354 'quapropter
1024 2309 1070 2342 ad
1094 2309 1205 2354 pedes
1231 2309 1344 2354 ipsius
1369 2308 1559 2352 provoluta

117 2354 316 2388 doctrinam
343 2355 580 2388 Christianam
605 2357 752 2402 accepit,
778 2356 928 2402 ipsaque
951 2367 1030 2389 eum
1054 2356 1171 2390 Probo
1194 2356 1321 2390 marito
1345 2355 1558 2400 familiaque

117 2402 280 2435 universa
305 2402 504 2446 baptissata
535 2409 598 2436 est.

210 2447 397 2482 Caeterum
423 2450 518 2482 Nero
543 2461 622 2482 cum
647 2449 834 2482 Anicetum
870 2449 1049 2494 quendam
1074 2449 1294 2494 ablegasset,
1320 2450 1384 2494 qui
1409 2454 1559 2482 matrem

117 2506 216 2529 suam
239 2496 471 2542 Agrippinam
495 2496 694 2537 occideret,
719 2496 782 2528 illa
805 2502 927 2529 ventre
953 2507 1017 2529 suo
1043 2496 1225 2530 denudato
1249 2496 1381 2538 ‚,l1unc‚
1397 2496 1559 2535 Anicete‚

119 2542 246 2575 ferito’'
283 2544 352 2584 ait,
387 2544 473 2588 „qui
508 2543 687 2576 Neronem
723 2542 912 2576 ediderit.'’
949 2544 1044 2577 inter
1080 2545 1151 2577 alia
1185 2544 1272 2577 vitia
1311 2543 1463 2577 Neronis
1491 2542 1563 2575 h-„nc

119 2589 229 2622 etiam
252 2595 347 2632 erat,
374 2591 472 2636 quod
497 2590 712 2623 citharoedis
739 2596 775 2623 et
798 2591 913 2623 mimis
939 2590 1188 2632 delectaretur,
1215 2602 1255 2623 ac
1280 2601 1419 2634 semper
1445 2594 1563 2622 temu-

119 2636 240 2668 lentus
264 2643 382 2679 esset3
424 2649 495 2682 quo
531 2637 642 2670 fiebat
665 2643 705 2670 ut
731 2637 941 2670 innocentes
964 2638 1038 2671 vita
1063 2639 1245 2683 spolimffet
1266 2637 1351 2670 hinc
1375 2642 1564 2681 tantopere

121 2682 301 2717 hominem
338 2685 490 2717 aversati
526 2691 610 2717 sunl
642 2685 812 2722 Romani
851 2690 890 2717 ut
922 2691 1020 2718 motu
1060 2687 1238 2718 concitato
1267 2695 1347 2716 eum
1372 2683 1417 2716 ad
1440 2694 1566 2717 necem

122 2735 323 2777 poscerent.
354 2742 425 2775 qua
455 2742 492 2765 re
517 2731 761 2775 cognitaNero
789 2730 933 2766 sibimet
957 2733 1025 2777 ipsi
1048 2744 1172 2766 manus
1200 2731 1332 2769 attulit,
1359 2729 1566 2764 huiusmodi
