1826 3120
586 182 873 225 ANNAmm
901 181 1049 224 mas
1094 156 1148 224 n.
1473 161 1580 237 371

128 276 301 342 ἱστορεῖ,
320 287 394 326 καί
408 283 484 339 τήν
498 286 649 335 ’μέντοι
667 284 750 328 ιῖπύ
769 286 1027 340 Βαβυλῶνος
1041 286 1126 328 τῶν
1137 283 1356 328 Ἰουδαίων
1376 280 1591 336 ἐπάνοδον,

127 354 202 396 ναί
236 350 322 407 μὴν
360 350 433 402 καί
457 350 536 407 τήν
561 353 647 395 τῶν
682 354 842 409 νεκρῶν
869 351 1130 406 παγκόσμιον
1160 350 1391 393 ἀνάστασιν
1409 348 1630 398 αἰνητά-Β

118 409 250 473 ’μενος
269 417 292 459 ὃ
311 417 413 468 θεὸς
429 417 619 469 ὑπέδειξε
635 420 694 476 τῷ
713 419 914 475 Ἰεζεκιὴλ
930 419 1074 461 πεδίον
1091 420 1245 474 πλῆρες
1265 413 1400 460 ὄστῶν
1422 416 1594 472 νεκρῶν,

127 483 160 528 ἃ
198 483 452 540 παραδόξως
478 482 846 541 ἐζωογονήθησαν.
873 484 899 526 o‘
929 486 1008 538 μὲν
1037 480 1313 539 οὖνἜσδρας
1341 482 1504 540 εὐφυὴς
1534 477 1595 525 ὢν

86 550 380 607 δηροεκόμισε
408 550 502 594 τότε
529 550 603 594 τὸν
630 550 784 605 νόμον,
810 550 882 593 καί
905 551 1078 606 ἀνέγνω,
1106 553 1182 593 καί
1206 550 1458 592 ὖπετύπωσε
1488 548 1595 592 πάν-

126 634 182 660 τα
211 616 265 660 τὰ
296 617 406 660 κατὰ
449 616 496 659 τὸ
529 616 670 674 ἱερόν,
714 620 790 660 καί
817 616 918 667 τούς
950 618 1161 672 λαβόντας
1186 619 1419 672 α’λλογενεΐς
1449 621 1596 672 γυναῖν

127 699 205 734 nac
243 686 290 728 ἒν
318 687 376 741 τῷ
424 686 558 741 καιρῷ
586 686 658 739 τῆς
701 685 1002 739 αἰχμαλωσίας
1031 685 1224 738 ἐκβαλεῖν
1248 685 1464 738 πεποίηκε.
1524 685 1598 725 καί

126 748 240 794 οὕτω
283 750 437 800 πάντες
470 753 806 806 καθαρισθέντες
845 752 1047 806 ἐποίησαν
1090 748 1138 793 τὸ
1162 749 1324 804 πάσχα,
1381 750 1489 791 α’λλὰ
1525 751 1600 791 καί

129 813 258 867 αὖθις
283 822 486 872 γυναῖκας
515 813 715 872 ἑωρακώς
742 817 967 868 Ἀζωτίους
990 815 1201 872 Ἑβραίοις
1218 818 1494 871 ἐπιμιγείσας,
1526 818 1600 857 καί

67 883 356 941 ῐοθρηνήσας,
386 881 529 926 ἔπεισε
557 882 627 926 τὸν
656 881 763 925 λαὸν
791 883 949 933 ταύτας
982 884 1174 936 ἐκβαλεῖν
1205 882 1264 932 ὥς
1292 882 1428 937 γάμον
1455 879 1596 938 παρά-

126 966 268 1005 νομον.
346 951 512 1004 λέγεται
542 950 589 992 δὲ
617 948 693 991 καί
727 951 880 1001 τοῦτο,
915 948 974 998 ὥς
1009 949 1050 990 εἰ
1072 946 1133 1003 μή
1163 943 1214 1004 ἦν
1243 946 1265 990 ὃ
1283 945 1490 1005 Ἔσδρας,
1519 950 1636 994 oziaco

126 1013 182 1060 ἂν
220 1017 320 1059 οὐδὲ
360 1018 406 1059 ἓν
434 1018 598 1070 βιβλίον
636 1014 708 1058 διά
734 1031 781 1071 γε
809 1013 885 1070 τήν
910 1015 991 1058 τῶν
1016 1015 1243 1057 ,Ἰουδαίων
1271 1015 1494 1072 ῥαθυμίαν
1523 1017 1598 1057 καὶ

125 1081 206 1140 τήν
232 1082 513 1139 πολυχρόνιον
534 1083 833 1137 αἰχμαλωσίαν
850 1082 982 1136 μέχρι
998 1082 1075 1124 τοῦ
1093 1082 1170 1124 νῦν
1199 1081 1434 1134 διεσώζετο.
1464 1097 1599 1136 προσ-

125 1156 247 1205 σχεῖν
292 1151 340 1192 δὲ
382 1145 502 1201 ἄξιον
528 1147 602 1191 καὶ
638 1150 699 1207 τῷ
727 1147 896 1206 μεγάλῳ
930 1150 1134 1206 Κυρίλλῳ
1162 1149 1210 1191 ἐν
1241 1154 1330 1197 τοῖς
1358 1147 1472 1190 κατὰ
1491 1150 1597 1191 Ἰου-

63 1217 276 1259 -ἰόλιανοῦ
315 1216 389 1259 καὶ
423 1214 524 1258 τάδε
562 1217 663 1270 περὶ
688 1214 842 1256 τούτου
887 1212 1122 1270 διεληφότι.
1193 1216 1287 1257 ἐπεὶ
1313 1216 1360 1257 δὲ
1386 1212 1493 1269 πρὸς
1520 1213 1597 1268 τὴν

129 1284 376 1337 ἑνί-γκοῦσαν
414 1279 718 1335 ἀπεκομίζοντο
761 1279 800 1322 οἱ
827 1280 1030 1323 Ἰουδαῖοι
1057 1280 1131 1322 καί
1156 1280 1270 1339 νόμῳ
1297 1282 1354 1338 τῷ
1377 1278 1451 1323 διά
1482 1284 1597 1323 Μω-

127 1351 235 1400 σέως
270 1350 635 1404 παιδαγωγεῖσθαι
679 1349 806 1389 πάλιν
849 1345 1136 1400 ἐσπούδαζον,
1165 1348 1257 1389 τότε
1287 1347 1341 1403 δὴ
1372 1345 1468 1389 τότε
1496 1349 1598 1402 παρ’

128 1411 279 1466 αὐτοῖς
306 1417 474 1470 ἐδέχετο
503 1417 716 1470 σκῆπτρον
745 1413 994 1468 Ζοροβάβελ
1027 1412 1049 1455 ὁ
1077 1415 1156 1456 τοῦ
1183 1412 1404 1470 Σαλαθιήλ
1437 1417 1482 1456 ἑκ
1511 1430 1597 1470 φυ-

128 1483 205 1537 λῆς
232 1480 402 1536 Ἰούδα,
434 1481 542 1524 ὥστε
585 1483 627 1524 εἰ
664 1479 739 1523 καί
778 1482 1015 1535 καταλῆξαί
1041 1497 1170 1537 φησιν
1212 1480 1236 1522 ὁ
1266 1479 1508 1537 παράφρων
1535 1481 1596 1529 εἰς

65 1562 117 1589 20
130 1549 327 1591 Σεδεκίαν
355 1547 434 1604 τὴν
463 1549 542 1591 τοῦ
569 1547 714 1603 Δαβίδ
740 1549 974 1600 βασιλείαν,
1005 1546 1255 1600 ματαιάζειν
1282 1545 1393 1589 ἔοικε
1422 1561 1594 1602 προφα-

127 1617 244 1669 νῶς,’
275 1614 360 1670 εἴγε
400 1613 506 1669 μετὰ
548 1614 623 1657 τὸν
649 1616 724 1670 τῆς
759 1617 1057 1668 αἰχμαλωσίας
1085 1613 1231 1669 καιρὸν
1258 1620 1342 1664 τοῖς
1368 1616 1442 1668 τῆς
1469 1617 1638 1668 βασι-1)

128 1683 246 1732 λείας
270 1680 428 1732 θώκοις
467 1681 490 1723 ὅ
520 1679 770 1738 Ζοροβάβελ
796 1682 1066 1738 ένιδρυμένος
1103 1679 1312 1737 ἐφαίνετο.
1371 1675 1490 1731 οὗτος
1515 1683 1596 1735 μὲν

129 1863 263 1886 annum
286 1863 306 1884 a
333 1850 528 1884 Solomone
553 1849 720 1884 absoluta
747 1850 878 1891 fuerat,
902 1856 943 1884 ut
965 1849 1094 1884 Esdras
1119 1854 1386 1883 commemorat.
1412 1853 1595 1883 caeterum

130 1899 296 1944 exemplo
334 1898 494 1944 quodam
524 1897 709 1931 declarare
738 1899 864 1931 volens
888 1897 977 1931 deus
1003 1909 1077 1932 non
1101 1897 1209 1931 modo
1237 1897 1454 1930 Iudaeorum
1477 1907 1496 1929 e
1524 1897 1593 1929 Ba-

122 1947 264 1991 ‘bylone
307 1946 464 1979 reditum
499 1945 563 1979 sed
592 1945 700 1978 etiam
735 1946 974 1978 universalem
1011 1956 1055 1978 ex
1092 1945 1242 1978 mortuis
1268 1944 1592 1983 resurrectionem,

128 1993 332 2028 Iezechielo
369 2005 532 2038 campum
573 1993 715 2026 ossibus
740 1993 956 2026 cadaverum
982 1993 1130 2037 plenum
1154 1992 1337 2031 ostendit,
1376 2003 1472 2037 quae
1495 2002 1591 2024 novo

129 2048 168 2076 et
196 2042 370 2075 inusitato
387 2040 496 2074 modo
521 2041 633 2074 vitam
658 2039 929 2085 recuperabant.
961 2039 1086 2073 Esdras
1117 2045 1259 2080 autem,
1285 2040 1340 2072 vir
1376 2040 1591 2084 praestantis

129 2090 288 2134 ingenii,
317 2089 434 2133 legem
459 2088 498 2121 id
522 2088 695 2133 temporis
720 2088 884 2133 protulit,
909 2098 1024 2132 eaque
1051 2089 1198 2122 recitata
1222 2087 1349 2132 templi
1375 2092 1592 2120 structuram

130 2138 332 2170 universam
367 2136 476 2170 lineis
512 2135 741 2170 deformavit.
778 2135 897 2168 effecit
930 2135 1039 2168 etiam
1072 2141 1113 2169 ut
1141 2135 1352 2180 quicunque
1384 2134 1591 2179 peregrinas

129 2195 258 2218 uxores
276 2184 430 2217 durante
453 2183 661 2228 captivitate
676 2182 872 2223 duxissent,
888 2182 1187 2223 excluderentur3
1213 2193 1286 2227 quo
1304 2187 1412 2227 pacto
1428 2182 1590 2215 lustratis

130 2231 296 2265 omnibus
312 2231 443 2276 pascha
461 2230 682 2264 celebratum
702 2236 765 2263 est.
790 2241 944 2274 cumque
971 2241 1108 2263 rursum
1130 2229 1278 2262 vidisset
1292 2229 1449 2262 Ebraeos
1478 2238 1591 2274 quos-

131 2278 213 2312 dam
256 2290 337 2312 cum
364 2279 500 2312 Azotiis
532 2278 748 2311 mulieribus
784 2283 1079 2318 consuescentes,
1115 2276 1305 2322 deplorato
1341 2277 1437 2310 malo
1464 2282 1590 2309 auctor

131 2326 268 2373 populo
294 2326 365 2359 suit
387 2331 428 2360 ut
452 2337 572 2359 earum
601 2325 770 2369 coniugio
795 2331 969 2370 tanquam
993 2324 1183 2369 illegitimo
1202 2324 1450 2357 valedicerent
1473 2325 1591 2369 ipsas-

133 2385 205 2419 que
233 2374 383 2407 seminas
414 2373 658 2418 repudiarent.
684 2373 753 2405 hoc
789 2383 937 2417 quoque
962 2372 1155 2405 memoriae
1178 2371 1363 2417 proditum
1389 2377 1462 2412 est,
1490 2371 1590 2416 quod

133 2420 270 2466 absque
311 2421 380 2454 hoc
403 2421 480 2453 viro
522 2421 670 2461 fuisset,
711 2431 757 2452 ne
783 2431 894 2452 unum
927 2419 1074 2464 quidem
1108 2419 1242 2452 librum
1265 2430 1403 2453 sacrum
1431 2418 1590 2451 habituri

135 2479 303 2509 essemus,
329 2468 375 2502 ob
400 2468 614 2501 Indaeorum
641 2468 896 2511 negligentiam
922 2467 1200 2512 diuturnamque
1228 2467 1483 2512 captivitatem.
1509 2466 1590 2498 ani-

134 2515 431 2549 madvertendum
456 2516 524 2548 hoc
549 2515 669 2554 etiam,
694 2515 793 2560 quod
811 2514 960 2548 eximius
984 2515 1048 2548 ille
1063 2514 1217 2558 Cyrillus
1240 2514 1396 2547 inlibris
1419 2512 1589 2546 adversus

134 2563 314 2597 Iulianum
342 2564 481 2608 scriptis
507 2563 684 2607 exposuit.
708 2568 964 2606 posteaquam,
999 2563 1065 2603 ait,
1095 2563 1133 2595 in
1160 2563 1312 2606 patriam
1340 2572 1439 2594 suam
1463 2560 1590 2592 Iudaei

134 2610 266 2643 reversi
302 2611 478 2652 fuissent,
506 2621 617 2654 seque
644 2620 763 2642 rursus
790 2609 834 2641 ad
862 2610 1117 2655 praescriptum
1155 2609 1244 2654 legis
1270 2621 1290 2642 a
1311 2609 1411 2642 Mose
1432 2607 1589 2641 traditae

133 2667 262 2701 magno
294 2657 415 2691 studio
452 2657 676 2690 conformare
706 2658 932 2701 coepissent,
971 2657 1213 2690 Zorobabelus
1240 2655 1431 2689 salathieli
1466 2655 1503 2688 F.
1544 2666 1589 2688 ex

134 2704 279 2737 Iudaica
308 2704 403 2738 tribu
434 2716 581 2749 regnum
607 2703 702 2748 apud
728 2715 789 2736 eos
818 2704 968 2748 occepit.
995 2710 1217 2749 quapropter
1243 2715 1322 2736 cum
1346 2713 1497 2736 vesanus
1524 2702 1588 2735 ilie

133 2752 295 2784 Iulianus
322 2763 467 2796 regnum
495 2751 640 2785 Davidis
666 2751 702 2783 in
731 2751 880 2783 Sedeeia
909 2753 1014 2784 finem
1043 2751 1210 2784 habuisse
1239 2751 1348 2791 dicit,
1377 2750 1495 2795 palam
1521 2749 1589 2782 de-

134 2798 240 2842 lirat,
265 2799 409 2845 quando
433 2804 517 2846 post
544 2798 764 2847 captivitatis
793 2804 934 2845 tempus
961 2799 1000 2836 in
1017 2800 1112 2845 regio
1138 2799 1229 2834 solio
1244 2797 1485 2833 Zorobabelus
1502 2807 1589 2833 cou-
