1826 3120
287 131 396 198 268
723 145 1008 187 MlcuAELis
1050 144 1265 186 GLYCAE

284 249 600 291 κατασκοπεύων
638 244 768 295 οὕτως
804 246 928 288 ἐνίκα.
1004 248 1127 288 τοῦτο
1168 251 1282 287 ποιεῖ
1318 245 1391 288 καί
1426 249 1499 290 ἐπὶ
1535 249 1584 306 τῇ
1607 248 1719 306 χήρᾳ

287 315 504 370 Κανδάκῃ.
563 314 656 355 ἀλλ’
681 311 813 354 ἑάλω·
843 313 977 367 ἐκείνη
1003 310 1080 367 γὰρ
1111 310 1163 354 τοὶ
1190 310 1438 366 συστήματα
1469 313 1606 356 αὐτοῦ’
1633 331 1720 368 μα-

148 389 189 424 V.
208 383 421 424 ιιοθοῦσα
470 375 541 434 (ἦν
568 379 649 434 γὰρ
682 377 755 421 τὸν
791 381 871 431 μὲν
904 381 985 420 τῶν
1014 376 1250 434 ὀφθαλμῶν
1276 375 1456 431 γλαυκὸς
1476 377 1620 422 εὸνδὲ
1647 381 1721 434 μέ-

283 449 378 500 λας)
409 442 499 498 ἅμα
527 448 586 503 τῷ
626 445 730 487 ἰδεῖν
758 443 887 487 αὕτὸν
922 441 1010 486 εἶπε
1035 444 1243 497 »βασιλεῦ
1259 441 1528 499 Ἀλέξανδρε,
1553 444 1626 488 τὸν
1651 443 1721 488 κό-

281 527 386 564 σμον
424 508 590 564 ἔλαβες,
640 512 713 553 καί
754 509 857 566 γυνή
885 527 933 552 σε
977 513 1255 565 παρέλαβεν.”
1309 507 1361 564 ἢν
1397 512 1470 552 καί
1495 509 1636 564 λαβών
1660 514 1760 561 εἰς5

280 581 481 630 γυναῖκα,
509 579 580 618 καί
610 579 669 626 εἰς
696 577 914 632 Αἴγυπτον
942 576 1166 628 ἀπελθών,
1204 577 1278 618 καί
1301 574 1374 631 τὴν
1397 575 1581 632 μεγάλην
1606 577 1723 620 Ἀλε-

283 643 506 696 ξάνὸρειαν
552 645 719 696 κτίσας,
766 643 838 685 καί
872 644 1143 699 ὑποστρέψας
1181 645 1241 692 εἰς
1268 644 1529 695 Βαβυλῶνα,
1559 645 1727 699 τελευτᾷ

157 719 272 762 Ρ.ι4’)
286 710 389 749 ὲτῶν
426 706 510 761 λβ’,
555 707 716 750 δώδεκα
756 713 828 751 καί
870 708 976 762 μόνα
1017 708 1228 764 κρατήσας
1267 708 1362 762 ἔτη,
1406 707 1726 763 φρονιμώτατος

284 773 446 815 πάντων
473 773 546 815 καὶ
574 775 878 829 ἀνδρειότατος.
948 774 1019 818 &a
1050 774 1131 830 γάρ
1159 777 1281 816 τοῦτο
1310 773 1383 816 καί
1410 773 1570 830 πτηνῆν
1591 770 1727 818 »α’ὖτὸν

282 841 488 894 πάρδαλιν
515 839 538 881 ὅ
576 839 792 897 προφήτης
834 844 1020 897 προεῖδε,
1059 840 1105 883 τὸ
1149 841 1351 896 ῥαγδαῖον
1396 838 1528 882 αὐτοῦ
1554 838 1629 882 καί
1652 837 1725 890 6ξύ
1744 853 1791 881 ιο

283 908 533 961 παριστῶσα
575 905 648 947 καί
685 906 731 948 τὸ
774 903 897 963 ἄφνω
926 909 1150 963 διαπτῆναι
1186 905 1290 960 μετὰ
1323 907 1536 961 τροπαίων
1561 904 1635 961 τὴν
1666 906 1728 948 οἱ·
1757 899 1763 904 ’

283 974 502 1026 κουμένην.
569 974 733 1027 λέγεται
771 975 817 1015 δὲ
857 971 920 1015 ὅτι
948 976 1022 1016 καί
1057 972 1290 1029 φιλοσόφου
1331 971 1438 1021 τινὸς
1466 967 1644 1027 ἤκουσεν
1668 973 1728 1014 εἰ-

273 1035 427 1086 πόντος
453 1038 654 1094 α’πείρους
684 1036 790 1081 εἶναι
817 1041 1010 1092 κόσμους,
1036 1040 1109 1081 καί
1127 1041 1234 1093 μέγα
1253 1037 1450 1090 στενάξας
1478 1037 1561 1095 ἔφη
1578 1039 1728 1091 ,,α’πει’-.

286 1120 371 1157 ρων
397 1099 527 1145 ὄντων
564 1104 742 1159 μηδενὸς
785 1105 865 1159 ἐγώ
898 1104 1169 1161 κεκράτηκα.”
1231 1103 1338 1147 ἀλλὰ
1371 1106 1443 1146 καί
1466 1104 1536 1146 ἐπὶ
1558 1118 1730 1159 σωφρο·

287 1167 391 1226 σύνῃ
424 1168 715 1228 ἐθαυμάζετο·
743 1170 820 1220 τὰς
849 1170 928 1227 γάρ
960 1170 1143 1227 Δαρείου
1173 1173 1409 1225 θυγατέρας
1437 1170 1729 1224 αἰχμαλώτους
1748 1167 1794 1208 15

288 1233 501 1290 κρατήσας
527 1236 628 1278 οὐδὲ
657 1237 762 1279 ἰδεῖν
789 1239 986 1291 ἠνέσχετο
1006 1270 1017 1290 ,
1056 1239 1239 1292 α’πρεπὲς
1267 1233 1374 1278 εἶναι
1401 1234 1530 1279 εἰπών
1563 1234 1632 1278 τὸν
1658 1230 1730 1278 ἄν·

252 1304 395 1356 Βδρας
433 1303 699 1358 κρατήσαντα
743 1301 824 1344 ὑπὸ
865 1306 1072 1358 γυναικῶν
1114 1304 1386 1358 κρατηθῆναι.
1451 1295 1655 1351 ὦσαύτοος
1685 1303 1734 1344 δὲ

290 1372 363 1410 καί
393 1368 464 1410 ἐπὶ
503 1372 732 1427 φιλοσοφίᾳ
773 1372 842 1411 καί
867 1372 1058 1428 α’γχινοίᾳ
1077 1387 1086 1396 ·
1153 1371 1210 1426 τῷ
1242 1367 1320 1425 γάρ
1347 1369 1625 1423 Ἀριστοτέλει
1653 1383 1735 1410 πα-

293 1434 594 1489 ρηκολούθησε.
669 1434 999 1488 πολεμικώτατος
1038 1437 1084 1478 δὲ
1116 1435 1188 1476 καί
1223 1436 1529 1490 τολμηρότατος
1556 1428 1636 1487 a’2‘v,
1665 1432 1737 1477 καί

292 1502 395 1543 ἰδών
421 1499 643 1554 ὁμώνυμον
671 1502 787 1558 αΰτῴ
817 1503 1028 1543 νεανίσκον
1055 1501 1143 1543 τινα
1166 1503 1312 1550 δειλῶς
1330 1500 1593 1555 μαχόμενον,
1623 1495 1735 1542 εἶπεν
1746 1517 1799 1544 ao

292 1564 347 1621 ‚737⁴
374 1565 447 1609 τὸν
473 1564 635 1622 ’τρόπον
663 1562 842 1618 ἄλλαξον
868 1564 896 1622 ἢ
926 1567 999 1621 τὴν
1025 1569 1208 1622 κλῆσιν.’“

294 1742 340 1774 tis
365 1741 511 1774 victoria
535 1740 634 1773 facili
658 1740 874 1786 potiebatur.
907 1741 1031 1774 eadem
1069 1746 1143 1773 arte
1171 1740 1360 1773 Candacen
1384 1739 1527 1773 viduam
1553 1750 1737 1784 aggressu-

295 1799 353 1820 rus
387 1788 608 1832 interceptus
646 1793 720 1820 est:
748 1789 839 1820 'nam
874 1800 951 1821 cum
976 1799 1017 1820 ea
1053 1794 1156 1821 notas
1181 1789 1291 1832 ipsius
1324 1787 1529 1832 indiciaque
1558 1786 1736 1820 naturalia

293 1835 534 1879 percepisset,
560 1834 659 1879 quod
685 1835 775 1868 alter
803 1835 942 1868 scilicet
968 1835 1093 1868 oculus
1111 1836 1146 1868 ei
1171 1836 1357 1867 caeruleus
1386 1835 1477 1867 alter
1505 1834 1608 1877 niger
1630 1838 1736 1875 esset,

294 1882 445 1914 simulac
471 1893 551 1914 eum
581 1882 714 1914 intuita
744 1887 814 1924 est,
842 1881 934 1915 dixit
957 1882 1153 1923 „mundum
1181 1887 1218 1914 tu
1242 1881 1407 1926 quidem,
1433 1891 1495 1913 rex
1520 1879 1732 1921 Alexander,

293 1929 501 1973 occupasti,
530 1934 568 1961 at
590 1935 626 1961 te
650 1929 780 1962 mulier
804 1930 932 1974 cepit.’'
960 1930 1070 1973 igitur
1092 1929 1158 1962 hac
1181 1939 1292 1961 uxore
1318 1928 1445 1968 ducta,
1473 1927 1512 1959 in
1535 1926 1737 1972 Aegyptum

292 1975 472 2020 profectus
497 1986 656 2020 magnam
685 1976 786 2008 illam
802 1976 1053 2009 Alexandriam
1080 1975 1251 2009 condidit.
1272 1974 1358 2008 inde
1375 1974 1592 2017 Babylonem
1617 1985 1736 2008 rever-

294 2034 362 2063 sus,
391 2034 502 2055 annos
526 2023 598 2055 iam
626 2024 668 2055 32
696 2029 812 2065 natus,
836 2023 942 2056 rebus
967 2023 1133 2056 humanis
1156 2022 1307 2062 excedit,
1332 2033 1411 2054 cum
1437 2020 1629 2054 duodecim
1654 2026 1736 2054 tan-

293 2074 367 2101 tum
391 2081 501 2102 annos
541 2070 772 2114 imperasset,
809 2071 864 2103 vir
886 2070 984 2103 haud
1010 2070 1119 2103 dubie
1150 2069 1430 2115 sapientissimus
1456 2079 1496 2100 ac
1522 2067 1737 2101 fortissimus

294 2116 463 2148 omnium.
491 2116 618 2149 iccirco
651 2123 747 2150 vates
775 2128 856 2150 eum
881 2129 919 2151 se
943 2118 1170 2163 conspexisse
1203 2116 1314 2149 tradit
1338 2117 1374 2148 in
1397 2115 1552 2148 volucris
1577 2114 1736 2160 pardali-

293 2161 349 2194 dis
375 2163 515 2206 specie,
538 2164 662 2196 volens
688 2163 756 2197 hoc
783 2170 886 2209 pacto
915 2166 1088 2209 impetum
1113 2170 1149 2197 et
1179 2164 1401 2196 celeritatem
1426 2163 1539 2207 ipsius
1565 2162 1736 2195 ostende-

293 2219 354 2248 re,
383 2209 555 2253 quodque
587 2210 704 2243 subito
740 2211 900 2244 victoriis
926 2213 998 2245 suis
1039 2211 1160 2244 orbem
1185 2216 1356 2243 terrarum
1380 2209 1628 2254 pervolaverit.
1651 2221 1736 2254 per-

293 2255 421 2288 hibent
445 2256 640 2301 aliquando
664 2269 744 2290 eum
770 2258 989 2292 inaudivisse
1023 2259 1068 2291 de
1103 2257 1318 2302 philosopho
1343 2255 1520 2301 quddam,
1545 2256 1606 2300 qui
1631 2267 1741 2288 mun-

293 2302 357 2335 dos
383 2303 543 2335 infinitos
573 2315 648 2337 esse
670 2304 817 2340 diceret.
844 2311 920 2339 tum
944 2316 1028 2339 vero
1048 2305 1179 2350 gemitu
1204 2304 1340 2348 ingenti
1370 2302 1468 2336 edito
1504 2303 1648 2343 „itane”
1674 2304 1735 2342 ait,

293 2349 454 2389 „infiniti
491 2356 594 2391 sunt,
631 2362 710 2383 cum
734 2363 797 2395 ego
822 2364 868 2385 ne
896 2365 1006 2386 unum
1041 2351 1186 2397 quidem
1214 2350 1333 2383 adhuc
1357 2349 1549 2383 devicerim
1560 2349 1598 2382 ?''
1627 2350 1734 2383 etium

292 2395 489 2441 pudicitiae
525 2398 770 2443 castitatisque
810 2400 954 2433 nomine
989 2410 1149 2444 magnam
1188 2397 1331 2430 laudem
1370 2396 1511 2430 meruit.
1539 2408 1617 2428 cum
1640 2397 1735 2430 enim

293 2442 451 2487 captivas
474 2444 572 2476 Darii
598 2445 689 2477 filias
717 2457 779 2477 sua
804 2447 842 2479 in
867 2452 1044 2491 potestate
1068 2445 1241 2486 haberet,
1270 2455 1316 2477 ne
1341 2444 1474 2476 intueri
1502 2443 1648 2488 quidem
1675 2454 1735 2477 eas

292 2491 428 2530 voluit,
464 2490 561 2536 quod
598 2502 821 2536 nequaquam
849 2493 976 2527 decere
1013 2492 1147 2526 diceret
1172 2503 1252 2524 eum
1279 2491 1341 2536 qui
1363 2491 1456 2523 viros
1483 2489 1690 2530 devicisset3
1714 2502 1735 2523 a

292 2537 505 2570 mulieribus
532 2538 639 2571 vinci.
665 2549 737 2570 non
765 2540 882 2573 minus
908 2552 950 2573 ex
982 2539 1212 2585 philosophia
1245 2545 1281 2571 et
1308 2538 1470 2570 acumine
1495 2537 1630 2581 ingenii
1655 2537 1735 2572 lau-.

294 2583 347 2616 dis
378 2583 528 2628 adeptus
568 2590 639 2624 est⁷
682 2590 721 2617 ut
759 2587 818 2629 qui
848 2587 1074 2620 Aristotelem
1115 2586 1320 2618 audivisset.
1346 2595 1497 2629 cumque
1525 2585 1562 2616 in
1587 2583 1734 2628 praeliis

293 2631 590 2664 concitatissimus
624 2637 660 2663 et
697 2632 949 2666 audacissimus
987 2639 1104 2673 esset,
1142 2633 1234 2666 forte
1267 2632 1493 2675 conspicatus
1536 2629 1733 2677 aliquando

292 2677 470 2719 quendam
498 2678 759 2711 adolescentem
790 2680 856 2711 sibi
885 2682 1141 2724 cognominem,
1170 2680 1231 2725 qui
1258 2678 1398 2722 trepide
1428 2683 1624 2722 pugnaret,
1652 2676 1734 2718 „vel

294 2722 474 2757 indolem''
500 2726 620 2770 inquit
647 2731 706 2766 „et
736 2727 890 2760 animum
916 2728 1012 2761 hunc
1043 2732 1201 2767 mutato,
1225 2726 1283 2758 vel
1311 2725 1475 2759 nomeu.''
