1826 3120
602 139 888 182 ANNALfflM
928 138 1065 180 PARS
1107 139 1140 178 1.
1527 115 1588 170 15

140 250 262 294 ἔνθεν
300 261 365 290 τοι
407 246 478 286 καί
519 243 687 299 σι’φωνα
715 241 791 284 τὸν
817 243 1008 283 τοιοῦτον
1046 234 1201 293 ἄνεμον
1229 238 1430 280 καλοῦσι·
1487 235 1591 279 κατὰ

140 314 288 359 κύκλον
314 327 358 356 τε
395 310 476 367 γάρ
518 307 694 351 εἱλεῖται
723 306 824 363 περὶ
869 306 948 362 τὴν
975 310 1076 363 γῆν,
1104 305 1178 349 καὶ
1203 302 1304 361 πρὸς
1334 302 1410 359 τὴν
1439 304 1610 346 οἰκείαν

142 378 273 431 αὖθις
303 374 622 430 έπανακάμπτει
664 371 830 429 α’ρχήν,
871 370 973 416 ὅθεν
1001 373 1074 415 καί
1099 375 1245 421 λίθους
1277 372 1500 427 ἐφέλκεται
1525 372 1639 413 καίΙ)

137 449 246 503 χοῦν
275 442 521 498 ἑπισύρεται
565 442 640 483 καί
682 441 866 494 λέμβους
891 438 1062 497 οἷνασπᾷ
1081 472 1094 493 ,
1142 438 1173 481 (ἲ
1201 436 1253 494 δὴ
1285 435 1358 480 καί
1382 439 1427 479 έν
1458 432 1599 486 ἄλλοις

102 514 284 562 ὅτόποις
315 507 687 565 καταρρηγνύμενοι
715 508 867 559 θαῦμα
888 510 978 556 τοῖς
1009 507 1247 558 θεωμένοις
1276 505 1501 557 ἐμποιοῦσι
1528 502 1603 545 καὶ

138 579 342 636 ἔκπληξιν.
415 576 437 617 ὃ
471 576 520 617 δὲ
549 573 748 630 ἐκνεφίας
778 566 931 626 ἄνεμος
960 570 1115 625 ὅμοίως
1142 569 1297 626 σχεδὸν
1324 573 1381 627 τῷ
1407 570 1597 626 τυφῶνι·

138 645 247 702 πλὴν
277 643 299 686 ὅ
328 640 474 699 τυφών
499 639 646 696 ὁρᾶται
678 636 748 681 διὰ
789 636 834 680 τὸ
860 639 1240 695 παχυμερέστέραν
1267 634 1417 679 οὖσίαν
1445 638 1492 678 ἐκ
1522 636 1600 677 τοῦ

137 715 293 770 νέφους
319 711 585 768 ἐφέλκεσθαι.
628 708 703 748 καί
729 700 829 749 οῦδὲ
860 703 987 755 ὑετὸς
1014 704 1143 747 παύει
1178 702 1330 758 αὐτόν,
1364 704 1404 745 εἰ
1430 701 1489 758 μὴ
1517 700 1597 755 μό-

136 793 208 828 νος
240 778 262 820 ὅ
291 777 460 832 βορρᾶς.
490 775 564 816 καί
588 774 728 815 ταῦτα
756 773 863 827 μέν,
893 772 1096 827 οἶγαπητέ,
1126 773 1212 813 κατ’
1241 767 1443 825 ἐπιτομήν
1470 771 1595 825 ἐσχε-

76 844 310 888 ιοδίασται
339 840 409 884 διὰ
433 843 482 884 σὲ
511 838 642 883 πολλοὶ
672 841 758 882 τῶν
778 837 981 881 τοιούτων
1008 839 1245 894 ἐφιέμενον.

273 912 335 967 .Τῇ
363 910 410 951 δὲ
439 909 619 965 δευτέρᾳ
659 906 798 964 ἡμέρᾳ
834 904 1080 961 παρήγαγεν
1107 905 1154 946 ἐκ
1180 905 1264 946 τῶν
1295 899 1462 944 ὑδάτων
1491 900 1593 944 αὗτό
1606 910 1678 946 Ρ.8

135 976 182 1020 τό
211 977 463 1031 στερέωμα,
511 971 621 1017 ὥστε
663 973 938 1027 διαχωρίζειν
984 971 1194 1024 α’ναμέσον
1234 970 1312 1012 τοῦ
1337 965 1495 1017 ὕδατος
1519 970 1596 1010 τοῦ

134 1043 274 1087 ἐπάνω
304 1045 381 1086 τοῦ
406 1042 694 1096 στερεοίματος
721 1039 795 1081 καί
813 1039 1021 1092 α’ναμέσον
1037 1038 1111 1080 τοῦ
1128 1033 1282 1086 ὕδατος
1301 1037 1380 1077 τοῦ
1401 1032 1595 1077 ὑποκάτω

133 1112 212 1152 τοῦ
242 1108 543 1165 στερεώματος.
569 1104 687 1163 ὕδωρ
721 1105 744 1148 ὅ
772 1103 874 1154 θεὸς
904 1105 1133 1147 ἐναπέθετο
1161 1101 1232 1145 διὰ
1255 1101 1332 1157 τῆν
1367 1102 1443 1144 τοῦ
1470 1101 1593 1156 ἧλιόυ

75 1176 401 1232 ι5θερμοτοίτην
428 1174 567 1232 φοράν
596 1189 641 1216 τε
670 1173 741 1214 καί
779 1170 1001 1213 ἔκκαυσιν·
1060 1172 1134 1212 καί
1160 1171 1200 1211 εἰ
1225 1167 1284 1224 μὴ
1314 1166 1445 1210 ἔκειτο
1473 1164 1590 1223 ὕδωρ

135 1243 387 1295 ἑπινοτίζον,
436 1239 659 1295 συνετριβη
693 1235 746 1280 ἂν
773 1236 855 1279 ὑπὸ
900 1240 1064 1293 θέρμης
1102 1236 1160 1286 ὥς
1189 1231 1313 1290 ἄγγος
1347 1234 1592 1290 ὄστράκινον

134 1311 264 1362 μέσον
316 1306 471 1364 φλογὸς
516 1305 740 1359 ἱστάμενον
773 1304 850 1346 καί
881 1300 999 1358 ὕδωρ
1037 1300 1098 1358 μὴ
1127 1301 1237 1356 ἔχον.
1303 1302 1378 1343 καί
1402 1301 1592 1342 κάτωθεν

135 1373 208 1417 διὰ
251 1376 373 1416 τοῦτο
405 1371 546 1414 ὕδατα
590 1371 751 1424 πολλά,
781 1372 967 1423 ποταμοί
989 1385 1032 1412 τε
1060 1371 1135 1410 καί
1159 1369 1306 1421 λίμναι
1333 1366 1407 1409 καί
1432 1368 1629 1412 &dioto-13

135 1455 232 1496 σαι,
277 1435 386 1482 ὥστε
423 1437 484 1494 μὴ
523 1437 874 1494 καταφλεχθῆναι
902 1438 1024 1479 τουτί
1059 1435 1269 1490 περίγειον
1299 1436 1350 1491 τῇ
1376 1433 1594 1490 ὑπερβολῇ

68 1508 210 1550 αοτοῦ
237 1506 418 1560 θερμοῦ.
471 1499 565 1562 ᾔδει
591 1503 674 1559 γάρ
702 1501 726 1544 ὅ
754 1500 867 1554 θεός,
898 1497 956 1551 ὥς
985 1517 1114 1558 φησιν
1145 1499 1167 1542 ὅ
1194 1502 1327 1555 μέγας
1353 1501 1592 1552 Βασίλειος,

136 1568 235 1615 ὅσον
285 1569 479 1628 ἀφώρισε
526 1573 586 1629 τῷ
611 1568 754 1627 κόσμῳ
798 1566 958 1626 χρόνον
996 1568 1058 1616 εἷς
1101 1563 1328 1622 διαμονήν,
1356 1566 1432 1607 καί
1461 1563 1594 1620 πόσην

135 1759 215 1783 sum
238 1747 455 1793 dissipatur3
480 1747 595 1791 fitque
620 1746 719 1789 venti
745 1745 924 1790 quaedam
950 1743 1098 1777 inflexio
1129 1748 1166 1777 et
1189 1743 1310 1784 turbo,
1334 1741 1528 1776 sustollens
1554 1742 1592 1775 in

134 1797 247 1829 altum
272 1793 450 1841 quicquid
472 1793 532 1828 vel
559 1798 656 1826 terra
682 1792 741 1826 vel
763 1793 852 1824 mari
876 1792 1062 1835 corripuit.
1087 1790 1172 1823 hinc
1196 1791 1237 1823 fit
1260 1795 1301 1822 ut
1323 1795 1471 1823 ventum
1495 1789 1594 1822 hune

134 1843 242 1876 etiam
283 1842 474 1888 siphonem
509 1840 710 1885 ,appellent
748 1850 831 1871 nam
868 1839 908 1871 in
938 1838 1062 1870 orbem
1093 1837 1186 1869 circa
1211 1842 1343 1870 terram
1373 1837 1530 1880 agitatur
1556 1842 1594 1870 et

132 1901 236 1924 suum
259 1888 305 1922 ad
329 1889 476 1922 initium
507 1887 680 1929 reflectit3
723 1897 815 1931 quae
840 1896 946 1918 causa
973 1890 1028 1918 est
1052 1884 1287 1929 quamobrem
1311 1884 1452 1927 ingenti
1479 1883 1513 1917 vi
1539 1883 1593 1916 la-

131 1938 236 1982 pides
264 1936 423 1970 attrahat
452 1940 489 1969 et
512 1940 696 1968 terrenum
731 1932 918 1977 pulverem
942 1933 1059 1977 rapiat
1084 1937 1121 1965 et
1144 1931 1328 1964 naviculas
1357 1936 1504 1964 evertat.
1527 1941 1594 1964 eae

132 1984 305 2029 deinceps
341 1984 380 2017 in
403 1984 475 2016 alia
499 1982 578 2015 loca
614 1981 808 2014 distractae
834 1979 1110 2012 admirationem
1138 1978 1320 2024 quandam
1348 1983 1386 2011 et
1410 1983 1594 2023 stuporem

132 2032 170 2065 in
193 2031 455 2077 spectatoribus
484 2030 653 2062 excitant.
677 2033 807 2061 ventus
834 2032 955 2060 autem
991 2027 1020 2060 is
1057 2037 1165 2071 quem
1194 2025 1415 2070 Ecnephiam
1437 2030 1593 2067 vocant,

131 2078 394 2124 propemodum
425 2077 511 2110 huic
544 2076 699 2122 typhoni
739 2074 867 2108 similis
906 2079 978 2115 est,
1012 2073 1085 2107 nisi
1122 2072 1222 2119 quod
1257 2073 1456 2117 typhonem
1482 2074 1593 2106 etiam

131 2127 308 2159 cemimus
332 2130 482 2171 propter
518 2125 728 2158 crassiorem
765 2122 842 2155 eius
871 2121 1063 2155 essentiam
1099 2132 1118 2154 e
1157 2120 1256 2154 nube
1280 2119 1424 2153 detrahi
1443 2130 1484 2153 ac
1506 2131 1592 2166 pro-

119 2170 241 2215 trudi,
268 2184 376 2219 quam
409 2184 455 2206 ne
477 2172 602 2218 pluvia
633 2170 783 2216 quidem
810 2168 985 2214 dissipare
1015 2173 1157 2214 potest,
1182 2169 1260 2201 solo
1285 2167 1398 2200 borea
1428 2173 1591 2212 excepto.

131 2219 221 2254 haec
246 2226 309 2254 tua
337 2232 455 2261 causa,
481 2219 616 2252 dilecte
644 2219 709 2259 fili,
734 2216 895 2251 breviter
923 2226 1103 2261 exponere
1127 2214 1272 2258 lubuit,
1300 2213 1446 2261 quando
1472 2226 1592 2249 rerum

131 2266 336 2301 huiusmodi
364 2268 608 2312 cognitionem
635 2265 757 2310 expeti
783 2264 845 2298 abs
870 2268 908 2297 te
933 2263 1083 2297 mirifice
1108 2263 1193 2296 scio.

222 2315 348 2349 Altera
385 2314 445 2348 die
479 2314 568 2348 deus
607 2325 651 2347 ex
679 2314 782 2358 aquis
820 2312 1083 2344 firmamentum
1116 2309 1308 2351 condidit,
1345 2308 1447 2355 quod
1475 2309 1591 2342 inter-

130 2362 333 2407 stingueret
363 2373 493 2408 aquas,
528 2361 742 2407 praesertim
783 2359 930 2393 secretis
968 2359 1042 2392 illis
1068 2368 1163 2404 quae
1197 2368 1304 2403 supra
1327 2358 1592 2390 firmamentum

132 2410 301 2443 existunt.
341 2416 378 2444 et
412 2421 589 2455 quanam,
629 2409 804 2448 obsecro,
839 2406 884 2439 de
921 2417 1027 2439 causa
1061 2406 1150 2439 deus
1191 2416 1299 2450 supra
1325 2405 1592 2443 firmamentum

131 2466 262 2501 aquam
286 2457 500 2490 collocavit?
524 2461 675 2501 propter
700 2454 990 2488 ardentissimum
1011 2453 1100 2487 solis
1123 2458 1262 2486 motum
1286 2457 1397 2497 atque
1423 2452 1591 2484 calorem.

130 2514 213 2536 nam
238 2505 309 2537 nisi
335 2516 429 2549 aqua
454 2504 535 2537 istic
572 2510 667 2538 esset
695 2503 871 2547 reposita,
895 2506 1020 2534 aestus*
1039 2502 1154 2534 instar
1177 2500 1270 2533 vasis
1294 2499 1446 2532 testacei
1470 2497 1592 2539 media

131 2549 170 2583 in
192 2551 332 2584 flamma
368 2552 498 2585 stantis
537 2556 574 2584 et
610 2551 656 2584 ab
696 2561 789 2595 aqua
816 2549 980 2582 destituti
1015 2549 1134 2581 onmia
1166 2546 1405 2592 disperderet.
1433 2551 1471 2579 et
1497 2545 1590 2578 infra

131 2597 391 2632 firmamentum
418 2599 545 2632 itidem
571 2609 687 2644 aquae
712 2597 833 2631 variae
849 2622 857 2637 ‚
891 2595 1038 2628 flumina
1063 2601 1187 2640 stagna
1215 2594 1328 2627 maria
1354 2598 1449 2634 sunt,
1478 2598 1520 2626 ut
1543 2603 1590 2625 ne

129 2650 248 2688 partes
287 2646 355 2680 hae
390 2651 576 2679 terrestres
600 2651 749 2691 propter
785 2644 912 2677 caloris
949 2643 1224 2676 immensitatem
1255 2646 1460 2674 exurantur.
1485 2645 1591 2672 norat

130 2691 227 2724 enim
251 2693 357 2734 deus,
379 2693 682 2739 quemadmodum
706 2692 857 2725 Basilius
884 2690 954 2732 ait,
979 2696 1155 2736 quantum
1180 2688 1315 2723 mundo
1344 2689 1518 2733 temporis
1542 2686 1588 2719 ad

131 2737 357 2774 durationem
371 2742 448 2775 eius
473 2740 701 2782 destinasset,
722 2746 761 2774 et
778 2743 954 2785 quantum
974 2737 1125 2773 fomenti
1154 2735 1405 2784 reponendum
1432 2735 1508 2779 igni
1530 2734 1589 2768 fo.-
