1826 3120
566 161 850 202 ANNALlUM
893 162 1026 202 PARS
1069 163 1100 201 1.
1450 144 1510 208 ¹4
1523 163 1549 216 7

107 271 316 324 ἔλλαμψιν
343 273 536 324 γίνονται.
592 270 663 312 καί
691 271 742 312 τὰ
763 273 840 324 μὲν
866 270 1077 326 ἁγιώτατα
1105 273 1187 314 τῶν
1214 271 1455 326 ὑπερτάτων
1483 273 1550 313 οὐ·
1569 282 1593 313 B

107 339 214 380 σιῶν
236 335 428 391 τάγματα
459 336 532 378 καὶ
558 337 757 391 ἀγγέλους
784 339 982 380 καλοῦσιν
1009 336 1047 380 οἱ
1075 335 1278 392 θεολόγοι,
1306 337 1363 387 ὥς
1393 338 1556 393 εἴρηται

109 405 202 459 (καί
225 403 304 458 γάρ
333 403 438 444 εἰσιν
471 401 750 459 ἐκφαντορικα
795 405 869 445 καί
899 402 1006 445 αὐτοὶ
1041 405 1116 458 τῆς
1144 405 1374 459 θεαρχικῆς
1403 402 1556 456 ἐλλάμ-

106 472 241 526 ψεως)
259 487 270 498 ·
339 467 414 524 την
444 470 495 517 δὲ,
513 470 754 511 τελευταίαν
782 468 900 520 τάξιν
926 470 1010 510 τῶν
1040 465 1248 524 οὖρανίων
1274 472 1391 524 νοῶν,
1418 474 1557 512 τουτέ·

71 536 176 578 ὅστι
203 535 302 587 τούς
327 536 549 590 ἀγγέλους,
587 535 663 576 οὔκ
704 533 794 589 ἔχει
833 532 1207 590 λόγονηΧερουβὶμ
1244 533 1273 590 ἢ
1302 538 1501 592 Σεραφίμ
1529 533 1558 590 ἦ

105 601 286 657 θρόνους
317 599 538 655 ὀνομάζειν
557 617 568 630 ·
625 600 725 643 ου’δὲ
753 600 834 656 γάρ
864 602 978 643 ἐστιν
1009 602 1054 643 ἐν
1080 602 1283 661 μετουσίᾳ
1309 605 1392 645 ταῖν
1427 602 1558 658 ὑπερ-

104 666 240 711 τάτων
260 666 489 721 δυνάμεων.
522 665 627 722 πρὸς
659 665 731 709 ε’πὶ
749 665 911 716 τούτοις
940 666 1014 708 καί
1043 666 1247 720 δυνάμεις
1275 671 1451 711 καλοῦσι
1482 669 1559 718 τάς

105 733 251 789 νοεράς
294 734 432 783 πάσας
467 732 618 790 φύσεις
643 732 701 783 ὥς
730 736 814 775 τῶν
848 736 1098 786 σωματικῶν
1139 737 1289 776 παθῶν
1330 736 1557 788 ἐλευθέρας

104 802 336 844 κάντεῦθεν
362 801 547 855 πληροῦν
576 798 627 842 τὰ
656 799 907 853 κελευόμενα
930 792 1190 853 δυναμένας·
1223 801 1448 854 ,,ὁυνατοί”
1475 801 1554 856 γάρ

46 877 92 904 10
105 883 235 924 φησιν
257 866 424 922 ,,ἰσχύϊ,
451 867 660 915 ποιοῦντες
686 865 760 908 τόν
783 867 904 920 λόγον
932 868 1105 910 αυ’τοῦ.”
1128 866 1235 908 ἀλλὰ
1256 866 1329 909 καί
1350 867 1456 909 κατὰ
1475 870 1556 908 πᾶ-

102 950 182 976 σαν
201 931 317 989 ἱερὰν
337 932 612 988 διακόσμησιν
633 931 676 974 αἱ
697 934 774 986 μὲν
793 933 1123 988 ὑπερβεβηκυῖαι
1150 932 1284 985 τάξεις
1305 933 1452 988 ἔχουσι
1486 937 1557 977 καὶ

101 999 179 1059 τὰς
206 1001 289 1042 τῶν
325 1000 565 1055 ὑφειμένων
604 998 923 1051 διακοσμήσεων
963 1000 1194 1052 ἐλλάμψεις
1231 1000 1304 1042 καί
1331 999 1595 1054 δυνάμεις-,Ω

102 1066 327 1120 α’μέθεκτοι
359 1067 406 1108 δὲ
431 1067 513 1108 ταῖν
536 1065 672 1116 αὐτάς
702 1066 1010 1120 ὑπερκειμένων
1042 1065 1084 1108 αἱ
1117 1067 1362 1109 τελευταῖαί
1385 1070 1503 1110 εἰσιν.

123 1185 128 1188 ⁴
210 1134 454 1188 Ἀναγκαῖον
483 1133 529 1173 δὲ
548 1131 653 1188 πρὸς
678 1139 764 1181 τοῖς
799 1129 942 1183 ἄλλοις
969 1135 1044 1174 καί
1068 1134 1191 1175 τοῦτο
1221 1135 1377 1176 εἰδέναι
1404 1150 1466 1188 σε,
1494 1132 1558 1176 ὅτι

43 1197 217 1243 Ιὸπᾶσα
251 1200 275 1256 ἢ
304 1201 386 1242 τῶν
430 1201 694 1255 ἐπουρανίων
736 1199 841 1241 νοῶν
885 1201 1103 1259 ἐπωνυμία
1145 1198 1327 1255 δήλωσιν
1369 1200 1458 1255 ἔχει
1488 1204 1559 1256 τῆς

101 1263 274 1309 ἑκάστου
313 1268 531 1316 θεοειδοῦς
568 1264 778 1320 ἰδιότητος
801 1266 997 1324 Ἓβραϊκῇ
1027 1269 1171 1323 φωνῇ,
1206 1267 1317 1309 καθά
1349 1266 1400 1322 δη
1430 1270 1502 1310 καί
1535 1265 1557 1308 ὃ

104 1331 418 1388 χρυσορρήμων
441 1330 642 1386 Ἰωάννης
670 1334 801 1388 φησίν
827 1333 871 1374 ἐν
893 1333 952 1390 τῷ
977 1331 1075 1388 περὶ
1105 1332 1399 1389 ἅκαταλήπτου
1429 1334 1557 1391 τρίτῳ

99 1400 208 1458 λόγῳ
238 1400 383 1441 αὐτοῦ.
449 1397 495 1441 τό
526 1400 606 1451 μὲν
634 1395 777 1440 αὐτῶν
809 1401 1055 1453 Χερουβίμ,
1098 1398 1144 1441 τό
1177 1401 1223 1442 δὲ
1254 1403 1454 1457 Σεραφίμ
1483 1418 1558 1442 κα-

101 1464 298 1519 λούμενα.
357 1465 410 1507 τὰ
449 1468 621 1508 τοιαῦτα
650 1464 831 1522 καὶγὰρ
862 1462 1044 1518 ὀνόματα
1074 1463 1150 1515 τοὶς
1179 1467 1388 1521 ἐνεργείας
1420 1465 1558 1509 αὐτῶν

38 1545 90 1572 20
102 1532 438 1589 ὖπεμφαίνουσι,
476 1531 551 1573 καί
575 1532 766 1587 καθάπερ
798 1526 971 1585 ἄγγελος
999 1533 1164 1586 λέγεται
1195 1530 1301 1573 διότι
1330 1531 1407 1582 τοὶς
1434 1537 1558 1582 θείας

101 1599 380 1655 ἑκφαντοριάς
405 1598 647 1652 α’ναγγέλλει
676 1597 789 1652 ἡμῖν,
818 1599 892 1639 καί
918 1597 1176 1652 ἀρχάγγελος
1203 1597 1346 1654 ἐπειδὴ
1378 1601 1461 1641 τῶν
1481 1596 1555 1653 ἆγ-

100 1668 231 1720 γέλων
258 1659 405 1720 ἄρχει,
434 1661 567 1713 ,οὕτως
595 1662 641 1705 αἱ
665 1665 855 1706 τοιαῦται
887 1665 1160 1719 προσηγορίαι
1189 1664 1265 1720 τήν
1289 1668 1446 1722 σοφίαν
1475 1667 1551 1708 αὖ·
1568 1678 1597 1710 D

101 1870 185 1904 dum
213 1880 329 1903 rerum
355 1869 557 1902 divinarum
583 1867 824 1913 splendorem.
855 1872 891 1900 et
924 1868 1085 1912 quamvis
1115 1867 1356 1900 sanctissimos
1380 1867 1464 1900 illos
1490 1879 1550 1900 su-

99 1929 300 1964 premarum
339 1916 574 1950 essentiarum
608 1915 752 1948 ordines
786 1914 944 1959 generali
983 1913 1159 1947 vocabulo
1197 1914 1341 1958 angelos
1367 1914 1552 1960 appellant

100 1977 218 1999 rerum
243 1964 446 1998 divinarum
462 1964 582 2008 periti,
608 1963 701 1995 sicut
726 1961 922 1995 indicatum
949 1965 1003 1993 est
1029 1959 1135 1993 modo
1148 1963 1244 2006 (nam
1271 1966 1307 1995 et
1330 1962 1399 2006 ipsi
1429 1962 1551 2006 splen..

99 2013 195 2046 doris
225 2025 245 2046 a
283 2012 352 2045 ‹leo
387 2011 541 2057 profecti
573 2016 656 2043 sunt
688 2011 941 2054 interpretes),
977 2013 1097 2040 tamen
1121 2007 1284 2040 ordinem
1314 2009 1479 2042 ultimum
1506 2021 1550 2043 ex

99 2059 316 2094 coelestibus
342 2059 416 2092 illis
444 2057 644 2099 mentibus,
672 2058 840 2090 nimirum
870 2055 1035 2099 angelos,
1066 2055 1260 2088 absurdum
1286 2055 1396 2090 fuerit
1421 2068 1550 2091 vocare

100 2107 284 2141 Cherubos
320 2112 384 2140 aut
417 2105 595 2151 Seraphos
627 2110 690 2138 aut
720 2104 876 2137 thronos.
918 2114 984 2136 nec
1010 2103 1102 2135 enim
1129 2113 1172 2135 ex
1197 2114 1313 2148 aequo
1331 2105 1550 2149 participant

99 2167 178 2188 cum
203 2154 443 2201 potestatibus
472 2154 545 2187 illis
571 2153 755 2198 supremis.
783 2156 970 2196 praeterea
993 2155 1140 2183 naturas
1163 2149 1228 2183 has
1253 2151 1486 2185 intellectiles
1510 2153 1547 2185 iu

98 2203 303 2236 universum
328 2202 447 2236 vocari
484 2201 646 2235 videmus
674 2204 890 2244 potestates,
925 2203 966 2231 ut
989 2208 1081 2243 quae
1109 2197 1183 2231 sint
1209 2198 1252 2232 ab
1279 2197 1547 2232 adfectionibus

99 2250 279 2295 corporeis
308 2250 484 2282 immunes
509 2254 546 2281 et
563 2252 752 2293 propterea
770 2246 941 2291 perficere
965 2245 1034 2278 sibi
1053 2245 1222 2286 mandata
1242 2246 1393 2291 possint.
1419 2258 1547 2292 „prae-

99 2302 195 2331 stant
210 2298 240 2338 ‚’'
281 2297 403 2342 inquit
433 2295 584 2329 Davides
609 2295 750 2341 (Psalui.
783 2304 843 2326 102
870 2297 950 2334 20),
978 2292 1155 2334 „robore,
1183 2304 1224 2326 ac
1250 2294 1452 2338 imperium·
1470 2295 1546 2328 eius

99 2345 373 2389 exsequuntur.’'
411 2350 553 2389 praeter
591 2342 681 2375 haee
715 2343 752 2374 in
780 2340 929 2384 singulis
954 2338 1052 2373 hisce
1076 2340 1184 2374 sacris
1208 2340 1375 2386 gradibus
1399 2341 1545 2375 ordines

98 2392 299 2436 superiores
338 2391 474 2424 habent
508 2390 720 2423 inferiorum
757 2387 1044 2421 collustrationes
1077 2393 1187 2433 atque
1216 2394 1440 2434 potestates,
1465 2401 1545 2422 eum

99 2439 314 2483 posteriores
341 2439 565 2484 superiorum
590 2436 833 2482 praestantiae
858 2446 931 2467 non
956 2435 1027 2469 sint
1050 2436 1255 2481 participes.

190 2485 266 2519 Hoc
291 2497 438 2532 quoque
462 2485 663 2519 necessario
690 2482 873 2517 sciendum
901 2487 954 2515 est
977 2482 1046 2515 tibi
1062 2508 1072 2523 ,
1089 2494 1231 2516 omnem
1258 2484 1432 2516 mentium
1459 2484 1542 2516 illa-

100 2543 178 2565 rum
201 2533 410 2567 coelestium
438 2533 717 2578 appellationem
760 2532 797 2563 in
824 2529 986 2562 Hebraea
1010 2530 1130 2575 lingua
1156 2530 1452 2575 significationem
1478 2531 1542 2563 ha-

100 2578 186 2612 bere
211 2579 355 2614 divinae
382 2580 565 2614 cuiusdam
588 2580 806 2624 singularum
826 2577 1064 2622 proprietatis,
1088 2577 1126 2611 id
1154 2578 1254 2623 quod
1281 2578 1390 2611 etiam
1411 2577 1543 2611 Iohan-

99 2637 164 2659 nes
190 2626 457 2670 Chrysostomus
495 2627 633 2661 indicat
664 2627 703 2660 in
728 2626 891 2659 oratione
921 2635 982 2656 sua
1007 2625 1114 2657 tertia
1140 2625 1185 2658 de
1212 2625 1540 2670 incompreliensili.

101 2684 173 2718 quo
202 2673 242 2706 fit
277 2680 317 2707 ut
346 2676 476 2720 partim
509 2674 667 2708 Cherubi
707 2674 835 2718 partim
862 2671 1011 2716 Seraphi
1046 2678 1234 2706 vocentur:
1259 2684 1340 2705 nam
1367 2673 1542 2706 eiusmodi

100 2720 246 2753 nomina
270 2721 454 2755 declarant
494 2733 617 2755 earum
645 2721 862 2754 effectiones.
890 2730 931 2751 ac
954 2719 1257 2764 quemadmodum
1283 2721 1429 2764 angelus
1458 2721 1542 2753 inde

101 2779 229 2801 nomen
248 2769 403 2813 accepit,
427 2769 524 2814 quod
539 2781 664 2802 arcana
687 2768 748 2802 illa
771 2778 888 2800 rerum
907 2765 1104 2802 divinarum
1127 2767 1232 2802 nobis
1257 2769 1412 2809 nuntiet,
1437 2769 1541 2803 item-
