1826 3120
595 114 880 157 ANNALmM
918 117 1055 163 PARS
1098 119 1167 158 iv.
1449 103 1486 157 6
1500 122 1512 156 ι
1526 123 1567 175 9

116 212 192 268 καὶ
217 209 418 265 κηδεστὰς
445 207 557 267 εἶχεν
585 213 653 255 ἐπ’
682 215 887 272 ἀδελφαῖς
915 215 988 259 τὸν
1014 216 1289 272 Μελισσηνὸν
1316 220 1568 276 Νικηφόρον

115 278 188 318 καί
227 276 410 333 ΖΠιχαὴλ
439 276 528 330 Ιτὸν
573 283 794 334 Ταρωνοῖν.
873 281 897 323 ὅ
942 284 1087 336 μέντοι
1130 286 1297 339 κρατῶν
1339 285 1564 342 ἐπειδήπερ

115 341 311 395 ἐσπάνιζε
337 343 578 400 χρημάτων,
606 344 685 395 τὰς
713 348 909 403 ἐτησίους.
925 347 1064 399 δόσεις
1091 350 1264 404 ἐνέκοψε
1288 350 1363 402 τὰς
1390 351 1567 409 ἀνηκού-

91 426 93 430 ⁴
115 424 194 461 σας
216 409 403 464 δηλονότι
423 417 508 459 τοῖς
535 408 759 466 ἀξιώμασι,
791 421 1102 472 προσαφῃρεῖτο
1127 417 1174 458 δὲ
1195 419 1266 459 καί
1292 416 1364 468 τὰς
1395 434 1566 472 περιου-

77 477 212 524 5σιάς
247 477 329 518 τῶν
356 479 648 532 συγκλητικῶν.
707 478 729 520 ὅ
756 483 900 533 μέντοι
936 480 1164 536 ἀγιαίτατος
1191 484 1455 540 πατριάρχης
1475 488 1612 531 Iso-1)

114 544 224 594 σμᾶς
252 544 307 600 τῇ
344 545 428 586 τῶν
465 547 614 587 κοινῶν
640 545 896 601 πραγμάτων
933 552 1220 605 μεταχειρίσει
1272 551 1568 606 α’παρεσκόμε.

112 623 184 657 ’νος
212 611 285 651 καί
310 609 560 664 ἀπεγνωκώς
579 610 655 667 τὴν
684 613 926 670 διόρθωσιν,
952 618 1008 672 τῷ
1035 616 1220 674 ὑπηρέτῃ
1253 614 1410 674 „vigum”
1440 618 1569 661 εἰπών

111 673 188 729 ,,τὸ
215 675 454 731 ψαλτήριον
481 677 552 719 καί
581 679 806 721 α’κολούθει
835 696 910 734 μοι
927 685 969 733 ,”
996 684 1069 737 τῆς
1091 684 1311 739 ἐκκλησίας
1337 686 1566 740 α’ναχωρεῖ.

112 743 427 797 προχειρίζεται
457 744 504 786 δὲ
537 739 623 787 ἄντ’
654 741 789 787 αὐτοῦ
817 748 1013 801 ἐκτομίας
1037 765 1100 798 τις
1134 748 1419 806 Εὕστροίτιος,
1460 754 1567 808 α’φεῳ

52 805 189 862 τολῆς
211 807 318 863 ἀνὴρ
349 810 422 850 καί
457 826 589 869 γωνια
633 810 686 853 τοὶ
715 811 903 865 μάλιστα
933 814 1167 870 προσήκων,
1223 815 1329 869 μετὰ
1359 819 1404 860 δὲ
1434 816 1502 874 ε”τη
1531 818 1566 873 γ’

112 874 342 930 κατάγεται
370 875 443 917 καί
471 872 598 919 ἄκων.
657 876 683 933 ἧ
711 880 757 920 δὲ
788 879 906 922 αἰτία
933 882 1010 921 οὐκ
1035 879 1251 936 ἔγνωσται.
1313 885 1403 926 ἄντ’
1430 881 1566 926 unitos}

211 939 225 954 ζ

111 942 159 982 δὲ
202 957 224 982 ο
265 943 554 996 γραμματικὸς
595 944 795 999 α’νοίγεται
826 945 1047 995 Νικόλαος.
1113 946 1220 1000 μετὰ
1255 950 1300 991 δὲ
1331 951 1463 992 ταῦτα
1491 952 1565 1006 ἤγ-

108 1009 240 1063 γέλθη
274 1007 469 1064 Φραγγὸς
502 1010 751 1066 Ῥομπέρτος
788 1012 860 1054 ἐπί
888 1012 956 1055 τὸν
995 1012 1148 1067 δάμνον
1176 1017 1695 1069 δίαπεραιοὺμενος.ῐ>,333

110 1074 262 1116 αὕτίκα
287 1077 426 1118 τοίνυν
455 1075 477 1119 ὅ
503 1074 705 1131 βασιλεὺς
736 1078 1054 1133 ἐξεστράτευσε,
1095 1082 1167 1122 καί
1189 1079 1378 1137 ἡττηθείς
1408 1083 1566 1133 ἀκλεῶς

48 1138 263 1196 ιόἕφυγε,
311 1144 474 1184 πολλῶν
515 1146 649 1186 ἐκεῖσε
693 1142 930 1198 πεσόντων,
973 1143 1022 1186 οὗ
1064 1149 1146 1188 τῶν
1185 1146 1401 1202 τυχόντων
1434 1148 1566 1202 μόνον

109 1205 217 1249 ἄλλά
248 1210 320 1250 καί
360 1209 444 1250 τῶν
470 1212 732 1263 μεγιστάνων
759 1212 832 1252 καί
861 1214 904 1262 ἐξ
932 1210 1123 1265 αἱμάτων
1165 1209 1294 1256 ὄντων
1320 1219 1563 1268 βασιλικῶν.

108 1270 338 1330 ἡττημένος
383 1271 459 1317 οὖν
485 1276 746 1333 ὑποστρέφει
776 1276 798 1318 ὃ
826 1279 1038 1331 βασιλεύς.
1110 1282 1343 1335 γαυριῶσιν
1372 1281 1442 1323 ἐπὶ
1466 1281 1697 1332 τοὺ-ΝΛΜ»)

107 1356 195 1389 τοις
222 1338 261 1382 οἱ
285 1339 499 1398 βάρβαροι
528 1344 620 1385 τινὰ
662 1346 744 1386 τῶν
772 1343 1039 1397 πολισμάτων
1077 1348 1327 1400 κατέχοντες.
1386 1349 1562 1402 ἐκστρα-

105 1403 220 1447 τεύει
246 1408 321 1449 καί
345 1404 474 1458 αὖθις
501 1409 721 1463 βασιλεύς,
761 1413 836 1452 καί
865 1410 933 1452 τὸν
964 1411 1212 1467 Ἀνὸριανόν
1239 1411 1313 1468 τήν
1339 1413 1563 1469 βασιλικὴν

43 1471 329 1530 αοιίμφιοίσας
361 1476 524 1531 ἐσθῆτα
562 1478 636 1518 καί
674 1474 830 1533 στήσας
859 1477 1059 1520 οἰπέναντι
1097 1481 1174 1521 τοῦ
1195 1478 1450 1536 Ῥομπέρτου
1479 1498 1560 1523 πα-

1164 1568 1215 1629 Χ..

204 1625 232 1650 i.
256 1612 420 1662 α’δελφῆς
445 1616 482 1650 Ρ.
584 1619 635 1654 13.
649 1618 706 1657 εἰς
723 1616 958 1666 Ἐπίδαμνον
970 1619 987 1654 ?

106 1735 192 1771 erat,
217 1729 413 1774 Augustum
439 1731 630 1777 classisque
645 1732 892 1777 Drungarium.
922 1738 1107 1779 praeterea
1131 1745 1288 1767 sororum
1313 1734 1468 1775 maritos,
1492 1736 1558 1768 ad-

106 1777 196 1811 flues
222 1789 326 1819 suos,
350 1778 593 1823 Nicephorum
630 1780 861 1814 Melissenum
896 1787 933 1814 et
955 1780 1171 1814 Michaelum
1204 1782 1400 1815 Taroniten
1418 1808 1428 1823 ‚
1453 1784 1558 1818 certis

106 1823 305 1858 honoribus
331 1831 440 1870 atque
467 1827 583 1860 titulis
608 1828 757 1861 ornavit.
786 1840 864 1861 cum
897 1828 1089 1861 secundum
1117 1828 1206 1862 haec
1230 1829 1423 1874 imperator
1449 1841 1560 1875 pecu-

105 1872 176 1906 niis
200 1878 341 1917 egeret,
366 1872 579 1907 donationes
603 1886 737 1907 annuas
762 1880 799 1908 et
832 1886 979 1908 munera
1001 1874 1076 1909 dari
1101 1882 1271 1910 consueta
1295 1877 1558 1921 magistratibus

103 1919 282 1964 praecidit
306 1931 347 1952 ac
386 1920 454 1953 sibi
482 1922 638 1962 retinuit,
664 1922 888 1956 senatoribus
924 1923 1031 1955 etiam
1055 1923 1349 1968 locupletioribus
1376 1936 1464 1969 opes
1487 1926 1559 1958 eri-

104 1967 195 2012 puit.
231 1966 323 2000 hanc
347 1967 692 2002 administrationem
722 1970 772 2002 rei
792 1969 957 2014 publicae
989 1982 1066 2003 cum
1089 1971 1331 2004 sanctissimus
1356 1972 1418 2004 ille
1445 1973 1560 2017 patri-

105 2013 211 2047 archa
237 2014 382 2048 cosmas
406 2015 556 2060 probare
583 2029 655 2049 non
678 2023 810 2061 posset⁷
835 2029 902 2050 nec
926 2017 1213 2051 emendationem
1229 2044 1238 2058 ‚
1265 2017 1310 2051 de
1333 2030 1403 2064 qua
1428 2019 1558 2064 despe—

105 2066 256 2103 raverat,
280 2062 391 2095 ullam
414 2069 638 2108 exspectaret
657 2064 820 2108 amplius,
837 2065 971 2105 „tolle”
996 2065 1115 2110 inquit
1128 2066 1290 2099 ministro
1316 2077 1380 2099 suo
1403 2066 1558 2107 „librum

104 2108 200 2142 huuc
211 2109 452 2151 Psalmorum,
479 2116 515 2144 et
536 2122 592 2143 me
623 2112 800 2156 sequere.'’
826 2111 881 2144 his
905 2111 1010 2145 dictis
1038 2123 1081 2145 ex
1108 2113 1258 2146 ecclesia
1282 2112 1454 2146 discessit.
1481 2114 1557 2147 eius

104 2157 276 2190 inlocum
301 2159 465 2191 suffectus
491 2163 544 2191 est
562 2158 757 2192 Eustratius
783 2159 906 2203 spado,
929 2159 1081 2204 simplici
1105 2160 1159 2192 vir
1184 2160 1341 2203 ingenio⁷
1365 2166 1402 2194 et
1426 2160 1557 2206 dignus

104 2203 145 2236 in
168 2204 297 2250 angulo
323 2205 387 2250 qui
412 2204 568 2249 degeret.
590 2217 711 2238 verum
736 2211 773 2239 et
794 2207 857 2239 ille
881 2211 963 2251 post
978 2206 1171 2240 triennium
1196 2207 1437 2241 administrati
1463 2220 1556 2253 pon-

104 2251 262 2284 tificatus
287 2257 411 2284 contra
422 2253 643 2286 voluntatem
661 2264 758 2286 suam
777 2264 819 2286 eo
845 2259 991 2298 propter
1013 2255 1169 2298 ignotam
1199 2255 1387 2299 quamdam
1412 2267 1554 2289 causam

105 2296 334 2339 deturbatur,
360 2305 482 2333 evecto
508 2300 661 2333 vicissim
681 2300 726 2333 ad
762 2300 990 2345 patriarchici
1013 2301 1097 2334 solii
1122 2301 1379 2335 sublimitatem
1404 2304 1554 2337 Nicolao

104 2345 355 2379 Grammatico.
381 2347 574 2380 secundum
602 2347 690 2381 haec
712 2348 857 2381 nuntius
883 2348 928 2381 ad
951 2348 1198 2393 imperatorem
1223 2350 1352 2383 allatus
1382 2356 1456 2391 est,
1484 2362 1555 2395 quo

104 2392 369 2438 significabatur
386 2395 578 2439 Rupertum
597 2396 768 2428 Francum
788 2396 936 2429 traiecto
954 2396 1040 2429 mari
1051 2396 1286 2441 Epidamnum
1298 2397 1449 2430 venisse.
1467 2409 1556 2442 qua-

103 2445 250 2485 propter
274 2440 373 2473 illico
397 2453 475 2474 suas
491 2443 611 2487 copias
637 2442 767 2483 educit,
781 2442 1107 2489 Dyrrhachiumque
1119 2444 1299 2489 profectus
1315 2455 1456 2477 manum
1475 2456 1555 2478 cum

104 2486 266 2520 hostibus
294 2489 482 2522 conseruit.
506 2490 618 2523 victus
645 2495 765 2523 autem
788 2490 928 2534 proelio
952 2490 1034 2534 fuga
1059 2491 1128 2524 sibi
1154 2491 1332 2524 consuluit
1355 2492 1528 2536 inglorius
1543 2518 1554 2534 ,

101 2534 225 2568 multis
249 2547 390 2568 suorum
433 2537 592 2578 amissis,
626 2549 699 2570 non
726 2537 880 2581 vulgaris
920 2537 1027 2571 modo
1053 2539 1157 2572 sortis
1183 2538 1387 2572 hominibus
1415 2551 1554 2572 verum-

105 2582 212 2614 etiam
237 2583 459 2627 magnatibus
488 2589 524 2616 et
546 2584 776 2629 imperatorio
804 2585 974 2628 sanguine
989 2587 1195 2631 procreatis.
1221 2586 1290 2618 hoc
1307 2585 1413 2618 modo
1441 2586 1552 2620 vietus

104 2629 295 2673 imperator
338 2630 384 2663 ad
421 2630 545 2664 urbem
595 2632 791 2665 revertitur.
827 2632 961 2666 interea
999 2632 1141 2666 barbari
1177 2633 1354 2677 prosperis
1390 2634 1555 2668 fortunae

105 2675 324 2709 successibus
345 2678 430 2711 elati
469 2678 651 2723 superbire
684 2690 725 2712 ac
751 2679 926 2724 oppidula
950 2679 1126 2726 ‹puaedam
1151 2691 1332 2725 occupare.
1361 2680 1552 2725 imperator

103 2722 259 2758 vicissim
283 2724 418 2759 eductis
460 2725 578 2761 denuo
607 2726 727 2772 ‘copiis
752 2725 945 2762 Adrianum
978 2727 1206 2774 imperatorio
1242 2726 1368 2763 habitu
1391 2739 1550 2770 ⁸ornare,
