1826 3120
629 116 914 158 ANNALmM
952 114 1087 158 PARS
1127 117 1161 156 1.
1381 126 1386 130 μ
1516 92 1619 153 123

170 227 245 267 καὶ
271 220 380 265 οὕτω
429 225 554 264 τίκτει
581 219 784 273 εὐχερῶς.
856 218 1098 274 πολυφάγος
1133 219 1213 271 μὲν
1242 211 1392 272 ἄρκτος
1416 219 1549 271 ἐστίν,
1579 220 1661 261 §vc

172 292 219 334 δὲ
247 290 426 344 χειμῶνι
455 286 790 343 παρακαθημένη
818 286 875 342 τῷ
903 286 1054 341 φωλεῷ
1093 283 1165 325 καί
1190 287 1373 326 πεινῶσα
1400 287 1531 338 λείχει
1551 283 1624 327 τὸν

170 354 282 398 πόδα
310 354 383 397 καὶ
407 358 621 412 τρέφεται.
679 349 785 406 μόνη
813 351 860 392 δὲ
889 346 995 405 αὕτη
1024 352 1069 391 έν
1101 351 1152 407 γῇ
1186 349 1342 405 πάσχει
1375 353 1521 403 τοῦτο,
1552 351 1626 392 καί

170 423 218 466 ἐν
248 420 443 478 θαλάσσῃ
474 420 496 462 ὅ
531 419 787 466 πολύπους,

133 492 160 533 5
278 486 405 531 Ἀλλά
439 485 512 529 καί
538 487 623 528 τῶν
651 481 838 538 ὀνάγρων
868 480 913 524 αἱ
943 478 1122 534 νομάδες
1144 482 1317 525 ἐπειδάν
1345 484 1519 525 τέκωσιν
1549 478 1624 538 ἅρ-

171 573 295 613 ρενα,
327 557 528 608 τέμνουσι
553 550 603 595 τά
633 552 776 594 αἰδοῖα
805 549 971 602 αὐτῶν,
1002 547 1071 589 ἵνα
1099 546 1156 602 μή
1191 551 1522 603 σπερματίζωσι.
1551 567 1625 592 κα-

169 621 351 679 τάξηρον
381 622 427 663 δὲ
457 621 563 672 ζῶον
592 616 613 660 ὃ
642 612 830 671 ὅναγρος,
863 617 930 671 ἐφ’
959 609 990 674 ᾧ
1023 616 1097 656 καί
1127 617 1348 667 διψαλέον·
1405 615 1510 658 κατὰ
1541 617 1623 672 γάρ

169 692 292 732 τοῦτο
316 689 390 730 καί
417 685 439 728 ὅ
455 685 600 739 Δαβίδ
625 685 724 739 περὶ
750 681 918 724 ὑδάτων
946 680 1113 733 διεξιών
1143 678 1256 723 οὕτω
1284 681 1398 738 φησί
1416 686 1624 739 υπροσδέ-

171 759 308 808 ξονται
338 750 506 808 ὅναγροι
534 752 594 801 εἷς
624 751 756 803 δίψαν
784 749 965 790 ἀὕτῶν.”

108 837 158 863 10
281 823 464 875 Λέγεται
483 819 530 860 δὲ
551 816 626 860 καί
650 814 727 872 τήν
746 815 943 857 άλώπεκα
959 812 1198 867 βρωμάτων
1228 811 1473 870 ἀποροῦσαν
1500 816 1624 858 ὑπτί-

169 905 223 931 αν
243 889 404 930 πίπτειν
425 883 527 927 aiau*
545 881 696 939 νεκράν
722 881 795 924 καί
816 883 1056 937 φυσᾶσθαι,
1084 881 1314 923 κάντεῦθεν
1330 884 1627 937 διογκουμένην

168 952 299 1009 αὐτὴν
315 953 483 1008 ὁρῶντα
505 949 558 993 τά
580 948 748 992 πετεινὰ
779 947 1069 1002 ἐπιβαίνουσιν
1096 947 1226 1002 αὐτῆς
1253 950 1326 989 καί
1351 949 1456 990 uiuet*
1475 952 1668 1005 νεκρᾶς-Ι)

168 1019 381 1063 ἅπτονται.
426 1017 699 1073 ἐκπηδήσασα
727 1011 807 1058 οὖν
837 1013 992 1072 αἴφνης
1021 1013 1046 1070 ἢ
1080 1013 1206 1070 νεκροὶ
1236 1012 1522 1070 συλλαμβάνει
1552 1017 1626 1059 καί

168 1088 385 1130 κατεσθίει
422 1081 551 1127 αὐτά.

111 1154 158 1197 15
276 1150 402 1196 Ἀλλά
439 1149 638 1207 αἴγαγρος
665 1149 902 1204 ταχύτατόν
921 1149 1010 1191 ἐστι
1033 1148 1139 1200 ζῶον
1165 1145 1239 1189 καί
1264 1146 1382 1202 παρά
1411 1151 1499 1197 τοῖς
1527 1163 1627 1202 κρη-

169 1225 289 1273 μνοῖς
320 1216 466 1272 διάγον
483 1251 496 1271 ,
527 1216 780 1270 διωκόμενον
807 1216 854 1258 δὲ
888 1211 1058 1257 ἅλλεται
1090 1212 1198 1257 κατά
1227 1213 1436 1269 κεράτων,
1476 1216 1550 1256 καί
1576 1215 1628 1255 ου’

171 1286 418 1328 διαθλᾶται.

289 1353 476 1393 Γίνωσκε
515 1351 561 1393 δὲ
591 1346 658 1391 ὅτι
687 1346 844 1407 ἑκάστῳ
875 1349 961 1389 τῶν
1003 1348 1132 1400 ζώων,
1163 1345 1275 1389 καθά
1306 1345 1358 1402 δὴ
1388 1347 1461 1389 καί
1491 1345 1513 1387 ὅ
1542 1349 1629 1389 Νε-

169 1414 313 1472 μέσιός
351 1433 476 1473 φησι,
525 1416 710 1474 φυσικήν
752 1415 803 1457 ου’
841 1414 1011 1469 λογικὴν
1047 1416 1218 1469 ἐνέθηκε
1257 1413 1425 1456 σύνεσιν
1464 1411 1487 1454 ὅ
1512 1411 1628 1461 θεός.

106 1483 260 1527 ποτισί
285 1485 332 1525 δὲ
359 1485 434 1524 καί
449 1481 704 1538 πανουργίας
733 1483 927 1534 ἐνέβαλεν
952 1481 1060 1536 ὑπὲρ
1091 1482 1168 1523 τοῦ
1194 1479 1269 1522 καί
1293 1478 1370 1529 τάς
1396 1477 1631 1527 ένεστώσας

172 1549 403 1604 ἐπιβουλάς
434 1551 634 1592 ἐκκλίνειν
661 1547 734 1590 καί
761 1547 838 1597 τάς
857 1546 1096 1601 μελλούσας
1127 1545 1510 1603 προφυλάττεσθαι.
1569 1542 1631 1587 ὅτι

174 1619 220 1660 δὲ
261 1618 450 1674 φυσικῶς
482 1613 534 1657 τά
569 1617 748 1658 τοιαῦτα
787 1615 862 1656 καί
889 1615 942 1655 ου’
981 1616 1156 1668 λογικῶς
1185 1615 1404 1669 ἐνεργοῦσι
1430 1614 1480 1656 τὰ
1516 1614 1629 1665 ζῶα,

270 1739 320 1773 ¹9·
349 1725 517 1770 λαθικὴν
542 1727 594 1767 V,
623 1724 830 1770 διδακτήν,
854 1732 895 1760 ut
916 1726 1082 1768 videtur,
1109 1721 1373 1760 Leunclavius(

174 1826 310 1861 servat,
336 1830 453 1865 eoque
479 1824 585 1864 pacto
620 1818 867 1852 difficultatem
901 1824 1024 1864 partus
1049 1818 1199 1862 mitigat.
1223 1829 1333 1852 vorax
1354 1823 1407 1851 est
1430 1818 1632 1862 admodum,

174 1878 327 1914 cumque
351 1878 417 1913 per
444 1866 597 1899 hiemem
622 1867 660 1899 in
682 1867 796 1899 lustro
825 1878 888 1899 suo
916 1865 1019 1898 sedet
1043 1877 1085 1898 ac
1109 1865 1242 1906 esurit,
1277 1864 1409 1910 pedem
1437 1865 1631 1900 lambendo

175 1927 212 1950 se
236 1914 375 1957 nutrit3
404 1913 504 1959 quod
527 1913 673 1959 quidem
703 1913 736 1945 ei
763 1913 831 1946 soli
853 1913 1034 1958 peculiare
1060 1918 1114 1946 est
1135 1913 1230 1946 inter
1252 1913 1418 1946 animalia
1436 1915 1632 1957 terrestria,

178 1964 270 1997 sicut
292 1962 388 1995 inter
411 1961 550 1994 marina
578 1961 725 2006 polypo.
1297 1986 1303 1997 t

271 2009 359 2042 Cum
393 2009 517 2054 onagri
541 2020 654 2041 mares
681 2008 849 2052 gignunt,
882 2012 1050 2040 exsecant
1073 2018 1195 2040 eorum
1218 2007 1360 2048 virilia,
1399 2018 1446 2040 ne
1486 2019 1633 2052 procre-

177 2062 250 2091 ent.
277 2061 315 2090 et
338 2057 470 2089 animal
487 2055 558 2089 hoc
583 2056 815 2089 siccissimum
841 2059 910 2095 est,
934 2054 1090 2100 ideoque
1117 2054 1351 2088 sitibundum.
1377 2067 1448 2100 qua
1475 2054 1520 2088 de
1547 2067 1633 2088 cau-

177 2117 215 2139 sa
231 2103 387 2137 Davides
413 2103 556 2150 (Psalm.
589 2104 650 2135 103
678 2103 749 2148 11),
778 2101 822 2134 dc
848 2101 950 2146 aquis
977 2101 1165 2144 disserens,
1191 2102 1242 2136 ait
1266 2108 1436 2144 „sument
1459 2113 1517 2136 eas
1543 2114 1632 2136 ona-

177 2152 229 2197 gri
254 2152 333 2184 sitis
362 2162 448 2184 suae
467 2149 745 2195 restinguendae
773 2149 910 2182 causa.''

270 2198 509 2244 Vulpeculam
536 2198 747 2231 nutrimenti
764 2196 985 2229 laborantem
1000 2196 1122 2241 inopia
1140 2197 1304 2242 supinam
1327 2197 1444 2230 iacere
1468 2196 1631 2239 tradunt,

178 2245 282 2291 quasi
310 2247 340 2279 si
364 2246 458 2279 foret
485 2251 646 2287 mortua,
686 2245 865 2289 simulque
889 2243 1086 2277 anhelitum
1111 2245 1278 2278 retinere.
1305 2244 1537 2289 quamobrem
1563 2244 1634 2277 hac

177 2293 255 2338 ipsa
279 2292 324 2326 de
365 2305 470 2326 causa
502 2292 698 2326 distentam
722 2291 950 2337 conspicatae
983 2291 1167 2333 volucres,
1204 2292 1242 2325 in
1270 2304 1346 2324 eum
1371 2303 1406 2325 se
1435 2291 1634 2326 demittunt

177 2340 364 2385 velutique
404 2346 582 2374 mortuam
612 2341 803 2384 attingunt.
847 2344 924 2372 tum
948 2338 1012 2371 illa
1049 2338 1168 2373 subito
1198 2340 1391 2381 exsiliens,
1420 2350 1512 2385 quae
1535 2350 1633 2373 mor-

178 2392 240 2421 tua
266 2387 500 2428 credebatur,
527 2398 608 2421 aves
643 2385 918 2432 comprehendit
943 2391 1050 2431 atque
1072 2386 1232 2420 devorat.

270 2435 384 2480 Capra
426 2435 599 2468 silvestris
633 2435 896 2468 velocissimum
927 2433 1058 2466 animal
1100 2440 1155 2468 est
1192 2439 1230 2467 et
1266 2434 1306 2468 in
1343 2431 1490 2478 rupibus
1521 2432 1635 2477 degit,

180 2481 319 2525 quodsi>
338 2482 419 2527 quis
444 2481 536 2515 hanc
563 2488 776 2515 venatorum
807 2486 1064 2527 persequatur,
1102 2482 1141 2514 in
1164 2493 1296 2515 cornua
1328 2481 1454 2514 desilit
1476 2491 1544 2513 nec
1568 2480 1634 2513 de-

180 2528 338 2563 trimenti
362 2530 556 2574 quicquam
581 2530 724 2575 accipit.

273 2576 370 2609 Scias
387 2583 508 2610 autem
526 2577 674 2622 singulis
698 2574 925 2617 animalibus,
950 2575 1247 2621 quemadmodum
1277 2581 1314 2608 et
1325 2574 1515 2608 Nemesius
1543 2575 1633 2608 scri-

181 2621 273 2665 psit,
300 2623 477 2658 indidisse
503 2623 610 2657 deum
641 2623 870 2669 prudentiam
906 2623 1084 2668 quandam
1108 2624 1330 2662 naturalem,
1362 2633 1435 2654 non
1458 2621 1630 2655 discendo

181 2667 389 2712 parabilem.
412 2672 599 2705 nonnullis
637 2671 813 2705 versutias
845 2670 952 2703 etiam
977 2670 1093 2712 dedit,
1119 2670 1252 2717 quibus
1289 2676 1325 2703 et
1347 2676 1554 2714 praesentes
1574 2669 1631 2702 in-

185 2714 296 2749 sidias
320 2717 501 2752 declinare
529 2725 565 2753 et
589 2728 801 2765 praecavere
826 2718 963 2752 futuras
979 2719 1125 2764 possint.
1150 2729 1300 2765 quarum
1326 2728 1442 2751 rerum
1470 2717 1631 2751 effectio-
