1826 3120
693 82 1034 150 0151010005.

135 207 190 254 sol
215 204 407 251 splendore
433 207 626 242 destitutus
644 209 828 243 5111110311-

171 253 291 287 'niano
302 257 382 296 512,
396 268 430 300 9.
457 267 518 289 cur
530 256 588 291 die
602 263 728 301 quarto
741 252 827 291 um-¹

187 301 284 334 ditus
313 302 360 335 sit
396 303 452 343 35,
478 303 507 336 5.
545 302 616 336 (liei
648 310 683 337 et
712 305 826 339 noctis

181 358 284 381 causa
314 351 370 394 37,
395 359 450 383 22.
487 349 716 392 obscuratur,
752 363 826 385 non

181 394 304 428 deficit
326 397 384 440 45,
401 398 434 431 8.
459 397 536 442 pari
561 398 752 432 intervallo
781 398 826 432 ad

180 453 304 476 omnes
327 448 444 476 terrae
460 450 578 489 partes
603 445 744 480 accedit
775 457 825 487 12,

188 488 389 533 14.Christi
418 491 650 537 imago47‚4.
679 491 723 526 de
748 493 825 526 eius

178 537 425 582 magnitudine
464 539 581 571 variae
623 541 825 573 sententiae

179 582 237 628 40,
268 596 295 618 1.
321 595 406 617 num
432 590 562 618 terram
582 586 826 622 subtercurrat

176 631 234 670 61,
263 631 282 664 5
308 629 386 677 sqq.
409 632 514 673 Iosua
529 632 712 678 pugnante
738 634 824 668 sub-

178 677 274 710 sistit
299 678 378 722 304,
409 679 460 712 16.
488 680 565 713 eius
588 682 730 727 eclipsis
757 682 823 715 sub

136 727 140 731 '
177 723 293 757 Phoca
307 727 388 770 572,
406 727 454 760 13.
470 727 536 760 sul)
546 729 678 762 Basilio
689 730 768 775 576,
790 741 822 762 2.

131 771 307 805 solomon
332 773 478 808 Orniam
534 775 678 809 fratrem
729 777 824 809 occi-

177 817 233 852 (lit
271 819 361 865 327,
395 823 444 856 15.
490 821 645 856 Homero
688 834 824 869 aequa-

179 866 224 899 lis
251 869 329 911 344,
353 870 386 903 6.
423 881 509 902 num
546 881 656 905 senex
691 872 823 915 poeni-

176 913 313 948 tentiae
336 925 373 948 se
387 915 578 951 tradiderit
589 918 669 962 347,
682 920 716 954 8.
744 918 821 952 eius

177 971 324 1005 regnum
350 964 430 1008 337,
461 964 616 1008 14.’343,
640 966 673 998 6.
703 975 823 998 mere-

174 1008 282 1040 trices
305 1010 386 1053 345,
417 1013 467 1045 16.
503 1010 594 1044 odae
614 1017 650 1044 et
674 1017 821 1045 senten-

176 1054 249 1088 tiae
275 1054 356 1099 341,
382 1059 414 1101 4.
452 1056 537 1090 libri
567 1057 613 1091 de
646 1059 758 1103 geniis
785 1065 822 1093 et

175 1102 321 1146 gemmis
349 1104 428 1145 342,
459 1106 508 1139 16.
535 1104 580 1138 de
606 1106 683 1138 eius
709 1107 823 1151 magi-

173 1149 224 1181 cis
250 1149 394 1194 Iosephi
424 1150 524 1185 l-ocus
553 1153 632 1197 343,
662 1164 717 1187 2ο.
745 1155 824 1187 eius

174 1200 292 1228 statua
318 1208 338 1228 a
363 1196 564 1232 Iustiniano
592 1201 710 1244 posita
739 1203 821 1245 498,

180 1243 234 1277 15.
259 1253 278 1274 e
303 1245 522 1290 praescripto
547 1247 623 1280 eius
649 1249 821 1293 expulsus

177 1290 300 1334 genius
326 1292 407 1336 342,
442 1295 491 1327 18.

128 1349 273 1370 somnus
299 1349 370 1383 qua
395 1350 431 1372 re
457 1341 673 1375 concilietur
687 1343 745 1384 23,
768 1345 819 1378 16.

129 1384 290 1429 Sophiae
314 1386 425 1419 virtus
455 1389 536 1429 506,
563 1389 594 1432 4-

126 1430 318 1477 Sophoclis
343 1439 439 1467 aetas
460 1437 539 1480 376,
570 1436 621 1470 15.

124 1484 303 1523 spectrum
330 1480 397 1513 sub
412 1481 548 1514 Isaacio
564 1482 776 1524 Comn.603‚
788 1485 823 1519 5.

124 1526 250 1571 spinae
275 1538 338 1561 cur
364 1528 452 1562 rosis
475 1528 619 1564 additae
646 1531 719 1565 sint
745 1542 786 1565 21
808 1558 818 1574 ,

179 1576 232 1610 16.

123 1621 270 1667 spiritus
310 1626 453 1655 sanctus
489 1634 552 1656 cur
587 1625 818 1660 descenderit

141 1672 144 1674 '
171 1668 210 1700 in
236 1667 415 1702 Christum
431 1670 510 1715 393,
531 1673 579 1708 16.
607 1673 646 1706 in
671 1680 819 1720 aposto-

172 1715 226 1748 los
252 1717 328 1761 419,
360 1730 399 1751 10
430 1728 509 1762 sqq.

125 1762 280 1807 Spyrido
306 1764 419 1796 vincit
444 1765 632 1809 Eulogium
665 1768 744 1812 464,
763 1779 817 1800 21.

123 1815 241 1843 statua
267 1810 501 1855 imperatricis
527 1813 571 1845 ab
584 1813 817 1849 Antiochenis

172 1857 311 1890 deiecta
355 1859 435 1902 477,
479 1861 527 1903 14.
567 1860 771 1896 Solomonis
795 1874 816 1895 a

168 1904 371 1938 Iustiniano
396 1906 513 1950 posita
543 1908 623 1953 498,
656 1911 707 1944 15.

124 1952 299 1984 Stauracii
327 1953 515 1998 imperium
542 1956 622 1997 531,
653 1968 702 2002 17.

125 1999 232 2033 siena
272 2010 292 2032 a
333 2000 447 2044 Magis
494 2008 686 2048 conspecta
726 2003 815 2049 quid

173 2045 284 2079 fuerit
309 2049 388 2090 389,
419 2059 469 2081 10.

125 2093 299 2138 Stephani
326 2095 531 2138 martyrium
558 2097 639 2142 423,
672 2099 720 2131 13.

124 2140 349 2174 Stratonicus
360 2141 506 2175 Siciliae
519 2142 592 2177 dux
602 2143 699 2190 apud
707 2144 815 2178 Dios-

172 2187 329 2220 con-idom
359 2201 435 2233 107,
467 2202 516 2224 11.

123 2235 239 2268 sturni
266 2235 382 2268 cicuta
407 2244 602 2270 vescuntur
625 2240 681 2280 23,
706 2251 739 2284 9.

123 2293 203 2314 sues
229 2282 407 2316 silvestres
442 2286 571 2326 semel,
596 2285 729 2319 cicures
757 2286 813 2320 bis

172 2330 367 2374 quotannis
393 2331 539 2375 pariunt
574 2344 648 2377 119,
677 2343 732 2366 22.

122 2376 285 2410 sultanus
311 2389 331 2409 a
355 2377 498 2412 Francis
513 2385 637 2424 captus
661 2381 742 2423 548,
763 2383 813 2415 16.

169 2424 247 2457 eius
275 2425 496 2469 praeclarum
523 2426 814 2469 dietumib.628,

167 2481 225 2503 21.
263 2472 338 2503 eius
377 2483 456 2506 cum
496 2474 660 2518 Diogene
699 2474 814 2508 collo-

170 2519 294 2562 quium
324 2519 367 2551 11).
384 2520 562 2555 modestia
588 2521 637 2554 ib.
661 2522 812 2556 victoria

170 2566 252 2607 628,
281 2579 330 2610 17.

123 2610 230 2644 Suses
257 2613 351 2658 gigas
377 2615 458 2658 304,
487 2627 543 2655 21,
572 2616 651 2655 306,
679 2627 732 2661 17.

123 2657 278 2700 Symeon
305 2661 565 2707 Metaphrastes
604 2661 683 2706 456,
713 2664 763 2698 16-

124 2704 277 2748 Symeon
303 2707 471 2752 Stylitzes
497 2710 577 2756 489,
608 2711 642 2748 8,

896 210 1082 253 Symeonis
1108 209 1250 254 Bulgari
1279 207 1445 243 interitus
1459 210 1582 256 558‚7.

895 255 1096 302 Symmachi
1113 262 1214 291 aetas
1233 256 1314 300 450,
1336 268 1386 302 ¹7-

898 304 1071 349 Georgius
1087 303 1283 349 Syncellus¹
1298 303 1434 338 citatur
1460 316 1538 346 221,
1551 315 1582 350 7.

941 352 1022 392 223,
1060 363 1109 398 ¹7·
1138 353 1218 398 294,
1247 351 1296 395 14.

894 398 1051 444 synodus
1090 396 1396 432 Chalcedonensis
1433 399 1525 443 488,
1556 411 1583 433 1.

940 445 1078 487 ronam}
1100 445 1149 479 ib.
1180 443 1358 492 λῃστρική
1384 443 1436 485 11).

894 491 996 536 Syria
1021 497 1101 539 377,
1140 505 1189 528 10.
1223 503 1243 525 a
1266 492 1436 525 Romanis
1462 491 1585 526 deficit

939 541 1007 576 582
1034 552 1091 575 21.

891 587 1008 621 Taciti
1030 586 1221 632 imperium
1255 585 1336 629 456,
1361 587 1394 620 6.

891 633 1070 667 talentum
1101 633 1190 679 quid
1214 633 1334 666 valeat
1362 633 1442 678 343,
1474 635 1522 668 18.

890 681 1039 714 talionis
1065 692 1183 727 poena
1208 680 1290 721 305,
1324 680 1373 724 14.
1401 683 1480 725 517,
1512 682 1562 717 15.

890 728 1021 762 Tarsus
1050 728 1146 762 unde
1173 727 1270 761 dicta
1289 727 1336 759 sit
1359 729 1440 772 264,
1466 738 1522 763 21.

889 775 1124 809 'ratianorum
1151 786 1248 809 error
1275 778 1356 819 227,
1389 787 1438 819 19.

890 823 984 857 tauri
1022 823 1068 856 ad
1102 823 1188 856 ficos
1226 820 1418 854 domantur
1444 823 1500 862 26,
1530 823 1583 858 13.

936 882 1000 904 cur
1037 871 1161 904 Lunae
1186 880 1328 903 currum
1356 867 1500 902 trahere
1524 868 1585 902 di-

936 923 1062 950 cantur
1088 918 1145 960 43,
1171 929 1205 962 9.

889 965 1116 1009 tempestatis
1141 963 1275 997 indicia
1301 965 1359 1007 67,
1398 964 1449 998 13.

888 1010 1061 1056 templum
1099 1010 1316 1044 Iudaeorum
1340 1011 1438 1055 prius
1467 1010 1584 1054 imago

936 1058 1031 1091 coeli
1057 1060 1138 1104 339,
1170 1070 1210 1104 19
1236 1070 1315 1104 sqq.
1341 1058 1416 1090 eius
1442 1063 1583 1091 exstru-

936 1106 1007 1139 ctio
1021 1109 1102 1151 370,
1118 1109 1169 1141 18.
1197 1105 1395 1139 secundum
1413 1110 1584 1150 regnante

934 1153 1044 1185 Dario
1074 1153 1260 1198 Hystaspis
1286 1153 1324 1186 F.
1361 1158 1584 1186 exstructum

936 1200 1017 1245 376,
1049 1212 1097 1234 12.
1130 1211 1294 1244 magnum
1329 1199 1389 1232 dei
1418 1211 1438 1232 a
1474 1199 1584 1232 Insti-

937 1248 1044 1280 niano
1070 1247 1269 1292 perfectum
1289 1249 1368 1293 496,
1397 1248 1429 1281 8.
1459 1247 1583 1292 498,9.

890 1295 1061 1339 temporis
1084 1305 1249 1328 mensura
1274 1307 1294 1328 a
1319 1299 1427 1328 nocte
1452 1294 1584 1339 incipit

936 1344 992 1382 3-‚
1018 1354 1067 1377 ι’·-

888 1368 1062 1424 tenebrae
1090 1393 1218 1422 terram
1248 1388 1450 1422 universam
1471 1399 1583 1422 occu-

934 1442 1060 1481 pantes
1087 1437 1265 1480 moriente
1287 1435 1523 1480 Christo408,
1548 1437 1580 1471 8.

889 1489 983 1517 terra
1011 1483 1049 1517 in
1072 1483 1191 1517 medio
1218 1484 1383 1517 universo
1406 1483 1580 1516 collocata

939 1543 990 1572 12,
1005 1542 1038 1574 9.
1070 1536 1188 1565 terrae
1209 1536 1327 1564 motus
1362 1530 1429 1564 sub
1451 1530 1583 1563 Alexio

933 1577 1057 1611 Comn.
1086 1579 1234 1620 618,15.
1263 1578 1331 1611 sub
1358 1578 1487 1611 Basilio
1501 1577 1581 1622 576,

933 1627 964 1659 8.
990 1628 1069 1671 577,
1084 1636 1115 1670 7.
1141 1625 1207 1658 sub
1223 1625 1460 1659 Constantino
1480 1626 1579 1658 Duca

929 1674 1012 1714 605,
1043 1674 1092 1707 16.
1117 1672 1181 1705 sub
1214 1673 1415 1706 Iustiniano
1449 1675 1529 1711 500,
1548 1685 1586 1716 7.-

929 1719 996 1752 sub
1029 1720 1168 1753 Iustino
1195 1720 1276 1764 493,
1315 1732 1373 1756 2ο.
1413 1719 1480 1753 sub
1506 1719 1578 1752 Mi-

929 1766 1054 1800 chaelo
1080 1767 1309 1812 Paphlagone
1344 1768 1424 1812 587,
1453 1780 1484 1811 7.
1512 1766 1579 1800 sub

927 1813 1135 1847 Theodosio
1169 1813 1398 1860 Calligrapho
1437 1815 1516 1857 483,
1542 1827 1574 1858 7.

928 1861 994 1894 sub
1020 1860 1170 1905 Tiberio
1197 1862 1323 1906 435‚9.
1349 1867 1475 1894 terrae·
1496 1873 1576 1894 mu-

928 1909 1021 1953 gitus
1046 1908 1112 1942 sub
1138 1907 1292 1942 Arcadio
1318 1910 1398 1955 478,
1425 1920 1482 1944 2ο.

879 1955 1128 1990 Tertullianus
1152 1956 1232 2001 437,
1251 1967 1305 1989 21.

879 2003 1033 2037 testibus
1074 2014 1166 2049 quae
1214 2002 1382 2036 animalia
1428 2007 1574 2038 careant

950 2053 982 2091 3,
1015 2061 1067 2084 ιο.

878 2063 1022 2131 tes7tudo
1042 2096 1189 2131 sibimet
1214 2097 1291 2143 ipsa
1324 2095 1473 2131 medens
1500 2096 1544 2142 95
1563 2121 1572 2138 ,

878 2191 1012 2225 teuthis
1026 2191 1131 2238 piscis
1151 2190 1377 2238 tempestatis
1397 2189 1570 2223 indicium

922 2240 981 2279 66,
1008 2250 1063 2272 21.

877 2285 1027 2320 Thabor
1048 2296 1150 2320 mons
1169 2287 1251 2330 399,
1275 2296 1282 2317 1
1298 2295 1325 2317 1.

876 2332 1029 2367 Tharbis
1060 2332 1278 2378 Aethiopum
1319 2331 1440 2376 regina
1479 2332 1579 2371 281,

876 2393 1070 2461 Thlemelus
1098 2429 1178 2467 562,
1206 2436 1224 2457 2

877 2475 1069 2510 Theodora
1095 2472 1302 2518 imperatrix
1331 2471 1419 2515 599,
1460 2480 1510 2502 11.
1547 2478 1566 2501 a

922 2522 1103 2556 Michaelo
1130 2521 1205 2553 filio
1226 2519 1356 2552 reiecta
1381 2517 1458 2560 543,
1492 2517 1542 2549 16.

876 2560 1068 2604 Theodora
1096 2565 1336 2615 Paphlagonia
1361 2562 1568 2609 Theophila

875 2615 1302 2699 Tgaeplbgupltssffiifissi.
1329 2658 1458 2692 coniux
1485 2656 1563 2702 495,

923 2723 979 2746 21.
1008 2712 1089 2758 499,
1114 2721 1145 2744 2.
