1826 3120
273 141 386 198 608
713 155 1001 199 MICHAELIS
1020 163 1022 165 ’
1043 147 1262 197 σιῩΟΑἙ

273 257 525 314 ἐπιτηδείων.
586 255 644 296 τί
681 257 780 309 γοῦν
794 272 807 307 ;
851 253 1035 311 ἀδελφὸς
1080 250 1131 308 ἦν
1179 254 1235 310 τῷ
1273 254 1511 312 πατριάρχῃ
1543 254 1719 310 Βάρδας

274 321 475 377 τοῦνομα.
534 324 727 375 πρόσεισι
754 323 855 375 γοῦν
881 324 936 378 τῷ
964 320 1204 377 πατριάρχῃ
1234 320 1256 360 ὅ
1284 322 1443 373 τομίας,
1472 321 1720 376 ἀπαγγέλλει

274 393 391 447 αὐτῷ
418 391 630 443 μυστικῶς
666 386 719 429 τά
749 389 825 430 τοῦ
849 387 1114 440 πράγματος·
1188 383 1300 440 „si’ys
1327 386 1540 439 οἰκονομία
1565 401 1627 437 τις
1651 389 1723 445 γε’-

230 470 395 511 Βνηται
422 457 521 508 περί
548 455 624 497 τοῦ
652 455 882 510 ἐγγράφου,
914 454 938 495 ὅ
967 450 1041 502 σὸς
1069 452 1256 509 ἀδελφὸς
1283 453 1336 509 τῇ
1362 451 1550 506 βασιλίδι
1574 454 1723 508 μίγνυι-

272 539 339 565 ται
367 522 438 564 καὶ
467 518 666 574 βασιλεὺς
695 519 1034 574 άναγορεύεται.”
1105 521 1326 573 κατέχεται
1360 513 1436 561 οὖν
1466 512 1760 563 ἔντεῦθέίὸὃ

271 588 557 644 πατριάρχης,
600 588 674 628 καί
704 587 778 628 ἕνα
809 588 908 628 καθ’
938 588 1013 627 ἕνα
1050 587 1124 640 τῆς
1151 585 1381 639 συγκλήτου
1406 579 1725 639 μετακαλούμε-

271 669 340 704 νος
368 652 512 696 ἔπειθε
541 653 701 702 πάντας
729 651 787 701 (ὃς
815 649 1058 706 παράνομον
1095 651 1142 694 τὸ
1172 649 1406 707 «ἔγγραφον,
1446 652 1519 693 καὶ
1549 648 1621 694 &oi
1652 644 1726 707 ζῆ-

271 725 343 763 λον
368 716 460 769 ἑνὸς
491 719 645 775 α’νδρός
671 716 724 761 τά
748 716 966 771 Ῥωμαίων
992 718 1044 759 ου’
1072 716 1154 772 χρὴ
1175 714 1568 770 καταβλάπτεσθαι·
1598 717 1726 772 dray-

270 793 387 829 καῖον
425 781 499 827 οὖν
525 783 600 838 τήν
636 786 837 838 βασιλίδα
869 784 1101 839 ζευχθῆναι
1118 784 1243 838 ἀνδρί
1269 782 1326 832 ὥς
1354 782 1728 839 οἷναθηλῆσαι-’καὶ

271 848 398 901 αὖθις
427 850 479 893 τά
510 849 750 906 πράγματα.
781 849 840 899 ὥς
870 844 944 891 οὖν
982 848 1082 904 ἔσχε
1112 849 1269 897 πάντας
1298 849 1560 905 συμψήφους
1589 847 1613 891 ὅ
1641 865 1721 891 πα·
1739 850 1787 888 m

134 918 495 973 V.253'cptd9>577<;,
524 917 695 965 ἔνοπλος
733 915 756 957 ὅ
790 918 991 970 Διογένης
1035 917 1095 964 εἷς
1138 914 1191 957 τά
1220 917 1416 969 βασίλεια
1454 913 1623 971 ἔρχεται
1653 917 1726 958 καί

136 988 173 1024 Ρ.
190 988 255 1034 327
270 990 324 1041 τῇ
350 985 540 1038 βασιλίδι
569 981 846 1036 συζεύγνυται
864 1014 876 1035 ,
930 984 1003 1023 καί
1025 978 1132 1024 οὕτω
1160 983 1244 1023 τῶν
1272 980 1492 1036 σκήπτρων
1522 976 1725 1038 ἐγκρατὴς

267 1054 436 1106 γίνεται.
494 1046 608 1103 εἶχεν
640 1050 849 1105 ἐφέδρους
875 1045 974 1097 τούς
1004 1062 1048 1090 τε
1077 1044 1307 1102 προγόνους
1341 1048 1478 1089 αὐτοῦ
1505 1049 1578 1089 καί
1605 1049 1724 1090 Καί-

269 1133 380 1170 σαρα
408 1117 480 1158 τὸν
508 1117 588 1158 τοῦ
614 1112 1041 1170 προβεβασιλευκότος
1070 1112 1267 1168 α’ὃελφόν.
1326 1115 1397 1155 καί
1412 1114 1640 1168 τηνικαῦτα
1669 1111 1720 1155 τά

269 1181 373 1224 κατά
405 1181 480 1236 την
509 1179 619 1223 ἑώαν
651 1178 874 1233 μανθάνει,
905 1181 976 1220 καί
1008 1178 1114 1220 κατά
1143 1180 1226 1220 τῶν
1255 1177 1452 1234 Τούρκων
1474 1184 1622 1236 χωρεῖ’,
1649 1178 1722 1222 καὶ
1739 1179 1786 1221 15

269 1251 330 1296 εἰς
359 1247 614 1301 §sedatam
645 1244 782 1288 ἐλθών
810 1245 879 1288 καί
907 1243 1029 1287 ἔνθεν
1058 1244 1250 1286 κάκεῖθεν
1282 1242 1617 1300 παραγενόμενος
1644 1260 1724 1299 με·

267 1314 376 1368 γάλα
404 1312 506 1355 κατά
538 1314 618 1355 τῶν
638 1309 836 1367 Τούρκων
877 1310 1025 1366 ἔστησε
1066 1310 1261 1365 τρόπαια.
1330 1308 1587 1367 ὑποστρέφει
1612 1309 1724 1368 πρὸς

269 1379 344 1434 την
372 1378 586 1432 βασιλίδα.
618 1378 691 1435 καί
709 1377 786 1428 τάς
810 1377 1012 1432 συνήθεις
1031 1374 1162 1433 ῥόγας
1181 1379 1231 1434 τῇ
1244 1376 1456 1435 συγκλήτῳ
1474 1378 1547 1418 καί
1558 1379 1621 1435 τῷ
1634 1371 1724 1435 λαῷ

269 1443 545 1501 ποιησάμενος
578 1443 848 1500 ἐκστρατείας
886 1445 958 1486 καί
996 1439 1125 1492 αὖθις
1156 1443 1415 1500 ἐφάπτεται,
1452 1444 1560 1499 μηδὲ
1586 1438 1722 1493 αὐτάς»

269 1510 343 1560 τάς
370 1513 608 1565 πασχαλίας
634 1508 794 1566 ἡμέρας
824 1509 1094 1566 καρτερήσας.
1150 1509 1223 1551 καί
1248 1515 1335 1560 τοῖς
1370 1508 1569 1564 Τούρκοις
1599 1507 1719 1552 ἔνθεν
1731 1519 1785 1550 20

269 1578 465 1619 κάκεῖθεν
499 1575 630 1619 πολλά
670 1579 951 1630 συμπλακείς,
994 1575 1066 1618 καί
1106 1577 1188 1617 ποῦ
1217 1577 1294 1628 μὲν
1335 1575 1522 1630 εὐτυχῶν
1561 1576 1643 1618 ποῦ
1670 1576 1718 1618 δὲ

367 1691 418 1723 13.
447 1689 610 1736 ἐφέδρας
636 1689 670 1723 Ρ.

1363 1755 1375 1771 0

268 1803 491 1848 patriarchae
513 1803 630 1844 frater,
654 1804 798 1836 nomine
819 1801 963 1835 Bardas.
989 1801 1056 1835 hoc
1079 1813 1156 1835 cum
1182 1802 1290 1835 sciret
1314 1801 1378 1834 ille
1402 1799 1513 1846 spado
1537 1807 1614 1835 cum
1641 1813 1716 1848 quo

269 1851 551 1883 communicasse
577 1851 725 1883 consilia
763 1853 826 1883 'sua
854 1851 1115 1894 imperatricem
1151 1849 1323 1889 diximus,
1348 1847 1585 1894 patriarcham
1613 1860 1715 1883 acce-

269 1898 348 1938 dit,
378 1903 517 1931 secreto
547 1908 622 1930 rem
649 1902 762 1930 totam
788 1898 821 1930 ei
847 1898 1054 1937 renuntiat,
1081 1897 1157 1929 fieri
1182 1897 1350 1929 nimirum
1376 1907 1479 1940 posse
1508 1901 1546 1929 ut
1575 1895 1604 1929 si
1630 1898 1716 1941 qui-

268 1944 349 1976 dem
374 1945 496 1989 aliqua
520 1944 741 1989 dispensatio
766 1945 912 1977 nomine
942 1944 1120 1977 cautionis
1145 1942 1411 1983 intercederet,
1437 1944 1546 1975 frater
1570 1943 1647 1976 eius
1676 1944 1715 1978 in

268 1992 493 2035 complexum
517 1992 753 2036 imperatricis
792 1992 998 2036 perveniret
1025 2003 1064 2024 ac
1088 1990 1220 2024 deinde
1245 1991 1437 2035 imperator
1459 1989 1716 2034 designaretur.

267 2037 334 2071 hac
364 2044 438 2071 arte
464 2044 588 2083 captus
629 2038 831 2083 patriarcha
860 2039 1068 2083 singillatim
1091 2038 1316 2071 senatoribus
1342 2037 1387 2069 ad
1411 2047 1448 2069 se
1473 2037 1608 2070 vocatis
1631 2048 1715 2082 per-

268 2084 398 2118 suadet
434 2087 601 2131 scriptam
625 2086 724 2118 illam
751 2086 956 2119 cautionem
1000 2085 1045 2119 ab
1073 2085 1264 2130 aequitatis
1289 2085 1428 2117 ratione
1453 2094 1594 2128 prorsus
1622 2084 1715 2118 alie-

267 2144 349 2165 nam
379 2143 479 2171 esse,
515 2143 582 2165 nec
620 2132 666 2164 ob
699 2134 804 2166 unius
831 2132 987 2165 hominis
1031 2133 1308 2166 aemulationem
1345 2130 1494 2164 concedi
1518 2130 1651 2164 debere
1674 2138 1715 2169 ut

267 2181 425 2212 Romana
448 2190 503 2212 res
542 2179 689 2224 publica
732 2180 988 2213 detrimentum
1024 2185 1187 2225 caperet,
1227 2178 1289 2212 sed
1317 2178 1437 2223 potius
1468 2179 1517 2210 ita
1541 2183 1714 2222 poscente

267 2226 480 2260 necessitate
505 2226 714 2259 tradendam
751 2228 790 2260 in
826 2228 1088 2260 matrimonium
1124 2227 1232 2259 alicui
1267 2225 1343 2259 viro
1367 2226 1649 2269 imperatricem,
1672 2231 1716 2260 ut

268 2273 337 2306 hoc
361 2273 466 2306 modo
505 2284 559 2306 res
583 2274 730 2318 publica
764 2275 915 2320 pristino
956 2275 1065 2308 statui
1108 2275 1272 2306 restituta
1310 2272 1464 2305 vicissim
1496 2272 1713 2308 floresceret.

267 2320 324 2353 his
348 2319 466 2353 verbis
506 2331 584 2352 cum
619 2332 740 2354 omnes
778 2321 981 2366 patriarcha
1006 2333 1104 2354 suam
1142 2322 1180 2353 in
1215 2320 1430 2353 sententiam
1462 2318 1711 2364 perduxisset,

265 2367 447 2410 Diogenes
475 2372 628 2400 armatus
663 2369 792 2412 regiam
814 2369 992 2412 ingressus
1019 2375 1090 2410 est,
1118 2379 1158 2400 ac
1190 2367 1414 2412 imperatrice
1448 2366 1518 2399 sibi
1542 2366 1712 2411 copulata

267 2415 416 2459 sceptris
440 2414 589 2459 potitus
614 2414 652 2446 in
677 2416 814 2460 nuptiis
841 2415 1041 2448 adsessores
1071 2414 1231 2448 habebat
1254 2414 1435 2459 privignos
1456 2424 1536 2446 suos
1560 2419 1596 2445 et
1619 2413 1711 2446 Cae-

267 2473 400 2502 sarem,
438 2462 513 2494 eius
538 2462 682 2494 fratrem
718 2463 780 2507 qui
805 2468 889 2496 ante
918 2463 1034 2507 ipsum
1069 2468 1286 2506 regnaverat.
1315 2472 1398 2494 mox
1421 2465 1540 2493 autem
1569 2459 1633 2492 ubi
1663 2460 1711 2494 de

267 2515 361 2541 statu
389 2509 536 2541 orientis
563 2509 782 2553 accepisset,
810 2511 1004 2543 exercitum
1029 2515 1150 2543 contra
1175 2509 1309 2541 Turcos
1337 2507 1450 2541 duxit.
1475 2518 1627 2551 cumque
1643 2507 1711 2540 Se-

265 2555 425 2588 basteam
448 2555 671 2600 pervenisset
693 2567 733 2588 ac
761 2556 844 2589 hinc
871 2556 956 2589 inde
982 2569 1061 2590 cum
1087 2556 1197 2600 copiis
1227 2556 1345 2596 itaret,
1367 2565 1493 2598 magna
1519 2553 1564 2586 (le
1581 2554 1710 2588 Turcis

266 2609 414 2646 tropaea
448 2603 597 2643 statuit,
631 2603 788 2647 indeque
829 2615 987 2637 reversus
1022 2604 1067 2636 ad
1107 2603 1232 2636 urbem
1259 2601 1543 2646 imperatoriam,
1568 2601 1708 2635 usitatis

266 2649 530 2692 largitionibus,
557 2661 643 2694 quas
670 2661 768 2694 rogas
795 2657 934 2692 vocant,
959 2652 996 2683 in
1021 2656 1180 2684 senatum
1208 2649 1453 2695 populumque
1478 2648 1601 2688 factis,
1628 2659 1707 2681 rur-

268 2707 325 2728 sus
354 2695 398 2727 ad
436 2696 700 2741 expeditionem
745 2709 780 2729 se
807 2699 1046 2742 comparavit,
1085 2708 1130 2729 ne
1156 2696 1379 2742 paschalibus
1405 2694 1550 2739 quidem
1577 2694 1707 2728 diebus

268 2744 306 2776 in
330 2742 416 2776 urbe
440 2749 605 2778 moratus.
636 2744 697 2778 ubi
724 2744 933 2790 frequenter
970 2751 1006 2779 et
1031 2745 1136 2782 variis
1162 2745 1200 2778 in
1223 2744 1310 2777 locis
1329 2753 1454 2776 manus
1480 2754 1558 2776 cum
1580 2741 1705 2776 Tui-cis
