1826 3120
626 145 908 190 ANNALmM
947 146 1081 189 PARS
1122 151 1174 189 11.
1498 148 1615 203 297>

165 247 268 304 πρὸς
298 247 445 291 αὐτόν.
505 250 545 291 εἰ
573 249 620 290 δὲ
652 249 790 291 ταῦτα
825 245 953 298 οὕτως
981 246 1093 302 ἔχει,
1128 251 1212 291 ποῦ’
1239 246 1426 305 θήσομεν
1453 248 1503 291 τὰ
1535 249 1610 289 τοῦ

159 313 396 370 Ἰωσήπου,
421 311 451 368 ἢ
479 316 568 364 πῶς
596 313 706 356 αὐτοὶ
738 315 1091 369 παραδεξόμεθας
1120 312 1235 368 ὅμως
1262 317 1400 369 μέντοι
1428 317 1612 370 προσθε-

161 381 253 423 τέον
278 386 364 429 τοῖς
394 376 480 422 ἅνω
510 382 584 422 καί
607 383 746 423 ταῦτα
773 382 830 423 δι’
846 379 1026 436 εἴδησιν.
1082 380 1261 438 παράγει
1291 381 1371 438 γὰρ
1404 380 1474 423 τόν
1499 383 1647 425 Μαι-Β

161 448 239 488 aba
267 445 371 488 κατὰ
394 445 467 488 τὸν
497 449 575 488 τοῦ
602 446 784 502 θανάτου
808 447 943 488 αῦτοῦ
969 445 1120 503 καιρὸν
1149 448 1222 490 καί
1236 446 1334 491 τάδε
1361 446 1462 490 κατὰ
1492 446 1610 503 ῥῆμα

125 513 150 554 5
161 510 264 570 πρὸς
290 509 364 554 τὸν
402 512 505 555 λαὸν
541 516 709 567 λέγοντα
754 508 936 566 »ἄνδρες
961 516 1291 568 συστρατιῶται,
1323 512 1416 566 ἐπεὶ
1440 515 1497 572 τῷ
1524 514 1613 569 θεῷ

160 580 312 621 δοκοῦν
347 573 427 635 ἤδη
456 580 528 621 καί
563 581 621 636 τῷ
648 578 777 636 γήρᾳ,
805 575 970 633 χρόνων
1012 577 1072 634 ρκ’
1101 581 1176 621 καί
1201 578 1230 621 ε’
1258 580 1519 636 ἠνυσμένων,
1548 581 1617 620 δεῖ

157 660 214 697 με
241 647 320 687 τοῦ
349 647 424 700 ζῆν
469 646 695 698 nemmem),
736 643 971 699 ὖποτίθημι
1010 644 1083 686 καί
1117 647 1193 688 νῦν
1231 645 1284 688 τοὶ
1327 647 1475 688 δέοντα
1503 644 1611 700 πρὸς

157 711 299 765 ὑμᾶς,
324 707 473 765 ἄπειμι
511 712 548 752 δ’
575 708 705 759 αὐτὸς
731 709 898 766 χαίρων
941 709 1012 752 ἐπὶ
1037 717 1126 760 τοῖς
1155 709 1373 767 ὑμετέροις
1396 713 1611 764 α’γαθοῖς.”

157 778 421 835 πορευομένῳ
449 777 496 818 δὲ
526 772 639 833 αὖτῷ
664 771 718 817 οὗ
746 774 916 829 ἔμελλεν
943 777 1261 833 ἀφανισθῆναι,
1293 779 1444 827 πάντες
1471 777 1608 819 εἵπον-

98 857 202 890 ιοτο
231 844 543 898 δεδακρυμένοι.
602 842 899 895 ἀσπαζομένου
924 844 977 893 ιδὲ
1008 843 1141 885 αὐτοῦ
1169 846 1243 886 καί
1270 842 1341 886 τὸν
1363 840 1611 899 Ἐλεάζαρον

156 906 230 950 καὶ
247 908 418 963 Ἰησοῦν
445 909 519 949 καί
543 909 893 963 προσομιλοῦντος
920 906 1085 960 αὐτοῖς,
1121 906 1185 951 ἔτι
1214 911 1262 952 δὲ
1279 908 1350 952 ἐπὶ
1379 911 1458 951 τοῦ
1483 904 1610 964 ἷίρους

156 975 232 1015 τοῦ
259 974 465 1029 Ἀβαρίμ,
509 975 664 1031 νέφους
706 972 919 1030 αἰφνίδιον
961 971 1067 1029 ὑπὲρ
1099 975 1231 1016 αὐτοῦ
1260 974 1425 1024 στάντος
1452 971 1608 1031 οἷφανί-

157 1041 275 1090 ζεται
301 1038 404 1082 κατά
441 1056 554 1089 τινος
593 1040 821 1096 φάραγγος.
901 1042 973 1082 καί
1014 1039 1036 1081 ὅ
1069 1043 1147 1094 μὲν
1174 1040 1369 1098 Ἰώσηπος
1396 1039 1511 1084 ἔστιν
1539 1038 1608 1084 ὅτε

152 1107 399 1160 μυθολογῶν
426 1103 537 1149 οὕτω
568 1106 778 1163 φαίνεται.

64 1180 67 1182 ’
95 1179 144 1220 15
257 1172 306 1215 Ὁ
333 1173 381 1214 δέ
410 1188 457 1227 γε
487 1175 658 1228 Μωσῆς
685 1175 891 1215 τελευτῶν
918 1171 1130 1229 ἐπιτίθησι
1158 1172 1235 1223 τὰς
1261 1177 1410 1230 χεῖρας
1440 1174 1511 1216 έπί
1535 1171 1645 1216 τὸνΟ

150 1239 311 1294 Ἰησοῦν
326 1237 400 1280 τὸν
428 1239 504 1280 τοῦ
523 1242 654 1294 Ναυῆ
678 1237 789 1291 υἱόν,
820 1237 955 1281 καίτοι
972 1255 1018 1293 γε
1044 1241 1453 1295 προμαρτυρηθέντα
1481 1242 1606 1282 πνεῦ-

151 1321 215 1357 μα
245 1300 363 1358 ἅγιον
392 1304 518 1358 ἔχειν.
576 1307 648 1361 ἀφ’
681 1300 733 1345 οὖ
771 1304 821 1359 δὴ
858 1307 930 1346 καί
951 1302 1077 1358 νόμος
1107 1303 1350 1361 κεκράτηκεν
1378 1302 1484 1348 (ὅστε
1509 1304 1607 1354 τούς

155 1371 371 1424 α’ρχιερεῖς
398 1376 547 1426 χεῖρας
577 1373 813 1414 ἐπιτιθέναι
842 1375 929 1420 τοῖς
955 1373 1362 1428 χειροτονουμένοις,
1398 1369 1471 1412 καί
1497 1368 1607 1412 οὕτω

153 1436 276 1485 θείας
301 1438 476 1491 χάριτος
502 1436 842 1490 μεταλαμβάνειν
870 1437 1025 1486 αὐτούς
1042 1455 1052 1464 ·
1084 1439 1185 1491 ,,και“
1210 1436 1387 1492 &tio-5:9³³
1417 1436 1495 1493 γάρ
1527 1454 1609 1493 φη-

90 1518 195 1546 2οσι
226 1500 330 1556 »τὰς
356 1503 506 1558 χεῖράς
536 1518 613 1545 σου
655 1506 718 1545 ἐπ’
748 1502 916 1545 αὕτὸν.”
973 1501 1126 1546 τούτου
1157 1505 1203 1545 δὲ
1231 1503 1307 1546 τοῦ
1329 1503 1471 1558 Ἰησοῦ
1497 1521 1605 1556 συμ-

149 1569 384 1622 μαχοῦντος
411 1573 497 1617 τοῖς
529 1571 568 1610 Γ
567 1571 822 1623 αβαωνίταις
851 1566 1152 1624 (ἐστράτευσαν
1179 1567 1257 1625 γάρ
1275 1584 1381 1618 τινες
1407 1571 1495 1612 κατ’
1528 1571 1606 1611 av‘-

151 1749 249 1783 modi
273 1749 502 1795 compellavit
525 1750 650 1795 (Iudae
681 1751 734 1798 ιο)
759 1752 944 1798 „increpet
965 1757 1004 1786 te
1019 1751 1218 1786 dominus?
1243 1763 1336 1798 quae
1365 1753 1395 1786 si
1422 1764 1504 1787 vera
1530 1758 1605 1787 sta-

151 1803 293 1830 tuemus
320 1807 416 1838 esse,
443 1808 513 1842 quo
541 1797 621 1830 loco
650 1798 795 1842 Iosephi
829 1800 1072 1833 narrationem
1099 1799 1338 1833 habebimus?
1361 1800 1420 1832 vel
1445 1812 1603 1846 quonam

150 1849 256 1889 pacto
279 1843 380 1876 illam
409 1844 667 1878 admittemus?
706 1845 809 1878 lubet
841 1851 959 1879 autem
987 1852 1024 1879 et
1047 1847 1123 1891 ipsa
1150 1847 1247 1890 prius
1275 1846 1442 1880 indicatis
1467 1847 1603 1881 adiice-

151 1902 213 1932 re,
239 1902 310 1936 quo
339 1891 467 1924 saltem
490 1897 576 1924 nota
601 1892 681 1924 sint.
710 1892 825 1925 tradit
847 1893 944 1925 enim
969 1893 1106 1926 Mosem
1130 1892 1196 1925 sub
1221 1893 1340 1937 ipsum
1364 1895 1489 1927 mortis
1510 1901 1605 1928 tem-

149 1950 217 1983 pus
242 1938 451 1971 huiusmodi
483 1939 646 1972 oratione
679 1939 854 1984 populum
885 1940 1142 1984 compellasse:
1166 1940 1359 1984 ‚,quando‚
1385 1941 1604 1975 commilito-

149 1996 235 2025 nes,
265 1986 315 2018 sic
340 1985 407 2018 deo
421 1986 537 2019 visum
562 1991 618 2018 est
642 1997 682 2018 ac
709 1986 897 2027 senectuti,
922 1986 1054 2019 exactis
1080 1987 1151 2018 iam
1174 1987 1276 2019 annis
1306 1988 1433 2021 aetatis
1457 1994 1602 2022 centum

147 2032 278 2077 viginti
314 2033 498 2078 quinque,
534 2037 574 2066 ut
607 2032 674 2065 hac
698 2033 773 2066 vita
804 2045 901 2069 nunc
940 2033 1130 2074 excedam,
1168 2034 1274 2067 etiarn
1306 2035 1414 2067 modo
1452 2047 1516 2070 vos
1555 2035 1601 2069 de

149 2079 194 2112 iis
221 2079 422 2113 admonebo
447 2090 540 2125 quae
563 2079 732 2112 faciunda
757 2085 873 2116 erunt.
900 2080 912 2112 i
941 2091 979 2113 se
998 2079 1144 2126 quidem
1167 2081 1283 2114 laetus
1314 2081 1360 2115 ob
1389 2087 1507 2116 vestra
1530 2082 1600 2116 bo-

148 2137 196 2158 na
218 2126 363 2170 migro.”
396 2138 475 2160 cum
515 2127 604 2160 haec
639 2127 847 2172 prolocutus
879 2091 936 2159 adp
960 2138 1041 2160 eum
1082 2127 1200 2160 locum
1234 2134 1399 2173 pergeret
1436 2141 1508 2175 quo
1541 2131 1599 2162 lo-

150 2184 192 2206 co
216 2173 376 2207 futurum
401 2179 477 2207 erat
499 2180 540 2207 ut
574 2185 619 2206 ex
650 2175 808 2219 ipsorum
833 2180 1027 2219 conspectu
1050 2173 1295 2219 abriperetur,
1314 2210 1317 2213 ,
1333 2187 1412 2209 cum
1433 2177 1598 2220 lacrymis

151 2230 274 2253 omnes
299 2221 552 2266 sequebantur.
579 2221 718 2254 interea
742 2233 837 2262 vero,
863 2220 946 2254 dum
966 2222 1170 2255 Eleazarum
1198 2227 1234 2255 et
1260 2223 1375 2256 Iesum
1400 2224 1598 2269 amplecte—

151 2272 268 2308 retur,
292 2278 333 2300 ac
361 2279 542 2301 sermones
567 2280 646 2301 cum
674 2270 723 2302 eis
749 2269 929 2302 conferret
952 2269 989 2301 in
1014 2274 1136 2302 monte
1160 2267 1281 2310 Aburi,
1308 2281 1390 2303 mox
1414 2271 1511 2304 nube
1536 2284 1598 2305 su-

149 2312 229 2347 bito
258 2324 296 2347 se
321 2326 427 2360 supra
455 2316 571 2360 ipsum
600 2315 812 2349 demittente
836 2315 948 2348 videri
973 2314 1091 2358 desiit,
1117 2316 1156 2349 in
1173 2316 1303 2350 vallem
1332 2318 1510 2363 quandam
1533 2319 1599 2352 ab-

151 2365 283 2405 reptus.
306 2362 356 2394 sic
381 2373 455 2394 rem
488 2368 622 2406 gestam
646 2362 820 2408 Iosephus
846 2367 1031 2404 recenset,
1057 2363 1119 2408 qui
1143 2374 1229 2397 sane
1255 2375 1514 2412 nonnunquam
1546 2366 1599 2399 fa-

150 2407 247 2440 bulis
271 2415 513 2442 consentanea
529 2410 662 2443 litteris
687 2410 874 2442 mandasse
899 2408 1052 2443 videtur.

244 2454 430 2488 Caeterum
455 2457 574 2490 Moses
588 2457 732 2491 vivendi
758 2457 865 2489 finem
893 2457 1048 2490 facturus
1074 2457 1152 2492 lesu
1169 2458 1290 2492 Navae
1316 2459 1354 2491 F.
1380 2469 1504 2491 manus
1530 2458 1600 2491 im·-

151 2500 290 2544 posuit‚
317 2513 522 2556 quanquam
551 2504 584 2536 ei
610 2504 856 2538 testimonium
879 2504 948 2536 iam
972 2509 1078 2538 antea
1103 2516 1248 2551 quoque
1274 2505 1451 2539 tributum
1482 2510 1598 2544 esset,

153 2546 252 2591 quod
287 2550 452 2593 spiritum
489 2556 650 2584 sanctum
688 2551 850 2584 haberet.
887 2550 973 2583 hinc
1010 2563 1084 2585 mos
1120 2553 1274 2586 inolevit
1313 2558 1350 2585 et
1376 2552 1534 2584 obtinuit
1559 2557 1600 2585 ut

152 2595 292 2627 muneri
329 2596 437 2629 alicui
472 2598 726 2642 praeficiendis
765 2597 968 2631 sacerdotes
1004 2609 1128 2632 manus
1160 2600 1365 2644 imponant,
1398 2609 1469 2644 quo
1502 2598 1599 2632 sacto

154 2640 298 2674 divinae
322 2644 456 2686 gratiae
492 2646 686 2690 participes
712 2645 813 2678 fiunt.
849 2645 1027 2689 impones,
1057 2647 1177 2692 inquit
1203 2647 1291 2681 deus
1315 2647 1395 2689 (Ios.
1424 2646 1498 2690 ιο),
1523 2657 1599 2678 ma-

152 2698 238 2720 num
270 2694 367 2721 tuam
390 2690 481 2735 ipsi,
522 2698 558 2724 et
583 2692 732 2736 gloriam
755 2697 852 2724 tuam
879 2692 916 2724 in
945 2703 1023 2725 eum
1061 2694 1263 2727 transferes.
1302 2704 1379 2725 cum
1410 2691 1469 2724 hic
1499 2693 1598 2725 Iesus

154 2745 255 2779 opem
287 2734 507 2783 *Gabaonitis
548 2738 674 2781 ferret,
715 2750 803 2785 quos
842 2739 1041 2774 invaserant
1077 2747 1265 2787 propterea
1301 2738 1467 2774 nonnulli
1500 2739 1598 2785 quod
