1826 3120
275 101 389 168 424
737 119 1020 161 menaeus
1060 118 1272 161 GLYCAE

276 220 520 275 ριήστραψε
560 218 641 274 γὰρ
689 215 853 262 ἄνωθεν
892 219 1022 262 αὐτὸν
1059 215 1243 274 ἄρρητον
1276 218 1394 275 φῶς,
1419 216 1492 260 καὶ
1519 213 1652 267 οὕτως
1679 216 1719 259 οἱ

277 289 354 328 τοῦ
403 286 595 338 σώματος
642 285 776 326 αὐτοῦ
818 285 966 340 λύχνοι
995 286 1254 340 παραχρῆμα
1283 284 1559 339 ἑσβέσθησαν.
1611 282 1717 332 sitm

230 364 261 401 D
277 352 350 394 καὶ
377 353 516 407 φωνῆς
545 346 708 393 ἄνωθεν
735 346 887 406 ἤκουσε
906 351 1010 406 πρὸς
1032 350 1162 393 αὐτὸν
1191 346 1302 392 οὕτω
1328 351 1523 405 λεγούσης
1546 348 1718 404 „Samii

276 415 441 459 Σαούλ”
473 417 707 472 (τουτέστιν
737 417 894 472 α’δελφὲ
923 418 1100 472 α’δελφέ)
1132 414 1209 469 ,,τι’
1219 430 1272 468 με
1300 413 1515 468 διώκεις”ς
1540 417 1717 477 στὲλλε-

275 499 345 525 ται
373 480 517 524 λοιπὸν
546 481 647 536 πρὸς
671 483 891 535 Ἀνανίαν,
931 485 1003 524 καί
1028 481 1244 536 βάπτισμα
1283 483 1466 535 δέχεται,
1494 477 1754 532 κᾶνεεᾶᾃεν5

275 547 506 604 φωτίζεται
548 547 646 597 τούς
692 564 737 590 τε
769 547 982 602 ψυχικοὺς
1030 550 1104 590 καί
1144 546 1407 600 σωματικοὺς
1455 545 1718 603 ὄφθαλμορς.

273 612 474 668 κηρύσσει
502 612 648 656 λοιπὸν
676 613 698 655 ὅ
728 613 949 669 πάμμεγας
974 617 1152 665 Παῦλος
1178 612 1251 670 ἔτη
1281 614 1340 656 λέ.
1397 615 1442 658 ἐν
1463 612 1627 674 γὰρτῷ
1649 616 1719 665 τῖε-ε

274 679 385 737 κάτῳ
441 679 575 738 ὄγδόῳ
625 681 708 723 ἔτει
751 684 946 736 Τιβερίου
988 684 1208 735 Καίσαρος
1246 679 1293 723 τὸ
1331 682 1538 737 σωτήριον
1581 677 1717 731 πᾶἃος

274 747 413 800 γέγονε
438 748 512 788 τοῦ
537 749 745 802 Χριστοῦ.
806 742 922 790 οὔπω
953 746 1000 790 τὸ
1021 750 1212 790 τοιοῦτον
1237 744 1290 803 ιη’
1319 747 1409 796 ἔτος
1434 744 1717 801 πεπλήρωται,

273 814 346 853 καὶ
382 812 433 853 τα
469 814 754 868 διαληφθέντα
782 816 1008 869 τηνικαῦτα
1037 813 1240 868 γεγόνασι.
1294 814 1459 868 τρέχειν
1482 807 1712 869 ἤρξατοτό
1733 824 1780 861 ²0

273 879 329 919 1³¹
358 877 447 927 ἔτος
477 881 551 933 τῆς
582 881 802 932 βασιλείας
840 882 1034 933 Τιβερίου
1062 882 1296 934 Καίσαρος,
1337 879 1412 921 καί
1435 878 1661 935 κηρύσσειν
1686 879 1714 923 ὅ

273 945 452 992 Παῦλος
487 941 691 998 ἄρχεται,
733 943 790 994 ὥς
828 944 994 999 ἱστορία
1033 947 1152 1000 φησί.
1212 947 1451 999 διέρχονται
1477 948 1614 989 τοίνυν
1642 945 1713 1002 ἔτη

139 1010 174 1042 P-
193 1012 259 1045 228
274 1010 313 1050 δ’
337 1008 386 1051 τὰ
421 1011 616 1051 ἐπίλοιπα
646 1013 719 1065 τῆς
745 1013 965 1064 βασιλείας
997 1012 1217 1066 Τιβερίου·
1266 1012 1340 1053 καί
1372 1010 1453 1066 γὰρ
1483 1010 1616 1055 εἴκοσι
1640 1013 1715 1055 καὶ

273 1073 348 1116 δύο
374 1074 443 1130 ἔτη
469 1074 520 1118 τὰ
549 1074 685 1118 πάντα
702 1077 917 1132 κρατήσας
938 1076 1192 1131 εὑρίσκεται.
1233 1078 1468 1132 διέρχονται
1488 1080 1535 1120 δὲ
1553 1074 1709 1131 ὅμοίως

270 1144 342 1183 καί
367 1141 420 1183 τα
452 1143 526 1196 τῆς
550 1141 768 1194 βασιλείας
798 1144 932 1184 Γαΐου
962 1142 1033 1197 ἔτη
1063 1140 1113 1193 δ’,
1141 1142 1214 1184 καί
1231 1144 1454 1185 Κλαυδίου
1486 1145 1535 1187 δὲ
1558 1143 1710 1198 ὁμοίως
1725 1146 1773 1188 15
1822 1189 1826 1194 ,

270 1209 506 1262 διέρχονται
546 1207 618 1263 ἔτη
652 1207 755 1250 (6σεί
782 1207 851 1251 ιδ’.
907 1210 1055 1251 τοῦτον
1090 1209 1111 1249 ὅ
1138 1211 1290 1263 Νέρων
1333 1211 1599 1265 διαδέχεται,
1638 1210 1713 1260 καὶ

269 1275 327 1330 τῷ
356 1272 404 1328 ιγ’
435 1271 519 1315 ἔτει
547 1277 620 1329 τῆς
648 1273 782 1316 αὐτοῦ
807 1277 1024 1328 βασιλείας
1052 1275 1221 1329 α’ναιρεῐ
1233 1274 1301 1331 τρν
1316 1276 1560 1320 α’πόστολον.
1587 1279 1706 1332 τρια(-

268 1355 387 1381 κοντα
415 1337 562 1381 λοιπὸν
586 1340 659 1382 καὶ
684 1342 805 1383 πέντε
830 1338 1094 1396 εὑρίσκονται
1135 1341 1188 1383 ni
1217 1341 1287 1397 ἔτη
1316 1344 1361 1384 ἐν
1387 1339 1450 1391 οἷς
1480 1343 1504 1383 ὅ
1530 1345 1713 1395 ,Παῦλος

266 1404 452 1459 ἐκήρυξε.
505 1408 704 1448 τοσοῦτον
732 1409 779 1448 δὲ
808 1405 860 1449 τά
889 1410 960 1462 τῆς
990 1407 1121 1449 αὐτοῦ
1138 1410 1447 1462 μετεχειρίζετο
1475 1410 1705 1465 διακονίας,

265 1470 322 1519 ὥς
351 1474 423 1513 καί
447 1470 552 1527 πρὸς
578 1474 778 1526 Ἰάκωβον
804 1473 876 1515 τὸν
898 1469 1159 1530 ἆδελφὸθεον
1185 1475 1391 1516 εἰσελθεῖν
1417 1477 1492 1517 καί
1515 1478 1702 1528 συμβου-
1714 1486 1767 1514 20

263 1535 340 1590 λὴν
368 1540 412 1588 ἐξ
438 1539 594 1580 ἐκείνου
622 1540 827 1591 δέξασθαι
856 1542 1093 1596 ξυρηθῆναι
1118 1539 1202 1582 και*
1215 1540 1466 1596 ἁγνισθῆναι
1492 1542 1574 1584 τῶν
1593 1541 1703 1588 'Iov-

264 1603 396 1644 δαίων
425 1605 577 1646 ἕνεκεν.

259 1703 333 1735 nim
356 1714 434 1736 cum
460 1704 598 1738 litteras
625 1717 645 1738 a
667 1707 899 1751 pontificibus
917 1709 1135 1753 accepisset,
1168 1715 1209 1742 ut
1232 1709 1414 1753 profectus
1454 1710 1493 1743 in
1519 1711 1591 1745 alia
1619 1714 1699 1748 loca

258 1749 376 1783 ubivis
402 1752 560 1794 gentium
585 1752 828 1798 deprehensos
854 1754 1074 1788 Christianos
1097 1767 1116 1788 e
1143 1755 1262 1788 medio
1290 1757 1445 1798 tolleret,
1469 1757 1549 1802 ipso
1573 1760 1612 1793 in
1636 1761 1697 1794 iti-

257 1807 344 1829 nere
367 1809 448 1831 suos
475 1800 598 1832 oculos
624 1801 769 1834 amittit.
794 1813 875 1834 nam
899 1802 961 1834 lux
985 1802 1161 1848 quaedam
1186 1803 1452 1848 inexplicabilis
1477 1816 1556 1838 eum
1584 1808 1696 1841 coeli-

256 1849 313 1876 tus
343 1845 593 1887 circumfulsit,
622 1859 694 1891 quo
718 1849 850 1881 factum
875 1854 916 1882 ut
939 1851 1094 1894 corporis
1120 1850 1233 1894 ipsius
1258 1851 1353 1883 faces
1378 1851 1550 1885 continuo
1578 1855 1696 1888 extin-

255 1897 457 1933 guerentur.
483 1899 667 1937 praeterea
691 1906 814 1928 vocem
829 1907 849 1928 e
867 1892 1012 1929 sublimi
1026 1908 1064 1930 se
1078 1897 1352 1940 compellantem
1375 1898 1431 1931 his
1450 1899 1566 1932 verbis
1590 1901 1696 1934 audi-

253 1938 306 1970 vit
332 1940 486 1980 ,‚Saule‚
509 1940 635 1982 Saule,
675 1942 762 1986 quid
790 1954 847 1975 me
882 1944 1154 1989 persequeris?'’
1179 1945 1269 1988 (Act.
1292 1957 1315 1990 9
1337 1946 1373 1991 4)
1410 1944 1496 1978 hinc
1529 1946 1576 1979 ad
1597 1949 1694 1981 Ana-

253 1984 349 2017 niam
369 1987 573 2028 remittitur,
593 1987 811 2032 baptismum
828 1991 975 2035 reeipit;
1001 1992 1096 2024 oculi
1116 1991 1192 2024 eius
1211 1997 1285 2024 tam
1300 1992 1472 2025 animales
1493 2003 1598 2038 quam
1613 2006 1693 2029 cor-

250 2033 393 2074 poi-ales
428 2033 700 2078 collustrantur3
732 2036 889 2081 denique
920 2038 975 2070 vir
1010 2038 1159 2071 eximius
1195 2037 1239 2070 ab
1273 2050 1316 2071 eo
1349 2044 1510 2083 tempore
1534 2042 1620 2074 totis
1646 2043 1691 2075 35

251 2080 353 2111 :mnis
383 2080 662 2123 praedicationis
692 2094 840 2116 munere
868 2084 1046 2130 fungitur.
1069 2097 1150 2118 nam
1179 2084 1317 2118 decimo
1344 2091 1380 2119 et
1403 2091 1528 2120 octavo
1552 2087 1691 2123 Tiberii

249 2124 407 2158 Caesaris
443 2139 536 2160 anno
573 2129 757 2163 salutifera
795 2130 927 2164 Christi
958 2133 1078 2176 passio
1113 2132 1274 2175 contigit.
1311 2132 1341 2164 is
1381 2143 1465 2166 vero
1500 2135 1539 2167 18
1574 2146 1690 2170 annus

247 2172 407 2205 nondum
433 2181 576 2207 exactus
606 2183 692 2216 erat,
718 2189 797 2210 cum
820 2185 1093 2212 commemorata
1114 2178 1287 2211 hactenus
1312 2179 1529 2214 acciderunt.
1552 2181 1615 2214 ubi
1647 2194 1689 2227 ¹9

247 2229 361 2252 annus
386 2220 524 2253 Tiberii
556 2222 715 2257 Caesaris
754 2237 894 2258 currere
921 2227 1114 2270 coepisset,
1134 2226 1262 2259 Paulus
1286 2226 1428 2259 initium
1454 2228 1687 2271 praedicandi

246 2265 345 2306 facit,
370 2268 669 2311 quemadmodum
692 2272 769 2316 ipsa
794 2271 946 2305 historia
972 2273 1201 2306 demonstrat.
1223 2278 1456 2317 praetereunt
1468 2273 1553 2308 hinc
1571 2276 1687 2321 impe-

246 2312 288 2343 rii
313 2313 451 2346 Tiberii
478 2315 635 2349 Caesaris
664 2324 834 2362 quattuor
862 2320 947 2352 anni
973 2320 1120 2364 reliqui:
1155 2331 1235 2352 nam
1267 2330 1310 2352 22
1341 2332 1451 2354 annos
1478 2321 1516 2354 in
1542 2323 1686 2357 univer-

244 2370 320 2391 sum
343 2360 511 2394 Tiberius
536 2374 651 2396 rerum
682 2367 817 2409 potitus
847 2377 923 2399 esse
956 2368 1140 2412 reperitur.
1183 2367 1420 2400 consimiliter
1441 2369 1584 2413 imperii
1609 2370 1686 2403 Caii

244 2406 400 2440 Caesaris
426 2415 596 2453 quattuor
623 2414 707 2445 anni
741 2412 951 2454 elabuntur,
984 2415 1142 2458 itemque
1175 2413 1317 2446 Claudii
1352 2415 1611 2459 propemodum
1641 2419 1684 2462 14

242 2455 337 2486 anni.
356 2449 450 2488 'huic
473 2456 511 2488 in
534 2457 682 2501 imperio
710 2461 879 2493 successit
912 2461 1028 2501 Nero,
1053 2461 1114 2505 qui
1138 2472 1231 2493 anno
1256 2462 1355 2505 regni
1381 2462 1436 2494 sui
1466 2463 1504 2495 13
1534 2463 1685 2498 Paulum-

242 2500 433 2534 interfeeit.
483 2511 701 2547 quapropter
736 2508 820 2539 anni
853 2518 930 2540 esse
963 2508 1110 2551 triginta
1147 2508 1310 2552 quinque
1343 2503 1682 2553 deprehendunturss

241 2558 331 2590 quos
360 2549 396 2581 in
432 2549 700 2594 praedicatione
737 2554 867 2587 Paulus
894 2555 1059 2598 exegerit.
1097 2555 1186 2587 Tam
1211 2554 1403 2599 diligenter
1430 2562 1549 2590 autem
1571 2558 1680 2591 mini-

242 2595 387 2627 sterium
417 2608 517 2629 suum
542 2596 682 2637 obibam>
702 2605 742 2633 ut
764 2601 930 2634 Iacobum
957 2613 1102 2647 quoque
1128 2601 1264 2635 domini
1289 2602 1434 2635 fratrem
1461 2605 1679 2645 conveniret,

241 2640 389 2686 eiusque
414 2644 602 2678 consilium
630 2647 833 2690 exploraret
859 2660 944 2683 num
972 2661 1010 2683 se
1035 2648 1187 2683 tondere
1216 2660 1258 2682 ac
1285 2649 1437 2686 lustrare
1463 2651 1678 2687 ludaeorum

241 2697 343 2720 causa
370 2688 529 2724 deberet.
