1826 3120
559 139 839 179 ANNALHJM
881 139 1015 179 PARS
1046 141 1120 182 ιγ,
1452 118 1560 174 525

124 243 227 285 ναοῦ
255 242 535 295 ἐξεπορεύετο.
591 240 752 294 γίνεται
781 242 906 282 τοῦτο
939 242 1001 290 δίς
1025 241 1098 282 καί
1126 239 1334 289 πολλάκις.
1393 238 1566 281 tinuit-³⁸-

105 324 191 351 ται
216 306 241 348 o‘
268 306 435 362 μάρτυρ
475 309 531 364 τῷ
560 303 791 363 ἐπισκόπῳ,
832 308 962 360 λέγων
990 301 1200 360 ,,ἶὶπελθε,
1230 305 1303 347 καὶ
1327 310 1470 348 πεῖσον
1489 307 1568 348 ’τὸν

121 373 348 416 ἐπίσκοπόν
376 389 458 427 μου
504 375 645 415 ἐλθεῖν
685 373 760 414 καί
786 373 918 414 λῦσαί
939 389 1005 426 με.
1084 372 1277 427 α’φώρισέ
1300 387 1354 425 με
1381 372 1463 426 γάρ
1492 373 1566 426 τῆς
1578 381 1703 433 V.219

119 442 407 497 λειτουργίας,
439 438 512 481 καί
538 441 911 493 συλλειτουργῆσαι
941 439 1040 491 ὑμῖν
1069 440 1120 480 ου’
1147 439 1346 492 δύναμαι.
1402 439 1475 480 καί
1499 437 1567 481 τὸν

82 509 198 560 ὃμὲν
237 509 444 563 στέφανον
481 508 558 548 τοῦ
596 506 833 560 μαρτυρίου
878 503 1054 559 ἔλαβον,
1092 504 1138 547 τό
1170 507 1216 546 δὲ
1244 502 1466 559 πρόσωπον
1492 506 1569 546 τοῦ

119 574 225 615 θεοῦ
255 575 331 614 οὐκ
374 569 632 627 ἐθεασάμην.
707 569 780 612 καί
820 571 860 612 εἰ
886 570 943 625 μη
976 569 997 612 ὃ
1029 571 1160 626 δήσας
1187 572 1303 612 λύσει
1318 587 1414 624 apte,
1444 573 1607 619 λῦσαιΒ

120 635 246 689 ἄλλος
276 639 325 680 οὐ
356 638 568 682 δύναται.”
624 640 783 693 γίνεται
810 639 965 689 ταῦτα,
994 637 1114 691 καίἦ
1144 634 1302 691 λάρναξ
1330 637 1467 679 οὐκέτι
1494 639 1569 679 τοῦ

118 707 226 748 ναοῦ
268 706 499 759 ἐξέρχεται.
577 701 675 746 ὅθεν
709 706 782 745 καί
808 703 960 752 πάντες
986 706 1041 760 τῷ
1069 706 1156 761 θεῷ
1201 704 1327 755 δόξαν
1361 704 1569 746 δεδώκασι

117 774 175 829 τῷ
202 771 358 814 διδόντι
398 769 595 826 τοιαύτην
624 768 815 822 ἐξουσίαν
855 776 941 819 τοῖς
970 770 1132 818 δούλοις
1162 764 1324 811 αὐτοῦ’.1
1367 769 1471 811 ἄλλα
1499 769 1571 811 καὶ

58 837 140 883 1οὸ
163 835 476 893 χρυσορρήμων
506 835 618 879 οὕτω
648 838 776 893 φησίν
805 834 955 890 ,ἡμεῖς
981 838 1058 889 μὲν
1088 831 1163 878 οὖν
1185 835 1292 877 κατὰ
1324 834 1398 878 τὸν
1426 837 1569 892 ἑκκλη·

117 903 332 947 σιαστικὸν
371 902 533 956 θεσμὸν
572 902 621 946 τά
651 901 786 955 δεσμά
819 901 1146 956 περιβάλλομεν.
1178 904 1219 945 εἰ
1249 904 1296 944 δέ
1324 919 1384 950 τις
1412 902 1571 944 τούτων

117 975 385 1027 καταφρονεῖ,
415 968 732 1024 ἐπιστήσεταιῦ
763 971 836 1011 τοῦ
856 967 1043 1010 θανάτου
1073 971 1146 1010 καί
1171 969 1246 1023 τῆς
1277 968 1450 1023 κρίσεως
1477 984 1568 1010 και-

117 1035 213 1090 ρός,
244 1035 454 1078 διδάσκων
481 1034 613 1078 αὔτὸν
652 1035 708 1084 ὥς
737 1033 930 1090 ἀψευδὴς
968 1034 990 1077 ὁ
1022 1031 1138 1090 λόγος
1165 1036 1242 1078 τοῦ
1267 1035 1414 1091 κυρίου
1442 1037 1517 1078 καί
1544 1034 1568 1076 ὅ

117 1101 243 1157 νόμος
258 1105 344 1157 τῆς
370 1102 589 1158 ἐκκλησίας
618 1101 791 1143 αὕτοῦ.”

57 1173 106 1216 15
228 1167 354 1211 Meni
385 1170 431 1210 δὲ
455 1171 622 1210 Λέοντα
660 1169 931 1221 ἐβασίλευσεν
966 1165 986 1207 ὅ
1016 1165 1110 1216 υἱὸς
1137 1169 1274 1209 αὐτοῦ
1302 1170 1604 1215 Κωνσταντῖ-(ζ

117 1252 185 1286 νος
215 1235 236 1278 ὁ
254 1233 543 1290 Κοπρώνυμος
571 1232 643 1289 ἔτη
669 1231 745 1286 λδ’,
776 1234 820 1275 ἐκ
851 1231 1088 1275 δεινοτάτου
1120 1235 1280 1284 λέοντος
1307 1235 1566 1290 ποικιλότρο-

115 1319 192 1352 πος
220 1300 440 1357 πάρδαλις.
497 1295 618 1349 οὗτος
647 1302 786 1341 πᾶσαν
819 1300 968 1341 κακίαν
1010 1298 1270 1354 μετὴρχετο,
1296 1300 1394 1350 τοὺς
1423 1301 1568 1355 ἁγίους

114 1385 159 1413 τε
190 1367 250 1424 μὴ
281 1371 415 1423 λέγειν
443 1367 589 1421 ἁγίους
617 1368 837 1420 ἐθέσπιζε,
863 1364 914 1407 τά
943 1368 1122 1418 λείψανα
1155 1365 1373 1410 διαπτύων
1401 1365 1566 1422 αὐτῶν,

115 1435 190 1477 καί
225 1436 452 1490 πρεσβείαν
498 1434 659 1474 ἐκεῖθεν
689 1430 745 1487 μη
782 1434 1071 1475 ἐκκαλεῖσθαι·
1149 1435 1201 1474 ου’
1237 1432 1437 1476 δύνανται
1474 1433 1568 1489 γάρ.

51 1499 191 1546 zeum*
210 1499 256 1544 τὸ
282 1499 415 1555 πάσης
450 1500 723 1554 βλασφημίας
754 1499 923 1552 μεῖζον,
973 1494 1039 1540 ὅτι
1066 1500 1253 1540 τοιαῦτα.
1271 1501 1344 1542 καί
1371 1502 1470 1556 περί
1494 1503 1567 1555 τῆς

115 1566 374 1624 θεομήτορος
417 1564 605 1623 ἐφρόνει·
675 1564 788 1619 ἔλεγε
834 1563 913 1622 γάρ
949 1561 1011 1608 ὅτι
1040 1567 1118 1615 ἕως
1147 1560 1196 1607 οὗ
1222 1562 1333 1621 εἶχεν
1361 1568 1406 1610 ἐν
1438 1562 1568 1625 ἑαυτῇ

118 1784 199 1817 loeo
227 1779 395 1814 conditur
429 1784 466 1812 et
494 1778 674 1811 renovalia
711 1783 956 1823 peraguntur3
993 1790 1145 1823 cumque
1169 1780 1318 1813 antistes
1344 1779 1432 1813 haec
1454 1781 1565 1814 verba

116 1829 371 1877 pronuntiaret
399 1838 495 1871 „pax
522 1826 695 1858 universis
709 1826 738 1866 ,'’
761 1825 965 1870 >sandapila
990 1827 1125 1871 templo
1160 1828 1325 1867 excessit,
1352 1827 1462 1872 idque
1489 1840 1565 1861 non

116 1877 228 1912 semel
253 1875 316 1909 sed
340 1874 396 1908 bis
420 1880 518 1907 terve
547 1873 690 1905 factum.
718 1872 800 1904 hinc
825 1883 890 1916 per
914 1873 1074 1917 quietem
1104 1874 1255 1906 antistiti
1276 1875 1397 1907 senior
1420 1874 1564 1908 oblatus

114 1923 263 1966 „abito”
290 1921 423 1967 iuquit,
449 1926 512 1962 „et
547 1920 714 1964 episcopo
750 1930 830 1952 ineo
868 1919 914 1952 sis
949 1925 1071 1952 auctor
1106 1926 1147 1954 ut
1180 1920 1250 1954 huc
1285 1922 1407 1955 veniat
1431 1933 1564 1968 meque

115 1972 268 2006 vinculis
296 1968 468 2003 exsolvat.
497 1979 580 2000 nam
606 1967 726 1999 officio
751 1977 807 1999 me
833 1977 931 1998 sacro
961 1967 1123 2008 exclusit,
1152 1967 1308 2012 ideoque
1327 1969 1434 2002 sacris
1451 1971 1564 2006 inter-

117 2030 195 2053 esse
231 2016 415 2051 vobiscum
450 2026 605 2060 nequeo.
640 2013 838 2047 testimonii
860 2013 1008 2058 quidem
1041 2026 1203 2047 coronam
1236 2023 1449 2050 consecutus
1472 2029 1561 2059 sum,

116 2066 180 2100 sed
213 2065 272 2099 dei
309 2064 438 2096 faciem
470 2061 623 2095 necdum
659 2060 838 2105 conspexi.
882 2060 1012 2106 quodsi
1053 2072 1108 2094 me
1146 2062 1223 2107 ipse
1265 2063 1447 2107 profectus
1492 2064 1564 2099 huc

116 2125 191 2147 non
222 2111 424 2152 exsolverit,
450 2110 541 2142 alius
568 2108 752 2142 exsolvere
775 2119 880 2140 nemo
906 2108 1073 2152 poterit?
1102 2119 1179 2142 cum
1206 2110 1313 2153 igitur
1337 2110 1392 2143 his
1421 2111 1563 2145 obtem-

115 2166 280 2206 peratum
309 2163 423 2198 esset,
450 2156 636 2201 sandapila
659 2154 794 2200 templo
819 2154 990 2188 excedere
1015 2155 1130 2192 desiit.
1156 2162 1263 2201 atque
1287 2156 1379 2190 hanc
1405 2159 1450 2192 ob
1478 2171 1564 2192 cau-

117 2219 191 2241 sam
231 2207 299 2240 deo
326 2205 446 2238 cuncti
480 2204 630 2249 gloriam
654 2202 886 2244 tribuebant,
907 2203 972 2246 qui
1008 2203 1116 2236 servis
1154 2204 1226 2237 suis
1251 2205 1427 2238 eiusmodi
1459 2213 1564 2251 pote—

118 2260 246 2289 statem
275 2252 518 2287 concessisset.
577 2249 755 2283 lohannes
791 2248 937 2294 quidem
973 2255 1093 2283 orator
1123 2251 1188 2283 ille
1214 2263 1339 2285 aureus
1363 2252 1429 2286 hac
1451 2254 1495 2286 de
1525 2265 1563 2287 re

117 2301 237 2335 verbis
268 2298 477 2333 huiusmodi
501 2297 644 2331 disserit
677 2308 766 2339 „nos
792 2296 987 2329 secundum
1025 2298 1140 2341 legem
1168 2303 1277 2343 atque
1303 2301 1573 2345 praescriptum,

119 2348 399 2383 ecclesiasticum
426 2346 570 2379 vincula
594 2343 810 2391 quibusdam
833 2344 1024 2379 iniicimus.
1055 2355 1095 2378 ea
1119 2346 1149 2379 si
1177 2346 1258 2391 quis
1285 2346 1388 2379 flocci
1414 2348 1562 2392 pendit,

118 2396 150 2429 is
173 2396 260 2430 sciat
284 2393 409 2427 mortis
432 2399 541 2438 atque
568 2393 695 2425 iudicii
721 2398 861 2436 tempus
890 2391 1142 2436 appetiturum,
1169 2393 1269 2438 quod
1296 2394 1411 2439 ipsum
1435 2394 1563 2429 doceat

118 2442 178 2476 dei
212 2452 411 2477 sermonem
451 2445 488 2473 et
520 2439 597 2473 eius
631 2439 802 2473 ecclesiae
835 2438 932 2483 leges
956 2439 1099 2473 minime
1135 2440 1242 2474 falsas
1269 2452 1310 2474 ac
1340 2440 1561 2476 mendaciter

121 2490 338 2534 excogitatas
367 2487 476 2521 essc.'’

208 2537 294 2570 Post
316 2535 474 2569 Leonem
499 2532 595 2567 filius
620 2533 697 2566 eius
724 2532 1000 2573 Constantinus,
1032 2540 1267 2578 cognomento
1296 2534 1559 2580 Copronymus‚

119 2583 164 2626 34
187 2595 299 2618 annos
324 2583 512 2628 imperium
530 2581 658 2620 tenuit,
684 2591 726 2612 ex
752 2579 956 2618 saevissimo
983 2580 1088 2614 leone
1112 2587 1254 2616 versuta
1277 2582 1441 2627 pardalis.
1466 2583 1559 2617 nihil

117 2641 191 2664 non
218 2630 391 2664 scelerum
418 2630 455 2663 in
483 2640 525 2661 eo
550 2628 630 2660 suit.
655 2632 794 2659 sanctos
822 2625 890 2659 hoe
918 2627 1063 2661 nomine
1094 2629 1270 2674 appellari
1298 2629 1375 2673 lege
1403 2630 1474 2663 lata
1497 2641 1560 2664 ve-

117 2677 208 2718 tuit3
246 2678 413 2722 reliquias
459 2687 579 2709 eorum
619 2674 767 2717 conspui
791 2673 914 2716 iussit3
946 2685 992 2707 ne
1015 2676 1096 2720 quis
1121 2688 1241 2709 eorum
1269 2676 1558 2711 intercessionem

119 2724 299 2769 imploret,
316 2723 442 2758 edixit:
462 2723 554 2757 nihil
572 2733 631 2755 eos
646 2721 814 2754 vidciicet
828 2726 1004 2766 praestare
1023 2734 1148 2767 posse3
1175 2722 1271 2769 quod
1289 2724 1383 2758 omni
1399 2724 1557 2770 denique
