1826 3120
202 135 312 189 300
645 147 930 190 MicuAEms
969 145 1184 188 GLYCAE

203 253 396 305 περίτεμε
428 250 509 292 ’τὸν
538 247 639 290 λαὸν
678 249 911 301 μαχαίραις
940 248 1176 300 πετρίναις,
1200 245 1272 286 καί
1298 241 1407 287 οὕτω
1432 246 1504 288 τὸν
1527 241 1640 298 Ἰορψ

204 315 331 371 δάνην
359 316 574 370 διάβηθι.”
639 312 660 354 ὁ
705 311 784 368 γάρ
828 313 992 367 Μωσῆς
1033 312 1213 364 περᾶσαι
1250 310 1304 351 ου’
1336 310 1638 366 συνεχωρήθη,

202 386 335 424 καίτοι
363 379 492 422 πολλὰ
530 380 630 434 περί
666 377 813 420 τούτου
853 379 928 419 τοῦ
966 379 1074 418 θεοῦ
1105 378 1279 431 δεηθείς.
1351 374 1455 428 μετὰ
1476 376 1565 433 ’γὰρ
1589 376 1635 419 τὸ

201 449 379 501 λαλῆσαι
409 445 460 487 τά
490 445 563 500 τῆς
587 445 697 501 ᾠδῆς
723 446 781 500 τῷ
807 444 907 500 λαῷ,
934 439 1023 485 εἶπε
1048 440 1152 495 πρὸς
1179 440 1309 483 αὐτὸν
1337 440 1360 483 ὃ
1388 441 1640 499 θεός-,ᾐτιά-

200 516 303 567 βηθι
330 514 389 560 εἰς
411 511 455 553 τὸ
487 507 582 565 ὄρος
610 512 806 564 Ἀβαριμ.
878 511 998 550 τοῦτο
1037 503 1134 562 ὅρος
1161 510 1319 561 Ναβαῦ
1341 506 1446 549 κατὰ
1474 505 1681 562 πρόσωζτ5

201 594 277 619 πον
306 575 493 631 Ἵεριχώ.
570 568 651 617 καῖ’
682 574 746 617 ἴδε
789 575 863 630 τὴν
911 576 987 628 γῆν
1029 571 1233 627 Χαναάν,
1274 574 1347 614 καί
1372 570 1642 627 τελεύτα,”ὃν

200 641 353 697 τρόπον
393 644 603 685 α’πέθανεν
644 641 806 696 Ἀαρών
852 640 875 682 ὅ
919 639 1099 696 ἀδελφός
1127 655 1203 680 σου
1244 635 1389 694 ἐν’ᾩρ
1430 640 1489 696 τῷ
1520 637 1650 694 ὄρει,

201 708 311 750 διότι
339 706 598 763 ἠπειθήσατε
627 708 683 763 τῷ
712 705 873 762 ῥήματί
891 722 973 758 μου
1003 704 1074 747 ε’πί
1099 707 1170 746 τοῦ
1201 701 1356 753 ὕδατος
1379 707 1454 758 τῆς
1481 704 1643 748 ‹intha-

199 773 341 828 γιάς.”
397 771 462 815 ὅτι
497 775 542 815 δὲ
570 774 703 815 ἐδέετο
733 775 808 813 τοῦ
836 773 940 813 θεοῦ
968 773 1147 826 περᾶσαι
1173 768 1245 811 τὸν
1270 768 1516 826 Ἰορδάνην,
1544 768 1646 824 „um”

69 846 186 881 P.160
200 840 393 893 ὑπερεῖδε
436 839 577 894 κύριος
610 841 685 892 ἐμὲ
724 841 860 880 ἕνεκεν
897 838 1039 891 ὑμῶν,
1082 834 1156 878 καί
1185 836 1259 876 οὐκ
1299 837 1640 891 donnons-§seem
1661 851 1708 878 ιο

201 904 273 947 καί
301 902 390 947 εἶπε
420 906 561 959 κύριος
587 902 691 961 πρός
717 919 769 957 με
797 903 1034 946 ἱκανούσθω
1066 918 1158 955 σοι,
1186 900 1243 957 μὴ
1274 904 1464 960 προσθῇς
1481 901 1548 945 ἔτι
1569 906 1644 944 λα-

65 979 105 1011 V.
126 973 327 1026 1242⁷Joat
354 970 425 1013 τὸν
454 969 575 1024 λόγον
604 973 766 1012 τοῦτον.
836 966 1037 1022 ἀνάβαινε
1064 966 1144 1023 γάρ
1175 970 1234 1017 εἰς
1257 966 1301 1010 τὸ
1328 963 1449 1022 ὅρος,
1479 969 1552 1011 καί
1579 967 1645 1011 ἴδε

200 1042 284 1086 τοῖς
310 1039 570 1093 ὀφθαλμοῖς,
601 1032 667 1077 ὅτι
696 1036 747 1077 o'v’
779 1034 961 1091 διαβήσῃ
987 1033 1060 1076 τὸν
1080 1033 1301 1089 Ἰορδάνην
1327 1036 1518 1075 τοῦτον.”
1574 1035 1647 1076 καὶ

199 1103 248 1143 τί
273 1100 428 1156 δήποτε
457 1101 526 1143 δια
556 1100 712 1156 μικράν
740 1103 1024 1155 πλημμέλειαν
1053 1100 1276 1154 πόρρωθεν
1299 1100 1401 1142 ἰδεῖν
1429 1099 1451 1140 ὅ
1480 1102 1644 1155 Μωσῆς

199 1166 472 1222 προσετάχθη
517 1166 594 1222 τὴν
620 1170 715 1222 γῆν,
756 1164 826 1208 τὸν
855 1167 901 1207 δὲ
930 1165 1034 1207 λαὸν
1066 1166 1303 1219 εἰσαγαγεῖν
1331 1164 1550 1221 &ammam
1579 1163 1709 1208 (δῖ-,15

202 1232 346 1274 δάσκει
380 1233 490 1287 ἡμᾶς
520 1231 540 1273 ὃ
565 1229 764 1287 δεσπότης
792 1230 861 1273 διὰ
898 1230 1052 1272 τούτων
1081 1230 1137 1279 ὥς
1165 1230 1260 1280 τοὺς
1286 1231 1332 1272 ἐν
1361 1233 1491 1288 α’ρετῇ
1517 1232 1646 1276 τελείᾳ

200 1314 273 1348 ους
302 1297 379 1352 τήν
409 1295 542 1354 ἄκραν
580 1301 798 1352 ἀκρίβειαν
837 1293 1037 1338 ἀπαιτεῖ·
1108 1296 1161 1350 ,,ὗ
1192 1299 1269 1349 μὲν
1296 1295 1376 1351 γάρ
1407 1295 1646 1351 ἐλάχιστος’,’

161 1366 310 1420 Βφησί
337 1364 467 1420 σοφία
499 1366 765 1417 Σολομῶντος
805 1362 1095 1417 ,,σύγγνωστόν
1133 1364 1247 1404 ἐστιν
1282 1364 1449 1414 ἐλέους,
1478 1364 1648 1406 δυνατοὶ

201 1432 246 1472 δὲ
276 1431 462 1480 δυνατῶς
490 1430 843 1485 ἐτασθήσονται.”
917 1425 981 1470 ὅτι
1010 1430 1054 1470 δὲ
1083 1431 1190 1483 μέγα
1220 1428 1334 1480 ἔδοξε
1362 1426 1406 1470 τὸ
1430 1430 1506 1470 τοῦ
1533 1432 1644 1471 Mm-

200 1497 304 1545 σέως
335 1494 578 1551 ἁμάρτημα,
612 1495 840 1551 δεδήλωκεν
868 1493 995 1544 αὐτὸς
1021 1492 1043 1535 ὅ
1071 1493 1171 1543 θεὸς
1200 1494 1330 1544 οὕτως
1357 1494 1484 1538 εἰπών
1514 1492 1643 1549 ,,ἆνά-
1656 1505 1712 1534 20
1768 1520 1772 1521 ν

301 1635 349 1668 ¹9-
380 1623 494 1664 ἔδειξε
522 1623 557 1656 P.

202 1738 275 1770 lum
303 1736 426 1769 cultris
453 1736 586 1777 saxeis,
618 1741 727 1782 atque
753 1738 803 1771 ita
828 1738 1018 1771 Iordanem
1046 1737 1235 1771 traiicit0.''
1263 1748 1345 1770 nam
1369 1737 1460 1770 Mosi
1485 1742 1648 1782 potestas

203 1783 389 1817 Iordanem
425 1783 637 1816 transeundi
675 1784 769 1817 facta
801 1796 874 1818 non
897 1791 972 1825 est,
1007 1796 1209 1830 quanquam
1237 1784 1369 1817 crebris
1392 1785 1455 1816 ille
1478 1785 1644 1828 precibus

205 1831 272 1863 hoc
306 1836 522 1875 exposceret.
560 1831 694 1875 quippe
730 1843 809 1864 cum
841 1832 1008 1865 carminis
1044 1831 1149 1865 verba
1183 1832 1316 1875 populo
1344 1831 1549 1871 recitasset,
1585 1830 1649 1865 his

203 1877 320 1911 verbis
358 1888 438 1910 eum
479 1877 566 1910 deus
591 1879 821 1922 compellavit
854 1878 975 1925 (Deut.
1003 1879 1046 1911 32
1075 1879 1135 1923 49)
1174 1877 1378 1917 „adscende
1415 1878 1453 1910 in
1485 1883 1645 1912 montem

205 1924 361 1965 Abarim,
388 1924 450 1969 qui
474 1924 576 1956 Nabo
603 1936 703 1957 mons
730 1931 804 1966 est,
830 1936 849 1957 e
878 1926 1023 1970 regione
1043 1924 1308 1965 Hierichuntis,
1334 1930 1444 1969 atque
1463 1924 1547 1957 istic
1570 1930 1645 1958 ter-

206 1983 278 2003 ram
295 1971 544 2003 chananaeam
571 1971 721 2004 intuitus
749 1983 898 2013 morere,
925 1971 1226 2017 quemadmodum
1254 1977 1290 2004 et
1311 1972 1404 2004 Aaro
1429 1971 1540 2004 frater
1562 1976 1648 2004 tuus

205 2018 243 2050 in
267 2017 337 2050 Oro
362 2023 484 2050 monte
508 2023 668 2050 mortuus
696 2024 759 2051 est.
793 2030 866 2051 non
890 2020 986 2052 enim
1014 2018 1132 2052 verbis
1157 2018 1244 2051 meis
1268 2018 1314 2050 ad
1337 2029 1464 2063 aquam
1481 2017 1647 2052 adversa-

205 2065 312 2096 tionis
340 2070 376 2097 et
400 2065 496 2096 rixae
521 2063 627 2096 fidem
654 2064 862 2098 habuistis.''
887 2067 957 2098 iam
983 2065 1081 2111 quod
1105 2065 1302 2098 obsecrarit
1326 2065 1433 2098 deum
1458 2070 1498 2097 ut
1521 2064 1646 2098 Iorda-

205 2121 287 2142 nem
314 2111 518 2151 traiiceret,
556 2111 633 2154 ipse
659 2113 890 2156 significavit,
920 2125 1000 2146 cum
1029 2112 1165 2146 diceret
1188 2112 1380 2156 „equidem
1408 2123 1514 2144 amne
1536 2112 1646 2144 traie-

207 2162 263 2190 cto
300 2157 518 2201 praeclaram
552 2158 652 2190 illam
693 2160 894 2203 regionem,
932 2165 1029 2193 trans
1063 2158 1250 2191 Iordanem
1299 2159 1404 2192 sitam
1448 2158 1646 2192 intuitui-us

207 2215 321 2236 eram:
345 2215 466 2236 verum
493 2203 580 2237 deus
605 2216 662 2237 me
691 2212 807 2239 vestra
832 2218 938 2239 causa
962 2211 1016 2239 est
1039 2211 1269 2250 aspernatus,
1307 2217 1375 2238 nec
1397 2215 1520 2250 preces
1547 2215 1645 2238 meas

205 2250 373 2283 exaudiit.
393 2250 578 2295 respondit
594 2252 687 2284 enim
708 2253 746 2285 in
762 2252 851 2286 haec
874 2253 982 2286 verba
1007 2252 1115 2285 mihi:
1148 2252 1233 2285 satis
1257 2251 1325 2284 hoc
1349 2257 1424 2285 esto
1452 2251 1545 2291 tibi,
1567 2251 1646 2285 noli

203 2298 275 2330 tale
300 2296 473 2342 quiddam
500 2298 653 2342 amplius
678 2309 698 2331 a
721 2310 776 2332 me
800 2306 935 2344 petere.
961 2300 1087 2333 saltem
1110 2300 1148 2331 iu
1174 2304 1332 2331 montem
1359 2298 1455 2331 hunc
1493 2297 1646 2331 adscen-

206 2344 294 2385 dito,
318 2349 354 2377 et
376 2350 506 2377 terram
531 2345 644 2377 oculis
662 2346 731 2379 tuis
756 2347 914 2380 intuere:
931 2359 1012 2380 nam
1026 2345 1210 2379 Iordanem
1235 2345 1331 2378 hunc
1359 2356 1433 2378 non
1456 2345 1647 2378 traiicies.”

206 2391 378 2435 quidnam
413 2402 496 2424 vero
533 2402 659 2424 causae
697 2393 766 2425 fuit
788 2394 1020 2438 quamobrem
1057 2393 1103 2425 ob
1139 2391 1310 2425 delictum
1337 2393 1500 2435 exiguum
1526 2391 1648 2425 Moses

206 2438 312 2482 longo
338 2437 481 2482 quidem
507 2449 550 2470 ex
570 2439 758 2472 intervallo
787 2445 915 2473 terram
949 2439 1083 2473 intueri
1111 2440 1227 2471 iussus
1255 2445 1325 2480 est,
1351 2437 1413 2471 sed
1438 2437 1553 2471 eidem
1580 2437 1645 2472 de-

207 2490 373 2528 negatum
395 2495 442 2518 ne
465 2484 640 2529 populum
674 2486 711 2518 in
737 2496 814 2518 eam
846 2485 1117 2520 introduceret?
1143 2486 1309 2518 nimirum
1330 2496 1395 2530 per
1421 2485 1510 2517 haec
1535 2484 1645 2519 doce-

208 2542 245 2563 re
269 2542 332 2564 nos
360 2531 522 2564 dominus
550 2532 666 2565 voluit
691 2543 728 2565 se
752 2533 796 2564 ab
821 2534 881 2575 iis,
915 2534 976 2579 qui
1002 2534 1132 2566 virtute
1157 2533 1305 2577 perfecti
1329 2532 1420 2571 sint,
1451 2537 1646 2565 extremam

209 2578 470 2611 accurationem
508 2579 699 2623 requirere.
735 2591 816 2612 nam
849 2582 909 2625 qui
940 2579 1158 2624 perpusillus
1195 2584 1273 2620 est,
1307 2579 1426 2622 inquit
1457 2578 1643 2623 Sapientia

209 2624 405 2657 Salomonis
437 2626 473 2670 (6
499 2624 556 2669 7),
588 2625 634 2658 ob
671 2626 950 2660 misericordiam
987 2626 1141 2671 quodam
1170 2625 1275 2658 modo
1301 2625 1441 2657 veniam
1464 2630 1642 2659 meretur:

210 2675 246 2703 at
272 2671 430 2703 valentes
455 2671 572 2705 valide
597 2672 886 2716 explorabuntur.
918 2680 953 2707 et
976 2684 1059 2706 vero
1086 2673 1253 2705 delictum
1283 2671 1391 2705 Mosis
1417 2671 1541 2715 ingens
1569 2671 1646 2705 sibi

209 2716 321 2751 visum
357 2718 465 2751 fuisse
511 2718 596 2752 deus
626 2719 700 2764 ipse
739 2719 852 2753 verbis
884 2720 936 2754 his
965 2720 1157 2753 declaravit
1192 2717 1391 2760 „adscende
1420 2730 1457 2751 ac
1484 2729 1636 2758 morere,
