1826 3120
589 161 871 203 ANNALmM
911 163 1044 204 PARS
1086 166 1118 205 1.
1469 152 1571 227 ¹73

124 259 263 317 τάφου
303 262 495 316 ἐξέθορεν
507 294 519 315 ,
560 262 694 304 ἐκεῖσε
737 261 978 305 παντάπασι
1005 264 1244 308 καταλιπών
1272 266 1324 308 τά
1368 268 1568 326 ἐντάφια·

123 329 197 370 καί
221 324 302 383 γὰρ
333 322 566 383 ἄφθαρτον,
596 327 653 377 ὥς
680 326 864 385 εἴρηται,
892 327 1059 383 γεγονὸς
1089 331 1429 386 ἐπικαλύμματος
1459 335 1570 378 οἱου-

125 392 176 450 ‘5'1'
206 409 316 443 τινος
343 395 422 435 οὐκ
451 388 502 449 ἧν
530 395 682 443 ἐνδεές.
1575 397 1583 400 ’

232 457 356 502 Ἀλλὰ
389 462 436 501 τί
465 458 550 514 χρή
580 458 713 502 πολλοὶ
737 462 896 514 λέγεινς
925 458 1039 516 εἴπερ
1070 457 1144 505 οὖν
1175 463 1197 505 ὅ
1227 466 1387 521 πρῶτος
1415 465 1570 515 ἐκεῖνος

84 524 258 579 5Ἀδοῖμ
299 524 454 580 θνητός
498 525 609 579 ὁμοῦ
643 525 715 567 καί
753 522 964 576 α’θάνατος
1001 521 1074 582 ἦν,
1112 527 1228 584 εἴπερ
1276 526 1351 572 οὖν
1376 537 1569 586 φυσικοῖς

119 588 310 633 ὑπέκειτο
340 590 497 633 πάθεσι
525 591 631 633 κατά
657 606 705 646 γε
738 590 815 646 τήν
842 594 925 634 τῶν
952 584 1153 636 πλειόνων
1171 593 1409 651 ὑπόληψιν,
1442 597 1568 652 α’νοίγ-

118 671 168 712 κη
193 659 310 699 πᾶσα
353 659 425 699 καί
451 655 504 699 ui
533 658 714 713 ἡμέτερα
755 655 859 710 μετοέ
889 660 1026 700 ταῦτα
1053 658 1248 714 τοιαύτης
1277 661 1568 714 ἐπιτεύξεσθαι
1581 669 1671 715 P.91

117 720 296 778 λήξεως,
340 724 423 778 εἴγε
450 721 555 778 πρὸς
585 725 740 765 ἐκεῖνον
780 722 926 778 ἔχουσι
952 722 1025 765 τὸν
1051 727 1217 779 πρῶτον
1244 726 1378 781 Ἀδὰμ
1408 729 1568 785 δηλαδὴ

117 789 191 842 τὴν
218 787 432 832 ἐπάνοδον.
492 788 600 831 α’λλὰ
629 789 709 845 γάρ
756 789 829 832 ἐπὶ
854 787 1021 839 τούτοις
1049 791 1237 834 τοιοῦτόν
1263 810 1305 834 τι
1331 798 1481 849 λέγειν
1519 796 1569 838 οὗ

60 870 105 896 ιο
120 857 293 909 δίκαιον,
324 854 408 910 εἴγε
437 857 511 897 καί
534 853 616 911 πρὸ
647 859 724 898 τοῦ
751 856 876 910 λόγου
904 858 1067 898 πείθειν
1092 857 1200 912 ἡμᾶς
1227 857 1353 901 ἱκανὰ
1378 863 1449 903 καί
1475 862 1569 904 λίαν

117 919 228 964 miro}
264 918 462 976 τυγχάνει
505 921 558 964 ἰα’
588 921 826 977 πράγματα.
898 923 938 964 εἰ
960 921 1041 978 γὰρ
1072 923 1094 964 ὅ
1128 927 1272 983 φθορᾷ
1298 925 1568 980 ὑποκείμενος

114 982 236 1037 οὗτος
263 982 486 1044 ἄνθρωπος
526 987 788 1042 χωννύμενος
828 990 879 1045 τῇ
903 989 957 1046 γῇ
983 990 1056 1030 καί
1086 989 1314 1045 σηπόμενος
1342 987 1566 1048 ἄφθαρτος

113 1055 160 1096 ἐκ
187 1057 343 1110 νεκρῶν
384 1054 604 1109 ἐγήγερται
649 1057 720 1096 καί
761 1054 994 1108 α’θοίνατος,
1023 1055 1097 1098 καί
1122 1062 1271 1098 πιστοῖ
1292 1056 1364 1100 τὸν
1391 1057 1512 1113 λόγον
1542 1059 1565 1101 ὅ

113 1119 320 1176 μακάριος
349 1121 527 1170 Παῦλος
586 1118 698 1163 οὕτω
733 1123 832 1176 περὶ
870 1121 1020 1163 τούτου
1067 1124 1197 1177 λέγων
1235 1124 1482 1180 „aneso-crat
1521 1129 1566 1169 ἐν

56 1189 288 1246 ιόφθορᾷ,
325 1188 528 1244 ἐγείρεται
566 1189 611 1230 ἐν
653 1188 922 1246 άφθαρσιζι,”
967 1183 1144 1244 εὔδηλον
1183 1187 1347 1241 πάντως
1394 1187 1457 1234 ὅτι
1495 1193 1569 1235 καί

115 1251 244 1309 ὃπρό
290 1255 363 1309 τῆς
408 1253 616 1307 ἁμαρτίας
646 1256 799 1303 ἐκεῖνος
833 1252 974 1308 Ἀδὰμ
1011 1257 1196 1305 τοιοῦτος
1223 1252 1275 1311 ἦν
1314 1259 1390 1299 ἄπ’
1428 1258 1566 1313 ἆρχῆς

116 1316 340 1376 ἄφθαρτος
364 1319 522 1376 δηλαδὴ
552 1319 625 1361 καί
643 1320 864 1370 ἇθάνατος.
894 1321 967 1362 καί
986 1321 1045 1377 μή
1074 1322 1269 1375 θαύμαζε
1298 1325 1446 1366 τούτου
1477 1328 1562 1367 ἓνε-

114 1402 208 1440 κεν,
238 1386 322 1442 εἴγε
350 1389 424 1428 καί
450 1389 617 1441 σπέρμα
646 1388 695 1443 τῇ
722 1389 776 1443 γῇ
811 1386 1172 1441 καταβαλλόμενον
1198 1392 1387 1432 τοιοῦτον
1415 1392 1598 1434 ‹imos-B

116 1455 268 1496 ὃοσθαι
296 1451 445 1495 εἴωθεν
473 1449 615 1494 ὁποῖον
644 1449 728 1508 ἄρα
756 1452 828 1495 καί
853 1452 1056 1510 πρότερον
1082 1452 1303 1510 ἐτύγχανεν
1330 1453 1449 1500 εἶναι.
1479 1457 1561 1501 εἴτε

53 1518 193 1575 αογὰρ
222 1520 341 1562 σίτου
369 1515 514 1560 κόκκον
544 1517 676 1568 εἴποις
697 1517 778 1561 εἴτε
805 1521 992 1574 κρίθους,
1024 1522 1065 1563 εἰ
1090 1519 1230 1577 ἕτερον
1258 1525 1425 1578 σπέρμα
1455 1523 1563 1566 οἱον-

116 1582 290 1641 arinen,
333 1586 466 1629 ἐκεῖσε
493 1585 661 1634 πάντως
688 1587 1002 1642 ἐπανέρχεσθαι
1030 1589 1214 1644 πέφυκεν
1245 1586 1342 1632 ὅθεν
1370 1590 1563 1646 δηλονότι

115 1653 384 1695 ἐκπέπτωκεν.

209 1776 242 1810 8.
267 1776 342 1810 εἴτε
368 1775 401 1809 Ρ.
496 1785 551 1808 20.
576 1776 737 1822 κριθῆςὲ

116 1890 267 1925 mortuis
292 1889 509 1923 suscitatum.
534 1900 606 1935 qua
630 1890 707 1935 ipsa
732 1889 776 1922 de
801 1901 904 1924 causa
931 1891 1068 1924 nudum
1094 1903 1113 1925 e
1137 1892 1301 1937 sepulcro
1328 1894 1473 1938 exsiliit,
1502 1907 1559 1929 re-

117 1939 210 1972 lictis
236 1937 274 1970 in
300 1948 342 1970 eo
378 1938 516 1971 cunctis
542 1937 803 1982 sepulcralibus
845 1938 1001 1971 exuviis:
1028 1939 1162 1984 quippe
1190 1941 1256 1973 iam
1284 1941 1418 1975 factum
1441 1944 1559 1977 incor-

119 1984 314 2032 ruptibile,
339 1996 403 2018 ceu
429 1984 584 2017 diximus
601 2010 610 2026 ,
630 1996 704 2017 non
734 1985 931 2028 tegumenti
955 1986 1065 2019 ullius
1091 1986 1231 2031 egebat.

210 2031 310 2078 Quid
334 2032 459 2065 multis
483 2032 600 2065 verbis
626 2043 716 2076 opus
740 2031 816 2065 est?
842 2033 871 2064 si
896 2032 1031 2077 primns
1058 2033 1120 2067 ille
1134 2034 1289 2068 Adamus
1313 2036 1447 2079 pariter
1464 2048 1559 2071 mor-

119 2079 200 2113 talis
226 2084 303 2113 erat
327 2084 363 2113 et
386 2079 611 2120 immortalis,
632 2080 662 2112 si
678 2079 902 2113 naturalibus
920 2079 1186 2115 adfectionibus
1212 2082 1388 2116 obnoxius
1415 2090 1501 2126 erat,
1519 2090 1560 2119 ut

117 2127 222 2160 multi
238 2127 443 2172 opinantur,
462 2127 608 2160 omnino
630 2127 868 2159 necessarium
885 2132 939 2160 est
961 2133 1156 2162 statuamus
1178 2135 1299 2163 nostra
1315 2141 1462 2176 quoque
1480 2143 1560 2165 cor-

117 2185 205 2220 pora
222 2173 391 2220 deinceps
412 2174 634 2208 condicionis
651 2174 809 2207 eiusdem
828 2174 958 2215 futura,
975 2175 1005 2207 si
1023 2175 1169 2220 quidem
1188 2176 1233 2210 ad
1248 2182 1377 2211 statum
1391 2179 1498 2223 primi
1514 2179 1560 2212 il-

119 2221 189 2254 lius
201 2220 328 2255 Adami
345 2227 576 2255 revertentur.
593 2221 632 2255 id
653 2233 736 2254 vero
762 2220 832 2254 dici
850 2222 948 2255 nefas
972 2222 1090 2264 fuerit,
1108 2224 1251 2269 quando
1269 2226 1376 2258 etiam
1395 2227 1558 2260 oratione

120 2267 310 2302 deficiente
334 2268 442 2302 fidem
466 2269 583 2302 facere
606 2268 711 2302 nobis
734 2269 834 2314 ipsae
852 2279 905 2301 res
930 2268 1071 2303 abunde
1094 2277 1254 2316 possunt.
1277 2273 1410 2318 quippe
1434 2273 1463 2306 si
1491 2272 1565 2306 ho-

120 2326 178 2348 mo
204 2315 262 2348 hic
303 2315 477 2349 obnoxius
515 2317 695 2357 interitui,
732 2322 965 2361 posteaquam
990 2316 1149 2352 defossus
1173 2320 1210 2352 in
1234 2324 1364 2353 terram
1388 2320 1499 2354 fuerit
1522 2326 1560 2354 et

68 2372 75 2380 '
121 2363 400 2408 computruerit,
436 2363 722 2409 incorruptibilis
771 2369 807 2397 et
839 2362 1048 2398 immortalis
1082 2377 1126 2398 ex
1159 2367 1310 2400 mortuis
1350 2368 1559 2409 suscitatur,

121 2408 228 2444 beato
251 2410 360 2444 Paulo
388 2410 457 2443 hoc
477 2411 593 2456 ipsum
610 2411 728 2445 verbis
752 2409 851 2445 hisce
876 2412 1131 2457 comprobante
1156 2414 1187 2459 (ι
1217 2414 1296 2447 Cor.
1331 2415 1367 2447 15
1395 2415 1454 2461 42)
1478 2425 1559 2455 „se-

123 2457 212 2490 ritur
237 2457 275 2491 in
299 2458 539 2502 mortalitate,
586 2459 778 2493 suscitatur
812 2458 850 2490 in
881 2458 1194 2502 immortalitate‚”
1229 2461 1422 2494 clarissime
1458 2467 1559 2506 patet

124 2504 230 2537 etiam
241 2504 414 2538 Adamum
441 2511 524 2539 ante
550 2512 737 2552 peccatum
761 2505 870 2538 talem
896 2505 940 2538 ab
962 2507 1068 2541 initio
1092 2508 1222 2549 fuisse,
1251 2509 1416 2542 nimirum
1439 2510 1560 2542 incor-

125 2551 331 2596 ruptibilem
369 2558 407 2587 et
434 2553 677 2587 immortalem.
713 2564 831 2598 neque
858 2553 987 2588 mirum
1019 2554 1088 2588 hoe
1112 2555 1180 2588 tibi
1203 2555 1385 2595 videatur,
1411 2555 1558 2600 quando

126 2598 231 2631 etiam
264 2600 462 2634 coniectum
497 2602 535 2634 in
571 2607 703 2635 terram
733 2611 852 2633 semen
887 2601 960 2635 tale
994 2604 1178 2637 consuevit
1217 2603 1303 2637 oriri
1326 2602 1432 2647 quale
1459 2604 1559 2648 prius

126 2650 211 2678 erat.
250 2656 332 2678 nam
360 2648 433 2682 sive
461 2648 572 2681 tritici
612 2659 758 2692 granum
783 2648 945 2694 appelles
971 2649 1043 2683 sive
1067 2649 1195 2684 hordei
1219 2651 1291 2684 sive
1316 2649 1417 2684 aliud
1441 2650 1559 2696 quod-

125 2692 178 2773 }is
222 2703 362 2736 semen,
400 2694 493 2728 illud
527 2696 642 2740 ipsum
680 2706 698 2729 e
730 2700 823 2728 terra
863 2694 986 2740 prodit
1018 2696 1115 2743 quod
1161 2698 1199 2731 in
1241 2708 1317 2731 eam
1356 2703 1558 2732 coniectum

144 2744 252 2772 uerat.
