1826 3120
610 120 895 161 ANNAMUM
935 118 1071 162 PARS
1114 122 1167 161 u.
1488 98 1592 155 251

145 222 341 279 κρύπτων
366 217 439 265 οὖν
467 222 514 264 τὸ
546 223 614 276 ἓν,
659 223 727 265 ἵνα
754 222 812 278 μή
845 224 1038 279 φονευθῇ
1068 222 1199 278 δῆθεν
1227 220 1285 271 ὥς
1313 220 1418 278 οἷνήρ
1446 223 1600 277 αὐτῆς,

144 288 192 333 τὸ
220 292 364 344 ἕτερον
391 288 549 345 ἔλεγεν,
574 285 638 332 ὅτι
658 287 819 346 ἀδελφή
846 305 930 342 μου
960 290 1089 332 ἐστίν.
1145 286 1443 344 μεγαλόψυχος
1472 284 1601 338 ὅντως

145 355 167 399 ὅ
195 354 405 410 Ἀβραάμ.
480 355 546 405 δίς
575 354 654 412 γαρ
686 358 750 406 εἷς
775 355 997 411 Αἴγυπτον
1031 355 1245 412 προφάσει
1267 357 1342 398 τοῦ
1369 356 1498 409 λιμοῦ
1526 371 1644 405 zea-C

143 421 302 466 τελθών
342 424 416 465 καί
444 421 509 472 δίς
553 421 627 478 τήν
657 423 828 478 Σάρραν
869 423 1148 478 α’φαιρεθείς,
1191 419 1309 478 παρά
1337 437 1383 464 τε
1407 424 1484 465 τοῦ
1511 425 1605 464 Φα-

105 487 235 546 5ρααὶ
265 490 339 531 καί
364 492 464 545 παρ’
491 489 628 532 αὐτοῦ
654 486 831 544 ὕστερον
869 489 943 530 τοῦ
964 487 1215 542 Ἀβιμέλεχ,
1243 490 1446 543 γενναίως
1476 487 1604 545 ἔφερε

141 555 219 611 τήν
247 554 501 612 ἀφαίρεσιν·
574 555 824 597 ἀκολουθεῖν
862 552 943 609 γάρ
975 555 1175 606 καθάπαξ
1211 556 1355 610 κρίνας
1385 557 1494 612 θεῷ,
1525 571 1603 596 πο-

140 626 450 677 λυπραγμονεῖν
479 621 556 664 οὔκ
582 617 709 677 ἤθελε
733 620 811 671 τὰς
840 620 1050 676 α’ρρήτους
1080 622 1318 675 οἰκονομίας
1346 617 1490 664 αὐτοῦ.
1533 623 1602 678 ἐφ’

141 681 176 747 ᾧ
201 690 275 730 καί
303 686 478 730 κατόπιν
506 687 550 730 αἱ
575 691 694 729 θεῖαι
742 684 1039 742 ἠκολούθησαν
1071 686 1191 745 αὐτῷ
1221 688 1408 742 οἷμοιβαί.

258 752 369 804 Τοὺς
406 755 552 808 μέντοι
583 754 815 806 Σοδομίτας
859 753 886 807 ἦ
936 754 1109 808 κακίστη
1152 754 1288 809 ἐκείνη
1328 753 1532 809 συνήθεια
1558 754 1603 796 ἐν

78 838 128 866 10
143 819 334 876 ἀγγέλοις
361 822 506 870 αὐτοῖς
538 817 679 862 ἔπεισε
705 822 779 872 τῆν
809 820 1032 875 α’σέλγειαν
1059 820 1352 870 ἐπιδείξασθαι
1362 852 1375 873 ,
1403 818 1503 861 ὅθεν
1531 819 1605 862 καὶ

140 887 350 942 ἀσβέστου
377 885 513 941 πυρὸς
545 884 665 942 ἔργον
693 885 901 941 γεγόνασι.
968 883 1020 928 τὰ
1048 884 1127 941 γὰρ
1158 883 1328 939 Σόδομα
1361 888 1500 928 ἐκεῖνα
1528 902 1602 928 πε-

140 955 319 1008 ρικαλλῆ
347 954 426 1008 μὲν
450 950 637 1007 ἑστῶτα,
664 955 802 1009 τέφρα
830 954 878 995 δὲ
923 953 977 1009 τῇ
1006 952 1186 1009 α’ληθείᾳ
1217 946 1317 994 ὄντα
1351 953 1444 1008 (καί
1470 950 1602 1003 αὐτὸς

136 1018 216 1075 γὰρ
249 1019 270 1062 ὃ
298 1019 384 1076 ἆὴρ
412 1018 491 1062 σὺν
519 1025 608 1069 τοῖς
636 1015 792 1061 ὕδασιν
809 1020 1084 1076 ἐκπυροῦται)
1116 1017 1341 1074 τεκμήριον
1369 1014 1435 1060 ὅτι
1464 1019 1644 1074 σαφὲςῐ)

137 1089 217 1129 τοῦ
243 1088 504 1138 διαιωνίζειν
545 1087 678 1128 ἐκεῖσε
716 1084 793 1140 τὴν
817 1086 1006 1128 κόλασιν.
1059 1086 1196 1127 ταῦτα
1228 1086 1274 1126 δὲ
1304 1086 1403 1140 περί
1427 1088 1601 1127 Παλαι-

79 1154 306 1210 ιόστίνην,
339 1151 601 1203 Ἀσκάλωνος
631 1151 705 1194 καί
738 1154 779 1194 Γ
777 1151 880 1208 άζης
910 1147 1095 1206 ἄνωθεν,
1126 1151 1226 1207 περὶ
1255 1150 1303 1193 τὸ
1339 1153 1417 1194 τοῦ
1438 1148 1599 1207 Ἰορδά-

138 1235 215 1263 νου
246 1223 388 1273 τέλος,
433 1220 561 1262 οὐδὲν
606 1217 828 1261 ἆπεοικότα
864 1218 956 1262 τότε
999 1221 1075 1261 τοῦ
1113 1219 1391 1274 παραδείσου.
1448 1217 1469 1259 ὅ
1497 1221 1602 1273 γοῦν

136 1286 327 1329 ἀπιστῶν
353 1288 405 1344 τῇ
432 1287 575 1344 γεέννῃ
616 1283 929 1340 ἄναλογιζέσθω
969 1283 1021 1328 τὰ
1055 1285 1256 1338 Σόδομα,
1286 1287 1360 1327 καί
1387 1282 1493 1326 οὕτω
1522 1283 1600 1340 τὴν

138 1354 412 1409 ἀδδηφαγίαν
444 1354 661 1409 φευγέτω·
715 1353 897 1395 τοιαῦτα
934 1351 1012 1407 γὰρ
1043 1353 1193 1394 εἴωθεν
1221 1348 1332 1406 αὕτη
1361 1350 1478 1406 πάθη
1508 1367 1601 1405 γεν·

138 1422 229 1462 νᾶν.
285 1418 391 1462 κατὰ
421 1422 543 1462 τοῦτο
573 1418 649 1462 καί
686 1418 709 1460 ὅ
750 1420 920 1474 Μωσῆς
956 1417 1097 1474 ἔλεγεν
1138 1419 1196 1477 τῷ
1220 1416 1392 1474 Ἰσραήλ
1420 1416 1601 1475 »φαγών

72 1501 126 1527 20
139 1485 212 1528 καί
238 1485 346 1528 πιών
378 1487 558 1541 πρόσεχε
588 1488 781 1543 σεαυτῷ,
809 1483 974 1541 μήποτε
1002 1483 1179 1543 ἐπιλήσῃ
1210 1486 1359 1542 κυρίου
1388 1488 1466 1527 τοῦ
1494 1489 1602 1528 θεοῦ

139 1555 255 1596 σου.”
313 1550 422 1595 ἀλλὰ
458 1555 531 1594 καί
556 1551 578 1594 ὅ
607 1551 685 1608 τήν
705 1550 898 1608 ἰατρικὴν
929 1555 1080 1608 τέχνην
1110 1548 1282 1608 ἄριστος
1299 1554 1341 1595 Γ
1339 1549 1490 1608 αληνὸς
1517 1554 1599 1594 τῶν

139 1621 338 1663 τοιούτων
382 1621 534 1662 παθῶν
567 1621 705 1663 αἰτίαν
744 1617 877 1675 αὐτὴν
914 1619 1102 1663 δείκνυσι
1143 1618 1222 1676 τήν
1261 1619 1454 1677 τρυφήν,
1480 1618 1597 1661 ’κατὰ

139 1819 228 1852 licet
249 1828 349 1851 suam
381 1829 469 1851 esse.
505 1828 634 1862 magno
670 1821 768 1851 certe
792 1818 979 1863 praeditus
1003 1818 1121 1851 animo
1152 1817 1223 1852 fuit
1258 1815 1491 1851 Abrahamus.
1516 1829 1598 1851 nam

139 1865 187 1899 ob
212 1865 343 1899 famem
377 1865 431 1898 bis
461 1865 500 1898 in
526 1867 725 1910 Aegyptum
748 1865 955 1910 profectus,
988 1877 1099 1898 uxore
1124 1864 1180 1898 bis
1204 1865 1405 1910 spoliatus,
1443 1865 1553 1898 semel
1577 1878 1598 1900 a

140 1914 348 1953 Pharaone,
374 1913 506 1946 iterum
546 1912 592 1945 ab
621 1912 878 1953 Abimelecho‚
904 1923 1076 1958 generoso
1102 1911 1338 1945 nihilominus
1361 1913 1479 1945 animo
1504 1912 1598 1946 hanc

140 1961 410 2006 ademptionem
449 1960 612 2006 pertulit.
648 1960 784 2006 quippe
818 1971 898 1992 cum
926 1960 1038 1992 semel
1073 1959 1395 2004 obtemperandum
1420 1971 1498 1993 esse
1527 1960 1596 1994 deo

139 2007 384 2049 decrevisset,
409 2008 447 2040 in
472 2007 635 2042 consiliis
660 2007 982 2041 administrationis
1009 2007 1085 2041 eius
1110 2006 1356 2041 ineffabilibus
1381 2008 1597 2053 perquiren-

139 2055 195 2089 dis
224 2056 385 2089 curiosus
424 2066 502 2090 esse
525 2055 655 2089 noluit.
688 2060 882 2101 propterea
905 2054 1062 2104 vicissim
1090 2055 1162 2089 suis
1187 2066 1268 2088 eum
1294 2054 1483 2088 beneficiis
1508 2055 1597 2089 deus

139 2104 291 2137 ornavit.

233 2151 424 2184 Caeterum
459 2149 656 2183 Sodomitis
694 2148 917 2183 consuetudo
950 2148 1095 2182 vivendi
1120 2148 1396 2194 flagitiosissima
1418 2151 1598 2196 persuasit

140 2204 182 2232 ut
206 2199 316 2232 etiarn
355 2198 393 2231 in
418 2199 564 2253 angelos
599 2198 695 2243 ipsos
725 2209 891 2230 exercere
922 2198 1136 2242 proterviam
1161 2208 1260 2230 suam
1282 2198 1442 2240 vellent3
1468 2210 1596 2244 quam-

141 2247 266 2280 obrem
303 2246 505 2279 inextincto
538 2246 620 2290 igne
658 2250 742 2278 suut
766 2245 894 2290 puniti.
929 2256 1009 2277 nam
1035 2244 1189 2278 Sodoma
1215 2246 1279 2278 illa
1304 2245 1486 2291 quondam
1510 2247 1595 2301 pul-

141 2295 298 2334 cerrima,
325 2305 405 2327 cum
432 2293 552 2326 adhuc
578 2298 726 2334 starent,
751 2304 848 2325 nunc
873 2303 996 2337 reapse
1019 2292 1114 2325 nihil
1132 2298 1216 2326 sunt
1239 2293 1340 2326 aliud
1357 2305 1463 2338 quam
1492 2295 1595 2328 cinis.

141 2345 204 2374 aer
228 2342 323 2374 enim
351 2342 428 2385 ipse
461 2352 542 2373 cum
575 2341 679 2386 aquis
706 2340 963 2380 inflammatur,
999 2346 1245 2384 argumentum
1270 2341 1414 2374 illustre
1440 2341 1484 2374 de
1511 2353 1594 2385 per-

141 2389 261 2434 petuis
286 2400 410 2423 eorum
434 2388 632 2433 suppliciis.
661 2388 729 2421 sita
770 2393 853 2421 sunt
878 2393 998 2420 autem
1023 2388 1061 2420 in
1087 2388 1316 2429 Palaestina,
1344 2387 1442 2421 haud
1467 2389 1594 2433 procul

142 2447 162 2467 a
187 2435 282 2469 Gaza
311 2441 348 2469 et
373 2436 547 2468 Ascalone
564 2461 572 2477 ‚
610 2434 655 2468 ad
689 2435 803 2468 amnis
826 2434 988 2468 Iordanis
1014 2435 1116 2468 ostia.
1144 2441 1222 2469 tum
1247 2434 1393 2481 quidem
1421 2436 1593 2480 temporis

143 2482 189 2515 ab
216 2484 293 2528 ipso
318 2484 485 2529 paradiso
510 2494 585 2516 non
609 2482 835 2516 differebant.
866 2482 997 2528 quodsi
1021 2483 1101 2529 quis
1126 2482 1314 2528 gehennae
1339 2494 1463 2528 parum
1489 2482 1594 2515 adhi-

141 2529 206 2564 bet
231 2530 334 2572 fidei,
376 2542 497 2564 secum
530 2531 607 2576 ipse
642 2530 688 2564 de
715 2530 880 2563 Sodomis
915 2530 1064 2574 cogitet,
1104 2536 1215 2576 atque
1239 2530 1309 2564 hoc
1336 2529 1444 2563 modo
1468 2530 1593 2564 luxum

142 2588 285 2610 omnem
323 2579 455 2622 fugiat:
495 2590 576 2611 nam
604 2577 869 2611 ishuiusmodi
893 2577 1027 2623 flagitia
1061 2578 1204 2622 gignere
1242 2577 1437 2611 consuevit.
1463 2577 1591 2610 iccirco

141 2625 261 2658 Moses
294 2625 465 2659 Israelitis
489 2626 669 2671 praecipit
700 2626 866 2670 (Denter.
891 2625 914 2657 6
947 2626 1000 2671 13)
1025 2625 1115 2667 „ubi
1142 2625 1342 2658 comederis
1366 2636 1406 2657 ac
1433 2623 1591 2665 biberis,

142 2677 267 2705 caveto
307 2683 352 2705 ne
378 2673 470 2707 sorte
504 2673 642 2706 domini
673 2672 733 2705 dei
760 2673 816 2706 tui
843 2672 1096 2706 obliviscaris.”
1134 2674 1240 2706 etiam
1266 2672 1591 2717 praestantissimus

142 2719 206 2753 ille
223 2719 444 2754 medicorum
464 2720 623 2754 Galenus
649 2720 871 2765 voluptatem
898 2731 937 2753 ac
954 2718 1103 2754 delicias
1120 2719 1281 2755 ostendit
1304 2730 1382 2754 esse
1406 2718 1592 2754 huiusmo-
