1826 3120
256 168 325 221 70
580 138 581 141 ¹
689 165 971 206 MlcuAEms
1011 162 1227 213 GLYCAE

252 269 455 325 ἡμετέραν
495 266 854 322 δημιουργηθέντα
887 266 989 316 ζῶα.
1057 264 1130 306 ἐὰν
1166 266 1213 306 δὲ
1236 263 1415 324 α’κούσῃς
1439 262 1504 308 ὅτι
1530 265 1579 307 τὰ
1606 267 1681 319 μέ-

210 345 240 378 D
253 351 372 389 γιστα
410 338 492 379 τῶν
529 334 681 375 πλοίων
719 330 977 385 ἦπλωμένοις
1016 328 1164 379 ἱστίοις
1203 331 1248 381 ἐξ
1286 330 1432 387 οὐρίας
1469 329 1681 388 φερόμενα

251 401 298 441 τὸ
326 400 575 456 μικρότατον
601 395 797 450 ἰχθύδιον
823 393 849 450 ἧ
873 397 1034 452 ἑχενηῒς
1062 392 1172 437 οὕτω
1215 395 1370 453 ῥαδίως
1394 397 1553 452 ἵστησιν
1577 395 1682 440 aiore

253 464 443 521 ἀκίνητον
470 466 541 506 ἐπὶ
565 467 752 505 πλεῖστον
780 462 987 518 φυλάσσει
1026 460 1100 517 τήν
1128 464 1231 504 ναῦν
1259 459 1397 516 ῶσπερ
1426 465 1675 521 καταρριζω-

252 535 328 574 θ’ὲν
356 534 399 573 ὲν
431 530 545 587 αὐτῷ
568 531 626 586 τῷ
664 527 857 583 πελάγει,
890 523 958 582 ἆρ’
1005 527 1105 582 ου’χί
1129 530 1200 569 καί
1235 528 1279 569 ἒν
1303 529 1361 585 τῷ
1383 531 1520 586 μικρῷ
1550 528 1720 585 τούτῳό

253 596 326 651 την
356 598 434 638 τοῦ
475 596 733 650 δημιουργοῦ
765 593 1095 647 καταλαμβάνεις
1134 590 1283 646 ἰσχύνς
1320 594 1366 636 ἐκ
1409 591 1573 636 πάντων
1609 588 1684 636 οὖν

255 661 445 716 μεγάλων
472 677 515 703 τε
542 659 616 702 καὶ
653 661 813 716 μικρῶν
851 661 921 715 τῆς
969 660 1045 701 τοῦ
1081 659 1290 708 κτίσαντος
1326 657 1542 713 δυνάμεως
1578 658 1685 702 α’πό-

256 730 384 778 δειξιν
411 728 613 780 λάμβανε.

370 795 424 835 Τι’
449 791 596 848 δήποτε
625 789 664 833 οἷ
698 793 1106 846 θαλαττουργοῦντες
1129 790 1187 834 τῶ
1209 796 1327 846 χεῖρε
1354 792 1610 846 πάσχουσιν,
1648 790 1691 832 εἴ

256 874 355 900 ποτε
393 857 545 913 κύρτον
587 855 704 907 ἐντὸς
730 855 882 912 νάρκην
918 857 1100 911 ἔχουσαν
1126 863 1212 907 τοῖς
1242 859 1462 907 καλωδίοις
1489 858 1686 913 ἐφέλκουυ
1705 875 1750 901 ιο

255 941 349 977 σιν;
377 922 689 979 εὖπαθεστάτην
728 923 750 964 ὅ
781 919 863 978 άὴρ
894 922 969 978 την
1012 920 1141 979 φύσιν
1166 925 1428 978 κληρωτικῶς
1460 920 1688 976 ἆπενειζιια..

254 1005 322 1032 το·
380 988 529 1044 διηχης
559 989 638 1045 γὰρ
668 991 739 1031 καί
772 988 978 1045 διαφανής
1010 987 1092 1045 ἔφυ
1118 992 1191 1031 καί
1216 988 1406 1043 διὀσμος,
1439 991 1689 1043 μεταιχμίου

257 1058 364 1111 μηδὲ
392 1071 502 1104 τινος
531 1057 881 1109 ἐπιπροσθοῦντος
909 1050 1034 1111 αὐτῷ.
1089 1057 1250 1096 πολλῶν
1276 1057 1416 1097 τοίνυν
1440 1056 1591 1097 παθῶν
1618 1053 1691 1096 καί

156 1131 242 1176 P.37
259 1123 474 1176 ἐνεργειῶν
510 1119 665 1170 αἴτιος·
741 1122 830 1170 πῶς
877 1118 957 1175 γάρ
1001 1119 1040 1162 οἱ
1081 1119 1152 1168 τὰς
1191 1114 1309 1173 ὄψεις
1347 1122 1564 1170 νοσοῦντες
1590 1119 1709 1180 τούς

259 1184 446 1242 ὁρῶντας
491 1188 602 1242 σφᾶς
638 1185 835 1236 πολλάκις
875 1189 951 1228 τοῦ
990 1184 1151 1235 πάθους
1175 1185 1396 1236 κοινωνοὺς
1420 1185 1755 1242 ἐποιήσαντοςιό

260 1253 412 1295 ου’κοῦν
453 1251 521 1294 διὰ
565 1253 641 1295 τοῦ
682 1252 844 1301 ἐνόντος
882 1253 1004 1306 α’έρος
1043 1253 1116 1293 καί
1161 1251 1293 1306 νάρκη
1331 1257 1464 1293 ποιεῖν
1491 1269 1533 1294 τι
1557 1250 1692 1303 πάθος

259 1321 478 1360 ἐπίσταται
518 1324 604 1366 τοῖς
644 1319 752 1374 αὐτῇ
785 1316 1109 1373 πλησιάζουσιν,
1156 1319 1197 1359 εἰ
1225 1317 1296 1359 καί
1320 1316 1379 1373 μὴ
1409 1316 1561 1374 ταύτης
1587 1318 1694 1375 ἐφά-

258 1395 419 1436 ψοιντο.
478 1382 552 1425 καί
579 1383 816 1437 θαυμάζειν
843 1383 894 1424 οὔ
918 1382 1026 1440 χρή·
1104 1382 1130 1438 ἧ
1160 1385 1382 1439 Μαγνῆτις
1406 1381 1512 1440 γάρ,
1541 1383 1593 1440 ἢν
1623 1385 1697 1427 καί

250 1449 503 1504 Ἱ-Ιρακλειάν
545 1451 662 1492 λίθον
706 1449 836 1506 φασί,
886 1450 961 1490 τοῦ
1002 1447 1178 1505 σιδήρου
1217 1451 1425 1504 διέστηκε,
1464 1449 1538 1492 καί
1581 1447 1695 1504 ὅμως

260 1512 423 1568 ὁρῶμεν
467 1513 537 1556 διά
579 1517 710 1568 μέσου
733 1518 809 1557 τοῦ
848 1517 969 1572 ἀέρος
998 1515 1076 1569 την
1102 1516 1309 1570 ἐνέργειαν
1331 1518 1694 1572 προσβαλλομένην
1707 1533 1758 1560 20

258 1582 306 1634 τῇ
337 1582 456 1637 λιθῳ.
515 1579 561 1621 τό
594 1583 639 1623 δὲ
668 1580 740 1622 καί
767 1582 866 1636 περὶ
885 1579 955 1622 τὸν
977 1579 1142 1636 φοίνικα
1170 1579 1216 1622 τὸ
1245 1580 1375 1637 φυτὸν
1403 1579 1601 1637 ἐρωτικὸν
1626 1598 1694 1637 γε-

261 1644 427 1697 νόμενον
455 1644 615 1699 πάθος,
644 1645 717 1687 καί
747 1643 858 1695 ὅπως
884 1647 908 1701 ἡ
940 1645 1114 1702 θήλεια,
1144 1642 1221 1688 κᾶν
1248 1649 1321 1689 καί
1347 1649 1570 1702 διίσταται,
1597 1647 1695 1699 τούς

260 1709 436 1760 κλάδους
483 1711 614 1768 αὐτῆς
653 1709 862 1754 ὑποκλίνει
903 1715 962 1770 τῷ
989 1706 1156 1768 ἄρρενι,
1198 1712 1270 1755 καί
1296 1710 1409 1763 ὅπως
1435 1714 1560 1756 πάλιν
1593 1713 1694 1771 πρὸς

358 1844 409 1866 12.
434 1834 497 1867 καὶ
523 1834 620 1878 prius
648 1833 781 1867 deerat.
853 1845 903 1878 ¹7·
927 1834 962 1867 εἰ
983 1827 1034 1880 μή
1063 1835 1125 1867 καὶ
1148 1834 1183 1868 Ρ.
1243 1845 1298 1867 20.
1322 1835 1632 1882 προβαλλομένην
1655 1836 1693 1870 P.

264 1939 461 1972 echoneide
497 1944 570 1972 tam
614 1940 710 1972 facili
742 1945 922 1974 momento
960 1941 1057 1982 sisti,
1080 1951 1243 1985 magnum
1275 1939 1320 1973 ad
1345 1941 1515 1986 temporis
1540 1941 1694 1986 spatium

265 1993 304 2019 ut
327 1987 508 2019 immotam
533 1986 717 2020 detineant
740 1988 859 2022 navim
884 1987 984 2021 velut
1009 1988 1086 2033 ipso
1109 1988 1148 2020 in
1171 1986 1259 2019 mari
1284 1986 1463 2020 radicibus
1489 1988 1577 2021 actis
1603 1987 1695 2022 defi-

264 2045 364 2073 xam,
387 2044 461 2065 non
496 2034 601 2065 etiam
638 2034 676 2066 in
710 2034 857 2066 animali
884 2035 1011 2079 exiguo
1046 2034 1246 2079 potentiam
1270 2034 1406 2079 opificis
1431 2034 1694 2079 deprehendis?

263 2081 430 2111 nimirum
453 2090 496 2111 ex
512 2079 694 2121 omnibus,
722 2087 794 2114 tam
817 2082 952 2126 maguis
978 2092 1084 2127 quam
1106 2080 1268 2127 pusillis,
1292 2086 1497 2125 argumenta
1523 2080 1568 2115 de
1596 2092 1696 2116 crea-

263 2126 351 2158 toris
378 2131 555 2169 potestate
580 2126 649 2159 tibi
675 2127 845 2160 sumenda
870 2134 962 2162 sunt.

359 2171 557 2216 Quidnam,
592 2172 760 2214 obsecro,
792 2175 954 2208 manibus
980 2186 1101 2208 eorum
1125 2173 1253 2208 accidit
1278 2174 1340 2219 qui
1365 2185 1385 2207 e
1411 2175 1500 2208 mari
1524 2175 1695 2220 piscando

265 2218 397 2251 victum
431 2224 627 2263 quaerunt,
655 2220 684 2251 si
711 2221 854 2264 quando
879 2222 1047 2255 funiculis
1081 2232 1139 2255 vas
1167 2221 1396 2266 piscatorium
1421 2221 1605 2256 attrahunt
1622 2234 1694 2269 quo

264 2264 418 2309 torpedo
455 2266 705 2299 contineatur?
732 2278 807 2300 eam
845 2270 990 2302 sortitus
1015 2273 1069 2302 est
1092 2271 1154 2301 aer
1180 2273 1343 2300 naturam
1365 2269 1612 2313 peculiariter,
1639 2269 1695 2303 uti

266 2322 373 2355 quam
398 2311 569 2345 facillime
594 2312 787 2346 adficiatur.
826 2326 907 2349 nam
935 2322 970 2350 et
991 2316 1086 2348 sonis
1107 2315 1248 2360 pervius
1275 2321 1327 2348 est
1354 2321 1390 2348 et
1412 2316 1634 2360 pellucidus‚
1657 2322 1696 2350 et

267 2357 418 2390 odoratu
447 2364 674 2403 penetratur,
693 2360 791 2393 nulla
818 2373 855 2394 re
879 2361 1090 2396 intermedia
1114 2362 1301 2406 quicquam
1326 2362 1576 2407 impedimenti
1601 2362 1696 2397 obii-

267 2405 395 2438 ciente.
423 2416 494 2449 quo
519 2406 558 2438 fit
595 2411 635 2438 ut
659 2407 848 2440 multarum
871 2415 943 2442 tam
968 2408 1207 2442 adfectionum
1233 2420 1338 2452 quam
1361 2410 1586 2442 effectionum
1610 2421 1695 2442 cau-

267 2462 306 2484 sa
331 2452 387 2484 sit.
412 2462 457 2484 an
481 2463 553 2484 non
575 2453 669 2485 enim
693 2455 874 2488 oculorum
891 2457 1014 2489 morbo
1037 2454 1237 2487 laborantes
1250 2456 1464 2500 plerumque
1487 2467 1524 2489 se
1548 2457 1696 2490 intuen-

266 2503 319 2530 tes
347 2498 462 2530 morbi
488 2499 678 2543 participes
706 2500 882 2536 reddunt?
908 2507 1125 2548 quapropter
1148 2507 1184 2534 et
1206 2501 1358 2546 torpedo
1381 2513 1446 2548 per
1469 2506 1564 2544 aera,
1587 2514 1695 2548 quem

266 2544 361 2576 intra
385 2556 421 2577 se
449 2546 629 2585 continet,
658 2546 807 2580 adficere
840 2555 958 2593 potest
985 2548 1192 2582 accedentes
1219 2549 1388 2593 propius,
1411 2549 1498 2582 licet
1521 2561 1598 2583 eam
1621 2560 1696 2583 non

266 2596 468 2624 attrectent.
494 2602 560 2624 nec
582 2593 709 2625 mirum
734 2593 801 2627 hoc
826 2596 939 2629 videri
967 2595 1091 2629 debet:
1119 2606 1199 2627 nam
1223 2595 1379 2639 Magnes,
1406 2607 1511 2640 quem
1537 2597 1696 2642 lapidem

266 2637 481 2670 Herculeum
515 2645 663 2680 vocant,
704 2642 841 2673 etiamsi
877 2643 1031 2687 quodam
1057 2641 1245 2674 intervallo
1270 2643 1365 2674 absit
1389 2653 1408 2674 a
1434 2643 1552 2684 ferro,
1575 2649 1695 2677 tamen

266 2684 425 2716 videmus
452 2685 697 2718 efficacitatem
737 2687 864 2732 lapidis
891 2701 953 2734 per
987 2690 1103 2735 ipsum
1130 2688 1381 2721 intermedium
1404 2693 1485 2722 acra
1512 2701 1588 2722 sese
1610 2701 1693 2735 por-

267 2731 390 2775 rigere
428 2732 622 2775 quinetiam
662 2736 828 2767 amatoria
867 2737 1004 2780 palmae
1039 2735 1173 2769 arboris
1200 2735 1376 2777 adfectio,
1403 2735 1497 2781 quod
1527 2738 1692 2770 nimirum
