1826 3120
185 169 263 208 ΧΠ
501 176 507 180 “
756 165 1076 208 LEUNCLAVH

189 270 324 308 ralitas
350 274 433 319 est,
467 282 559 309 cum
589 268 784 308 universis
821 269 1107 308 communicat.
1158 270 1282 308 immo
1312 282 1395 310 non
1424 270 1505 324 ipsc
1530 266 1626 309 t'an..

188 342 278 375 tum
307 335 353 374 iis
391 333 636 389 expoliendis
680 340 721 374 et
753 334 804 373 ad
840 334 1024 374 editionis
1052 335 1331 375 maturitatem
1360 334 1627 390 perducendis

188 402 414 453 incumbit,
455 407 502 440 ut
530 390 735 454 publicam
772 400 823 440 ad
850 401 1066 441 utilitatem
1095 402 1136 440 in
1174 400 1353 441 medium
1397 402 1627 455 prodeant,

185 466 255 506 sed
297 467 418 506 etiam
457 467 541 506 aliis
570 466 766 522 pleraque
811 466 1211 515 velut(extrudenda
1252 468 1402 518 mittit,
1434 482 1484 506 ne
1514 467 1627 522 quod

187 539 374 573 nostrum
395 533 549 572 scilicet
569 532 830 572 commodum
851 539 1107 583 remoretur,
1137 533 1233 573 dum
1258 533 1342 586 ipse
1370 533 1626 586 gravioribus

187 599 295 638 curis
325 605 366 639 et
410 599 748 652 occupationibus
780 599 1000 653 impeditus
1041 600 1247 639 bonorum
1276 599 1504 650 desiderio,
1534 598 1628 639 the..

187 665 315 705 sauris
344 664 465 719 longe
508 665 767 719 pulcerrimis
807 680 853 705 ex
879 666 1049 720 caligine
1080 664 1349 720 quarumdam
1379 665 1494 720 quasi
1523 665 1626 705 late-

183 729 355 772 brarum
403 730 616 781 eruendis,
656 732 886 774 satisfacere
926 732 1085 786 nequit.
1131 738 1252 786 atque
1281 731 1400 772 huius
1429 746 1523 771 sane
1548 737 1633 771 tam

186 798 313 837 sancti
331 828 342 850 ‚
386 803 472 837 tam
499 797 707 837 laudabilis
743 798 914 838 instituti
944 798 1100 838 fructus
1136 797 1401 853 amplissimos
1427 797 1628 852 percipit,

191 862 289 903 dum
320 869 361 903 et
403 855 426 902 a
470 863 657 903 litteratis
681 864 835 918 ubique
874 864 1055 918 gentium
1084 879 1124 904 se
1155 864 1234 903 ooli
1266 870 1388 918 atque
1417 864 1627 904 observari

182 928 318 979 videt,
350 935 391 969 et
420 931 461 969 in
491 944 733 984 magnorum
756 930 1058 987 illustriumque
1078 931 1267 971 virorum
1293 930 1424 984 gratia
1450 930 1633 971 suaviter

185 995 425 1050 adquiescit.
487 996 634 1036 Caesar
664 996 843 1050 quidem,
877 1011 953 1036 ceu
980 995 1265 1050 Philadelphus
1295 997 1424 1046 alter,
1454 996 1629 1036 alterum

187 1062 405 1116 quemdam
444 1063 702 1102 Demetrium
743 1062 987 1103 Phalereum
1021 1062 1293 1103 bibliothecae
1335 1062 1552 1117 praefecit,
1582 1072 1630 1102 ne

186 1127 376 1169 historici
402 1143 548 1168 munus
577 1129 613 1168 ei
649 1128 881 1176 mandavit;
920 1143 1017 1183 quas
1049 1128 1099 1169 ad
1121 1143 1183 1170 res
1204 1143 1326 1183 quem
1355 1129 1478 1168 alium
1503 1127 1631 1182 magis

183 1194 377 1235 idoneum
407 1194 627 1248 reperiret,
659 1194 850 1249 equidem
877 1210 962 1234 non
980 1194 1111 1236 video.
1135 1210 1211 1235 nec
1241 1201 1300 1235 est
1327 1209 1404 1234 cur
1437 1194 1520 1234 eius
1546 1194 1630 1233 viri

185 1261 375 1311 consilia,
406 1260 477 1315 qui
505 1260 780 1301 universitatis
797 1260 1009 1301 historiam
1041 1275 1135 1301 cum
1164 1261 1370 1301 variarum
1398 1259 1632 1313 disciplina..

185 1342 280 1368 rum
307 1327 474 1367 scientia
514 1333 598 1367 tam
634 1327 809 1367 feliciter
837 1328 1070 1382 complexus
1107 1328 1159 1368 sit
1189 1328 1349 1379 animo,
1380 1326 1561 1367 maximis
1589 1326 1631 1366 in

179 1393 397 1433 momentis
431 1408 570 1433 rerum
602 1394 650 1432 ab
682 1400 849 1447 augusto
873 1394 1252 1448 sapientissimoque
1283 1394 1472 1449 principe
1492 1399 1534 1434 et
1557 1407 1627 1434 re-

184 1459 296 1513 quiri
323 1459 513 1499 lubenter
561 1465 602 1499 et
630 1472 876 1514 magnopere
903 1452 1077 1515 probari
1104 1461 1299 1502 dubitem.
1348 1466 1395 1499 ut
1423 1465 1557 1499 au'tem
1586 1459 1629 1500 id

181 1539 384 1578 exponam
416 1525 538 1580 vquod
572 1525 640 1565 hic
668 1526 778 1565 locus
819 1532 861 1565 et
888 1526 1074 1566 instituta
1110 1527 1245 1566 oratio
1273 1526 1480 1580 postulat,
1517 1525 1628 1566 misit

183 1589 234 1629 ad
251 1606 317 1631 me
338 1606 508 1645 quoque
527 1592 749 1631 Sambucus
779 1592 1060 1645 superioribus
1086 1591 1148 1631 his
1169 1593 1279 1632 annis
1303 1593 1493 1646 proximis
1527 1591 1626 1631 duos

180 1657 387 1696 annalium
428 1657 651 1711 scriptores
692 1659 899 1708 Graecos,
940 1658 1184 1698 Michaelum
1237 1659 1406 1713 Glycam
1468 1662 1626 1711 cogno-

177 1730 318 1764 mento
348 1723 531 1763 Siculum
555 1729 597 1764 et
627 1724 938 1764 Constantinum
968 1726 1216 1772 Manassem3
1252 1739 1432 1779 quorum
1459 1729 1625 1764 utrum-

181 1805 262 1844 que
287 1790 478 1830 Latinum
502 1790 543 1828 in
571 1804 802 1830 sermonem
830 1796 1113 1830 converterem
1134 1805 1179 1830 ac
1204 1791 1360 1844 publici
1389 1789 1486 1829 iuris
1513 1790 1626 1830 face-

180 1870 281 1896 rem.
312 1856 416 1897 solet
465 1856 574 1896 enim
602 1861 750 1909 putare
780 1861 961 1908 nostras,
1003 1863 1050 1896 ut
1072 1871 1165 1896 cum
1188 1859 1308 1911 poeta
1337 1856 1486 1910 loquar
1503 1885 1515 1907 ,
1542 1870 1626 1896 esse

180 1922 337 1976 aliquid
359 1937 511 1976 nugas,
553 1922 636 1962 hoc
662 1927 744 1973 est,
788 1936 878 1962 eam
905 1937 978 1963 nos
1018 1923 1178 1977 linguae
1208 1924 1388 1962 Graecae
1417 1921 1622 1975 cognitio-

181 2003 276 2028 nem
308 1995 543 2029 consecutos
573 2002 654 2029 esse
684 2002 789 2042 quae
807 1989 1138 2029 transscribendis
1169 1989 1208 2027 in
1225 1988 1410 2027 Latinam
1435 1993 1623 2028 veterum
1660 2019 1664 2022 -

179 2055 342 2108 scriptis
375 2060 597 2108 utcumque
635 2068 714 2107 par
745 2055 818 2101 sit;
857 2055 899 2093 in
928 2070 1012 2109 quo
1043 2061 1090 2095 ut
1117 2054 1234 2094 amici
1261 2054 1428 2107 plenum
1459 2053 1623 2107 insignis

179 2134 278 2174 erga
307 2120 694 2160 mebenevolentiae
723 2120 918 2159 iudicium
948 2122 1040 2160 satis
1069 2135 1256 2175 agnosco,
1291 2120 1346 2159 ita
1376 2128 1484 2159 meas
1514 2120 1622 2160 vires

180 2201 230 2226 ac
257 2187 298 2224 in
333 2192 508 2239 utraque
537 2186 673 2239 lingua
701 2186 935 2225 facultatem
965 2201 1087 2226 nemo
1118 2200 1181 2225 me
1211 2184 1360 2224 rectius
1389 2185 1528 2224 metiri
1556 2185 1623 2225 ve}

179 2257 315 2305 potest
349 2252 413 2291 vel
442 2251 572 2291 debet.
614 2252 808 2305 quoniam
852 2267 950 2291 vero
978 2268 1062 2293 non
1091 2266 1257 2306 prorsus
1287 2251 1511 2290 reiecturos
1543 2250 1621 2290 bo-

178 2319 306 2358 mines
336 2314 517 2357 eruditos
547 2319 761 2371 sperabam
792 2318 905 2372 quod
935 2325 1105 2358 auctore
1125 2317 1195 2356 tali
1213 2318 1307 2356 viro
1335 2316 1622 2370 praestandum

181 2385 435 2438 reciperem,
464 2385 707 2437 praesertim
730 2384 966 2424 ostendente
993 2399 1071 2438 per
1094 2383 1229 2423 literas
1260 2397 1301 2422 se
1333 2383 1622 2422 auctoritatem

181 2451 338 2489 consilii
366 2451 427 2488 sui
453 2465 662 2504 nunquam
691 2450 968 2503 defugiturum
986 2481 997 2501 ‚
1028 2449 1117 2489 feci
1143 2463 1236 2488 sane
1267 2448 1380 2502 quod
1407 2447 1472 2487 ille
1501 2448 1620 2488 iube...

178 2516 272 2566 bat,
299 2521 340 2555 et
366 2521 589 2570 utrumque
616 2518 799 2555 Romana
837 2517 1000 2556 civitate
1031 2515 1210 2565 donavi,
1254 2528 1336 2552 non
1360 2519 1406 2552 ut
1435 2514 1617 2567 impera-

180 2588 250 2621 tor
282 2581 506 2636 quispiam,
535 2582 603 2622 sed
631 2581 744 2621 velut
774 2596 874 2620 unus
901 2597 947 2622 cx
976 2581 1136 2630 multis,
1168 2580 1239 2634 qui
1268 2580 1350 2619 eius
1382 2579 1442 2619 rei
1469 2593 1622 2618 curan..

181 2649 255 2688 dae
291 2647 527 2687 mandatum
568 2649 616 2687 ab
658 2648 908 2700 imperatore
948 2648 1132 2688 haberet.
1175 2661 1351 2699 cumque
1390 2645 1509 2698 prior
1534 2644 1617 2683 hoc

181 2721 370 2768 tempore
399 2714 542 2769 Glycas
570 2715 610 2752 in
637 2714 846 2766 publicum
876 2720 1013 2763 exeat,
1056 2713 1323 2751 Constantino
1354 2711 1621 2752 mox—subse-
