1826 3120
236 151 307 207 58
671 165 952 208 Mianmils
996 165 1226 207 GLYCAE,

233 271 277 315 τὸ
306 273 414 326 πῦρ,
455 271 555 312 κατα
582 269 727 321 σχῆμα
756 268 832 308 τοῦ
860 266 1034 321 δόρατος
1063 267 1335 322 α’πομηκυνθῇ
1353 299 1364 317 ,
1409 263 1453 307 τὸ
1486 266 1673 307 τοιοῦτον
1724 308 1729 317 ‚

234 335 408 379 ὀιάττων
444 334 687 387 ὠνόμασται
722 332 828 374 κατὰ
867 332 917 374 τοὶ
963 331 1196 388 φαινόμενα
1233 330 1457 386 σχήματα,
1502 328 1672 378 καὶτὰς

234 404 472 455 ἐπωνυμίας
501 401 791 454 α’ποπληροῦσι
822 405 908 447 τοῖς
937 396 1166 455 φάσμασιν.
1251 409 1254 411 “

332 464 480 510 “Effera
519 467 597 518 μὲν
641 461 716 507 οὖν
759 466 818 514 εἰς
859 471 1035 519 σημεῖα,
1074 463 1264 518 καθάπερ
1311 460 1495 519 εἴρηται,ι
1526 461 1548 504 ὅ
1573 459 1674 511 θεὸς

235 538 370 577 ταῦτα
399 533 447 587 δή
488 532 540 574 τά
572 534 657 574 κατ’
684 530 882 587 οὐρανόν,
929 529 985 580 ὦς
1011 532 1205 573 ἐντεῦθεν
1231 527 1333 585 ἡμῖν
1362 528 1599 585 ἀσφάλειαν
1625 525 1712 568 0155

197 602 305 656 (ῑτὴν
332 601 545 652 τυχοῦσαν
583 601 895 654 προσγίνεσθαι.
966 595 1045 652 ὅρα
1072 595 1152 652 γὰρ
1186 592 1248 638 ὅτι
1279 598 1350 637 καὶ
1377 593 1430 637 τοὶ
1460 596 1566 650 νέφη
1600 592 1677 635 τιό-

234 682 320 714 κοις
351 667 476 720 ε’ρίων
511 666 696 722 φανέντα
728 668 822 707 ποτὲ
868 662 1140 721 παραπλήσια
1171 663 1385 717 χειμῶνας
1413 663 1543 703 ἐνίοτε,
1571 672 1676 715 προ..

235 734 527 787 σημαίνουσιν.
585 729 691 773 α’λλά
735 731 808 773 καί
834 728 916 787 ἶρις
956 728 1079 784 αὐτή,
1110 727 1156 771 τὸ
1185 733 1276 770 κατ’
1309 725 1490 783 ου’ρανὸν
1517 723 1675 781 δηλαδὴ

234 796 487 854 φαινόμενον
515 795 660 850 τόξον,
703 795 759 848 ὥς
785 800 863 852 οὐχ
901 796 1042 845 ἁπλαῖς
1072 801 1158 846 τοῖς
1195 796 1434 851 ὀφθαλμοῖς
1461 792 1580 848 ἡμῶν
1606 792 1680 834 καί

234 862 290 914 ὥς
317 863 441 918 ἔτυχε
471 863 714 919 πρόκειται·
780 866 987 918 χειμῶνος
1025 863 1101 915 μὲν
1139 860 1220 917 γὰρ
1260 858 1365 915 αὕτη
1398 863 1578 915 φανεῖσα
1607 858 1743 902 εὕ-ἰο

234 929 390 986 ‹imma›
437 931 628 987 ἐπιφέρει
661 927 929 983 κατάστασιν,
976 928 1120 978 εὐδίας
1163 929 1209 970 δὲ
1237 923 1364 983 οὔσης
1389 925 1472 981 εἴγε
1500 926 1676 982 φανείη,

230 1001 421 1051 χειμῶνα
457 997 701 1039 τούναντίον
742 994 934 1052 ἐμήνυσε.
1004 995 1077 1037 καί
1112 993 1232 1036 ἔθετο
1259 994 1363 1050 γάρ,
1389 990 1518 1049 φησί,
1544 992 1678 1034 ταῦτα

233 1066 293 1113 εἰς
319 1069 487 1118 σημεῖα.

120 1132 219 1180 V-24
338 1130 451 1172 Ἀλλ’
485 1129 510 1182 ἦ
549 1131 627 1182 μὲν
658 1125 741 1185 ἶρις
785 1126 1074 1177 ἀνυπόστατός
1101 1127 1214 1180 ἐστι,
1242 1124 1453 1183 φαντασία
1483 1126 1530 1168 δὲ
1551 1123 1680 1178 μόνον

233 1198 305 1251 τῆς
335 1194 498 1252 ὁρώσης
528 1191 681 1251 ὄψεως,
711 1197 754 1246 ἐξ
782 1193 902 1251 ἡλίου
932 1189 1208 1248 σιῗνισταμένη
1234 1195 1404 1249 νέφεσιν
1430 1192 1678 1244 οἷνομοιομε..
1698 1193 1744 1234 15

235 1265 349 1318 ρὲσιν
382 1264 663 1316 ἐμπίπτοντος.
723 1260 828 1303 α’λλά
858 1259 931 1302 καί
962 1260 987 1315 ἡ
1021 1258 1123 1302 κατὰ
1153 1258 1327 1314 σελήνην
1357 1255 1467 1306 ἅλως
1494 1256 1681 1313 ἔμφασις

188 1328 434 1378 Βῶσαύτως
465 1331 590 1383 ἐστίν,
620 1329 671 1371 ου’
689 1327 773 1383 μὴν
796 1325 1036 1379 ὑπόστασις,
1066 1328 1110 1376 ἐξ
1129 1324 1394 1374 ἀνακλάσεως
1423 1324 1498 1379 τῆς
1526 1314 1679 1376 ὅψεως.

232 1395 279 1437 τὸ
321 1397 367 1437 δὲ
403 1392 666 1452 οἷστραπαῖον
709 1396 792 1449 πῦρ
823 1391 1101 1436 ἐνυπόστατον
1127 1392 1204 1444 μέν
1231 1392 1367 1443 ἐστιν,
1413 1386 1488 1431 οὖκ
1517 1388 1604 1443 ἔχει
1633 1390 1680 1431 δὲ

232 1462 278 1503 τὸ
308 1464 486 1518 φλέγων·
559 1460 813 1517 λεπτομερὴς
848 1459 928 1516 γάρ
975 1459 1001 1514 ἢ
1030 1458 1154 1500 οὐσία
1192 1457 1340 1502 αὐτοῦ.
1397 1455 1504 1498 ἀλλὰ
1533 1453 1606 1496 καὶ
1625 1455 1678 1496 τὰ

232 1527 408 1580 σώματα
438 1530 600 1582 ταχέως
624 1530 902 1582 παρέρχεται,
942 1520 1043 1566 ὅθεν
1083 1519 1174 1565 οὔτε
1216 1526 1322 1564 καίει
1367 1517 1464 1564 οὔτε
1495 1521 1746 1575 μελαίνειαο

233 1593 354 1639 αὐτά.
411 1593 451 1635 εἰ
482 1592 564 1647 γὰρ
602 1595 675 1634 καί
701 1595 784 1647 πῦρ
827 1591 850 1632 ὁ
879 1590 1066 1639 τοιοῦτός
1108 1591 1199 1632 ἐστι
1225 1587 1426 1643 κεραυνὸς
1455 1586 1529 1630 καὶ
1553 1586 1682 1643 φύσει

234 1658 322 1714 ἔχει
349 1659 396 1702 τὸ
427 1658 582 1712 καίειν,
615 1661 706 1700 ἀλλ’
733 1655 758 1713 ἧ
790 1654 989 1712 λεπτότης
1017 1657 1160 1709 αὐτοῦ,
1189 1654 1293 1711 πρὸς
1324 1657 1371 1696 δὲ
1400 1655 1473 1696 καί
1500 1652 1527 1708 ἦ
1548 1654 1680 1708 ταχύ-

330 1800 356 1822 ι.
385 1785 691 1835 α’πομηκυνθένὲ

236 1898 375 1942 longius
403 1906 480 1929 sese
515 1894 649 1928 diderit
682 1894 772 1938 ignis
798 1893 844 1927 ad
875 1894 999 1927 hastae
1026 1892 1173 1926 formam
1210 1897 1373 1925 extensus
1391 1915 1400 1930 ‚
1424 1890 1466 1923 fit
1486 1889 1556 1922 hoc
1580 1889 1678 1935 quod

235 1944 484 1979 traiectiouem
508 1947 648 1976 vocant.
663 1943 912 1975 consuevimus
937 1942 1031 1974 enim
1046 1940 1130 1973 visis
1147 1937 1321 1972 eiusmodi
1346 1947 1411 1982 pro
1440 1937 1579 1970 ratione
1604 1937 1680 1970 for-

234 2003 388 2032 marum,
411 1989 543 2035 quibus
570 1990 848 2034 conspiciuntur,
883 1987 1146 2033 appellationes
1171 1985 1308 2019 indere.
1628 1992 1630 1995 ’

325 2038 557 2083 Quapropter
579 2035 681 2077 haec,
709 2037 764 2070 uti
788 2035 955 2076 diximus,
981 2036 1019 2068 in
1045 2033 1146 2067 coelo
1171 2031 1361 2066 collocavit
1382 2031 1488 2072 deus,
1513 2036 1554 2064 ut
1579 2031 1679 2075 signa

234 2085 338 2119 nobis
365 2088 485 2117 essent
508 2082 553 2115 de
579 2083 711 2126 quibus
735 2082 834 2115 haud
865 2083 1026 2126 vulgares
1049 2079 1234 2114 muniendi
1257 2079 1370 2112 nostri
1393 2079 1550 2112 rationes
1576 2078 1681 2111 colli-

235 2143 406 2176 geremus.
434 2141 517 2163 nam
541 2128 682 2174 adspice
706 2130 797 2163 mihi
819 2129 934 2163 nubes
953 2154 962 2170 ‚
992 2139 1083 2174 quae
1110 2139 1190 2161 cum
1214 2126 1394 2159 interdum
1418 2126 1580 2159 lanarum
1601 2124 1680 2159 vel-

235 2178 370 2211 leribus
396 2177 603 2210 consimiles
630 2183 844 2218 cernuntur,
880 2177 1091 2222 plerumque
1116 2179 1344 2219 tempestates
1372 2173 1512 2218 pluvias
1537 2172 1680 2210 denun-

235 2226 340 2259 tiant.
366 2229 489 2269 atque.
510 2224 618 2256 etiam
644 2225 728 2266 Iris,
766 2235 867 2257 arcus
892 2223 1058 2256 nimirum
1090 2221 1154 2254 ille
1178 2232 1285 2266 quem
1311 2221 1349 2254 in
1373 2220 1475 2254 coelo
1499 2219 1682 2265 conspici-

235 2284 313 2306 mus
331 2297 340 2312 ,
367 2282 442 2304 non
467 2270 677 2314 simpliciter
712 2282 832 2317 neque
852 2271 1004 2304 fortuito
1030 2268 1161 2303 nostris
1187 2273 1300 2301 semet
1326 2268 1439 2300 oculis
1464 2269 1589 2307 offert,
1616 2264 1680 2299 sed

231 2319 359 2364 'pluvia
383 2322 598 2362 tempestate
623 2324 814 2364 conspecta
844 2318 1072 2351 serenitatem
1094 2315 1164 2349 fert
1186 2326 1325 2356 secum,
1354 2325 1498 2356 serena,
1522 2313 1679 2359 pluviam

238 2365 413 2410 designat.
435 2365 526 2397 haec
553 2364 648 2397 enim
677 2365 763 2398 deus
793 2366 831 2398 in
856 2366 955 2410 signa
979 2362 1175 2398 constituit.
1546 2384 1547 2387 η

329 2412 373 2445 Et
403 2414 501 2444 earet
539 2411 602 2443 Iris
631 2413 783 2445 essentia
820 2412 993 2457 peculiari
1020 2422 1107 2451 sua,
1130 2409 1316 2454 solumque
1340 2407 1477 2452 species
1503 2406 1679 2453 quaedam

239 2465 293 2493 est
325 2458 534 2504 imaginaria
571 2460 750 2492 cernentis
789 2459 998 2505 adspectus,
1032 2463 1110 2490 orta
1135 2456 1180 2489 de
1215 2457 1291 2489 sole
1322 2455 1361 2488 in
1385 2454 1499 2488 nubes
1522 2454 1676 2499 partium

238 2507 456 2539 diversarum
489 2504 682 2538 incidente.
722 2505 848 2539 itidem
875 2507 996 2539 lunam
1022 2504 1184 2538 ambiens
1213 2513 1297 2535 area
1321 2502 1442 2546 specie
1469 2506 1574 2534 tenus
1602 2501 1680 2534 exi-

238 2554 318 2593 stit,
345 2565 424 2586 cum
450 2562 574 2596 reapse
601 2552 694 2585 nihil
718 2553 766 2586 sit
789 2553 907 2599 deque
932 2553 1118 2598 adspectus
1148 2549 1363 2583 refractione
1387 2548 1534 2581 oriatur.
1559 2552 1595 2580 at
1616 2558 1678 2581 ve-

238 2611 276 2633 ro
302 2599 451 2644 fulguris
492 2599 583 2644 ignis
620 2600 774 2633 essentia
807 2600 978 2645 peculiari
1013 2609 1086 2631 non
1117 2602 1238 2637 caret,
1271 2595 1415 2630 tametsi
1451 2595 1523 2630 vim
1548 2593 1679 2628 urendi

238 2657 309 2680 non
338 2646 480 2679 habeat.
519 2646 652 2679 etenim
693 2647 769 2679 eius
805 2653 936 2680 natura.
958 2646 1110 2692 partium
1137 2649 1191 2678 est
1215 2643 1424 2684 subtilium,
1464 2647 1502 2676 et
1528 2651 1676 2687 corpora

239 2694 403 2726 celeriter
442 2693 626 2738 praeterit.
668 2704 740 2739 quo
767 2694 808 2726 fit
833 2700 872 2727 ut
897 2705 938 2727 ea
976 2704 1042 2726 nec
1070 2697 1150 2725 urat
1170 2688 1248 2724 nec'
1266 2690 1440 2734 denigret.
1470 2697 1674 2735 quanquam

239 2741 333 2773 enini
363 2739 566 2773 huiusmodi
592 2740 728 2773 fulmen
750 2740 840 2783 ignis
861 2747 931 2781 est,
961 2746 996 2774 et
1023 2751 1043 2772 a
1071 2744 1199 2780 natura
1216 2738 1249 2771 vi
1269 2736 1468 2781 praeditum
1494 2742 1549 2770 est
1571 2743 1677 2767 uren-
