1826 3120
622 125 906 169 ANNALmM
947 123 1081 167 PARS
1121 126 1154 165 1.
1532 107 1608 175 43

162 225 336 285 σελήνην
361 230 597 285 μεταβολῆς
637 229 715 285 τὴν
753 229 1016 272 συντέλειαν·
1097 221 1344 282 ἄλλως-γὰρ
1374 227 1650 272 διατιᾟεταιῦ

161 296 414 351 μειουμένης
443 295 576 350 αὐτῆς
607 294 679 337 καί
707 290 844 343 ἄλλως
873 294 1108 348 αὐξομένης
1135 292 1187 335 τὰ
1217 293 1404 347 σώματα,
1434 296 1508 336 νῦν
1532 295 1612 347 μὲν

162 359 371 417 ληγούσης
417 360 548 416 ἀραιά
591 361 789 417 γινόμενα
830 363 902 402 καί
941 361 1065 412 κενοί,
1107 363 1182 402 νῦν
1212 361 1258 401 δὲ
1287 360 1518 415 αὐξομένης
1545 361 1619 402 καί

164 427 270 483 πρὸς
297 428 342 471 τὸ
382 429 538 484 πλῆρες
566 428 823 482 ἒπαγομένης
859 425 932 468 καί
956 426 1065 468 αὐτὰ
1096 424 1224 469 πάλιν
1252 424 1615 482 ἀναπληρούμενα,

131 495 275 540 5ὃιότι
298 492 510 550 ὑγρότητοί
523 510 615 537 τινα
635 494 864 550 θερμότητι
890 494 1146 549 κεκραμένην
1174 495 1246 536 ἐπί
1270 491 1313 536 τὸ
1333 493 1466 548 βάθος
1499 490 1617 549 φθά-

168 577 298 603 νουσα
327 558 561 616 λεληθότως
588 562 738 615 ὲνιήσι.
797 562 971 615 δηλοῦσι
1004 561 1049 602 δὲ
1068 562 1187 601 τοῦτο
1220 560 1292 601 καί
1319 558 1357 602 οἱ
1388 559 1619 601 καθεύδον-

166 644 232 678 τες
260 629 333 682 τῆς
370 625 450 670 ὑπὸ
498 625 671 682 σελήνης
711 625 933 682 ὑγρότητος
973 628 1175 681 περισσῆς
1217 625 1292 676 τοὶς
1330 628 1405 679 τῆς
1433 626 1621 681 κεφαλῆς

166 695 435 750 εὐρυχωρίας
460 691 766 748 πληρούμενοι,
797 690 860 734 ἔτι
893 694 939 736 δὲ
976 692 1029 734 τά
1061 694 1274 748 νεοσφαγῆ
1301 694 1380 734 τῶν
1408 693 1542 747 κρεῶν
1572 693 1621 747 τῇ

166 762 380 817 προσβολῇ
401 761 472 815 τῆς
499 759 675 814 σελήνης
713 761 876 813 ταχέως
897 757 1142 815 τρεπόμενα.
1163 757 1271 800 κατὰ
1303 760 1424 801 τοῦτο
1451 757 1524 799 καί
1551 759 1622 813 ἐφ’

110 844 155 870 ιο
169 825 355 881 ἅρματος
385 825 518 880 αὕτην
542 827 615 867 καί
634 824 708 867 δύο
728 823 896 880 ταύρων
918 828 1168 877 καθίζουσιν
1195 823 1252 873 ὥς
1284 814 1519 866 κυκλοῦσαν
1547 822 1622 865 τὸν

168 891 324 947 κόσμον
350 893 424 934 καί
449 887 717 948 α’ροτριῶσαν
742 891 816 933 καί
840 893 1124 946 σπείρουσαν,
1153 890 1438 945 ’ὖγραίνουσάν
1474 906 1519 932 τε
1549 889 1624 931 καί

168 960 503 1016 θερμαίνουσαν.
563 962 699 1000 ταῦτα
731 960 776 1001 δὲ
805 957 941 1000 πάντα
971 957 1046 999 οὕκ
1074 954 1128 999 civ
1158 956 1354 1013 ἐξήρκεσε
1392 960 1444 1014 τῇ
1469 954 1665 1011 ἐαυτῆςῐ)

166 1027 387 1070 α’λλοιώσει
416 1026 723 1079 συμμεθιστᾶν,
753 1026 793 1068 εἰ
820 1022 878 1080 μή
897 1040 943 1079 γε
974 1022 1081 1066 κατὰ
1110 1022 1186 1079 τὴν
1213 1026 1287 1078 τῆς
1316 1026 1483 1079 γραφῆς
1511 1039 1623 1075 μαρ-

168 1094 318 1149 τυρίαν
335 1089 558 1148 ὑπερφυής
583 1107 648 1141 τις
671 1089 874 1146 ἐτύγχανε
902 1092 953 1147 τῇ
982 1091 1157 1143 δυνάμει
1177 1106 1221 1132 τε
1252 1089 1533 1145 ὑπερέχουσα.
1552 1086 1627 1130 οὕ-

110 1164 229 1206 ι5τω
258 1161 338 1212 μὲν
368 1154 445 1200 οὖν
473 1159 518 1199 ἐκ
546 1161 616 1214 τῆς
645 1158 780 1207 αἰτίας
796 1157 948 1214 ταύτης
966 1158 1038 1198 καί
1064 1155 1116 1199 τοὶ
1149 1156 1254 1198 κατὰ
1278 1155 1351 1199 τὸν
1371 1156 1477 1211 οἰέρα
1508 1155 1625 1210 πάθη

169 1227 470 1277 συνίστανται,
518 1224 576 1273 ὥς
604 1227 896 1281 μαρτυροῦσιν
928 1221 1029 1278 ἡμῖν
1057 1223 1101 1265 αὶ
1141 1222 1244 1265 κατά
1278 1222 1353 1278 την
1398 1223 1626 1277 νουμηνίαν

169 1289 370 1340 πολλάκις
389 1287 471 1332 οἷπὸ
488 1292 668 1346 γαλήνης
687 1293 760 1332 καί
787 1292 984 1346 νηνεμίας
1001 1290 1207 1346 αἷφνίὸἰοι
1233 1290 1423 1345 ταραχαί
1451 1292 1535 1330 τῶν
1559 1304 1627 1330 νε-

171 1359 267 1414 φῶν
297 1360 581 1411 κλονουμένων
611 1352 684 1399 καί
709 1357 1029 1410 συμπιπτόντων
1070 1357 1291 1411 α’λλήλοις,
1325 1355 1369 1397 αἱ
1398 1354 1498 1409 περὶ
1523 1353 1678 1405 τοῦςν,
1698 1370 1736 1403 13

168 1423 369 1480 εὕρίπους
402 1439 446 1465 τε
486 1424 756 1480 παλίρροιαι,
794 1425 868 1465 καί
902 1420 927 1478 ἦ
957 1424 1056 1479 περὶ
1080 1421 1151 1465 τὸν
1192 1421 1405 1476 λεγόμενον
1429 1420 1626 1464 Ὠκεανὸν

107 1507 159 1534 20
171 1485 374 1545 ἄμπωτις,
402 1488 455 1545 ἢν
479 1495 571 1540 ταῖς
600 1490 812 1547 περιόδοις
840 1490 913 1546 τῆς
941 1486 1115 1545 σελήνης
1143 1489 1402 1544 τεταγμένως
1423 1484 1627 1544 ἑπομένην

174 1685 220 1717 ris
248 1695 267 1717 e
291 1690 386 1718 terra
428 1685 661 1718 nascentibus
692 1685 800 1719 rebus
838 1686 1007 1731 equidem
1043 1686 1208 1720 arbitror.
1246 1696 1330 1718 nam
1355 1684 1461 1718 aliter
1486 1682 1629 1716 adfecta

173 1737 258 1765 sunt
293 1743 443 1776 corpora
478 1732 565 1764 luna
598 1732 784 1766 deminuta
817 1745 922 1778 quam
960 1745 1037 1766 esse
1075 1734 1216 1767 soleant
1252 1733 1378 1766 eadem
1403 1736 1628 1777 augescente.

173 1779 310 1824 quippe
335 1791 415 1812 cum
449 1778 572 1812 deficit
597 1790 638 1811 ac
662 1780 909 1822 imminuitur,
941 1781 1022 1813 laxa
1052 1786 1136 1814 suut
1161 1786 1270 1825 atque
1294 1791 1427 1813 vacua:
1456 1791 1535 1812 cum
1564 1789 1630 1810 au-

172 1826 285 1870 gescit
311 1832 348 1859 et
389 1825 435 1859 ad
458 1826 726 1871 plenitudinem
761 1839 858 1859 suam
898 1834 1087 1872 properat,
1122 1839 1271 1872 corpora
1303 1837 1450 1871 quoque
1489 1836 1631 1858 rursum

172 1873 306 1918 repleri
333 1873 517 1915 videmus,
542 1873 653 1918 idque
673 1879 866 1918 propterea
886 1874 986 1919 quod
1010 1874 1194 1906 humorem
1222 1874 1403 1918 quendam
1430 1884 1507 1906 cum
1533 1872 1632 1905 calo-

173 1932 210 1954 re
235 1926 476 1965 temperatum
502 1926 538 1953 et
577 1921 621 1953 ad
650 1921 719 1953 ima
746 1932 859 1966 usque
883 1922 1125 1966 pertinentem
1153 1922 1256 1966 quasi
1282 1922 1391 1954 tacite
1419 1919 1631 1965 corporibus

172 1968 354 2001 immittat.
383 1968 619 2001 animadverti
644 1967 714 2000 hoc
754 1967 799 2000 de
828 1969 870 2001 iis
895 1979 1043 2013 quoque
1068 1974 1208 2012 potest,
1240 1969 1302 2013 qui
1329 1968 1374 2001 ad
1399 1968 1523 2000 lunam
1548 1966 1633 2000 (lor-

172 2015 327 2048 niientes
365 2015 546 2061 superfluo
587 2015 738 2048 humore
763 2016 889 2060 capitis
923 2016 1159 2060 capacitatem
1188 2027 1328 2048 omnem
1357 2015 1490 2060 repleri
1515 2014 1632 2047 senti-

173 2068 248 2096 unt.
273 2061 400 2096 itidem
426 2074 550 2096 carnes
571 2073 695 2096 recens
724 2068 959 2095 mactator-um
987 2063 1196 2095 animalium
1221 2063 1266 2096 ad
1295 2063 1419 2095 lunam
1446 2062 1631 2106 expositae

173 2115 212 2144 et
236 2109 281 2142 ab
309 2111 385 2144 eius
422 2110 532 2143 radiis
558 2116 714 2144 attactae
742 2111 812 2143 cito
836 2115 1021 2143 mutantur
1049 2122 1089 2143 ac
1127 2116 1352 2155 putrescunt.
1380 2121 1421 2142 ea
1451 2108 1495 2142 de
1524 2119 1633 2141 causa

174 2157 296 2190 lunam
323 2158 362 2191 in
389 2170 518 2198 curru,
553 2157 696 2191 duobus
721 2158 832 2190 tauris
861 2157 1058 2198 adiunctis,
1096 2158 1297 2198 collocant,
1323 2162 1497 2201 tanquam
1524 2167 1632 2188 mun-

174 2203 260 2237 dum
286 2204 383 2238 hunc
423 2205 667 2246 ambientem,
700 2210 884 2246 arantem,
909 2210 1105 2238 sementem
1130 2205 1168 2238 in
1196 2215 1238 2238 eo
1264 2204 1479 2245 facientem,
1504 2203 1633 2235 hume-

175 2257 332 2285 ctantem
361 2257 470 2298 atque
503 2252 764 2285 calfacientem.
790 2251 879 2284 haec
914 2252 1034 2285 omnia
1060 2263 1144 2285 vero
1178 2263 1244 2297 per
1269 2251 1559 2284 immutationem
1585 2250 1632 2283 il-

173 2299 247 2332 lam
273 2300 432 2344 corporis
459 2300 515 2332 sui
538 2300 712 2345 perficere
749 2310 981 2345 nequaquam
1002 2305 1151 2345 posset,
1177 2300 1207 2333 si
1232 2310 1306 2332 non
1334 2299 1486 2332 eximiae
1511 2298 1634 2331 cuius-

175 2345 258 2380 dam
284 2347 544 2391 magnitudinis
572 2347 746 2392 singulari
770 2359 850 2379 cum
879 2347 914 2379 vi
939 2352 977 2381 et
1000 2346 1210 2380 efficacitate
1236 2346 1452 2380 coniunctae
1469 2372 1477 2388 ‚
1504 2356 1632 2390 quem-

175 2393 370 2427 admodum
396 2400 433 2428 et
457 2395 601 2428 litterae
627 2406 747 2429 sacrae
769 2399 967 2436 testantur,
1002 2399 1106 2428 esset.
1134 2399 1243 2440 atque
1268 2394 1336 2427 hac
1363 2404 1449 2427 sane
1476 2392 1521 2425 de
1547 2403 1634 2425 cau-

175 2451 217 2475 sa
240 2441 406 2475 videmus
448 2447 486 2475 et
510 2442 603 2476 aeris
641 2442 864 2475 adfectiones
893 2447 1004 2475 certas
1031 2442 1206 2483 existere,
1235 2440 1539 2487 quemadmodum
1566 2439 1632 2472 de-

177 2488 316 2523 clarant
342 2494 488 2522 exortae
514 2501 772 2535 saepenumero
798 2489 978 2522 novilunii
1001 2494 1164 2534 tempore
1195 2488 1239 2522 de
1264 2501 1397 2522 summa
1422 2486 1632 2532 tranquilli-

176 2540 274 2577 tate,
314 2542 504 2570 ventorum
544 2538 703 2570 omnium
740 2542 908 2582 experte,
941 2536 1232 2582 perturbationes
1278 2537 1369 2569 afiris
1398 2535 1631 2580 repentinae,

178 2582 338 2617 nubibus
374 2584 470 2617 inter
496 2594 533 2617 se
558 2585 693 2618 collisis
719 2585 895 2630 quasique
929 2583 1215 2629 confligentibus.
1241 2583 1427 2617 declarant
1454 2587 1491 2615 et
1515 2581 1630 2614 fluxus

181 2640 222 2662 ac
245 2630 399 2664 refluxus
418 2643 588 2678 aquarum
607 2632 644 2664 in
660 2633 811 2678 euripis,
838 2631 974 2676 illaque
998 2631 1075 2676 ipsa
1099 2643 1191 2677 quae
1218 2631 1258 2664 fit
1283 2632 1320 2663 in
1338 2630 1482 2663 Oceano
1509 2628 1631 2673 (quem

181 2678 323 2723 vocant)
348 2679 453 2712 maris
494 2680 750 2724 reciprocatio,
783 2691 888 2724 quam
927 2679 1072 2723 quidem
1098 2679 1259 2712 homines
1281 2677 1462 2711 littoribus
1486 2676 1631 2709 marinis

181 2723 326 2758 finitimi
351 2737 415 2772 per
442 2731 550 2760 statas
577 2727 670 2761 vices
696 2727 803 2760 lunae
836 2727 1002 2761 circuitus
1027 2728 1129 2774 sequi
1154 2724 1480 2773 deprehenderunt.
1508 2723 1638 2769 baete-A
