1826 3120
61 579 72 595 Ο

626 94 911 181 mmmm
942 126 1078 169 PARS
1109 128 1144 168 1.
1538 109 1612 177 45

160 229 319 285 μέτρου
361 231 587 286 δεχομένην
614 226 777 285 αὖγοίς,
816 227 874 280 ὥς
911 232 1104 273 ἐντεῦθεν
1132 230 1180 274 τὸ
1210 226 1356 272 λοιπὸν
1381 230 1510 283 μέρος
1538 232 1617 272 τοῦ

163 296 331 351 δίσκου,
359 294 406 338 τὸ
436 298 596 353 &qma-3
622 297 813 352 δηλονότι
839 296 913 339 καὶ
937 290 1134 351 ὄπισθεν,
1163 295 1615 354 κατανοεῖσθαιοῖφοᾶ-

160 378 307 406 τιστον.
864 373 870 379 “

261 426 353 474 Ὅτι
384 433 431 473 δὲ
469 433 604 474 ταῦτα
648 426 785 480 οὕτως
811 428 924 484 ἔχει,
969 432 1043 472 καὶ
1072 426 1135 472 ὅτι
1163 431 1207 482 ἐξ
1237 428 1357 485 ἡλίου
1386 428 1434 471 τὸ
1467 430 1558 486 φῶς
1587 429 1615 484 ἦ

132 496 313 554 5σελήνη
344 499 601 551 δανείζεται,
631 498 780 553 σαφῶς
818 493 904 553 ἄρα
931 498 1052 538 τοῦτο
1079 494 1200 554 μάθῃ
1230 513 1293 546 τις
1321 492 1374 538 ἄν
1401 499 1445 548 ἐξ
1474 496 1615 538 αὐτῶν

161 566 246 606 τῶν
275 566 349 619 τῆς
378 561 548 619 σελήνης
577 564 818 617 ἐκλείψεων.
876 564 949 604 καί
972 564 1061 612 πῶς
1089 557 1226 604 ἄκουε.
1257 561 1361 604 κατὰ
1393 560 1617 617 διάμετρον

161 629 200 672 οἱ
228 633 449 686 φωστῆρες
471 626 694 685 ἑστήκασι,
732 627 886 683 μεταξύ
922 630 970 672 δὲ
996 627 1153 671 τούτων
1180 627 1282 672 αὕτὸ
1312 629 1360 670 τό
1391 629 1513 682 σῶμα
1541 630 1616 683 τῆς

158 697 235 751 γῆς
270 694 534 753 α’πῃώρηται.
605 693 650 738 αἱ
679 694 854 750 ἡλιακαί
896 695 1038 738 τοίνυν
1066 695 1230 744 ἀκτῖνες
1259 692 1423 750 ὄρμῶσι
1451 697 1530 748 μὲν
1558 693 1617 742 (ὃς

161 760 261 813 ἔθος
289 763 619 818 διαβιβασθήναι
657 761 730 804 καί
776 764 835 820 τῷ
873 763 1078 820 σεληναίῳ
1120 763 1249 820 δίσκῳ
1277 763 1512 819 χορηγῆσαι
1539 758 1615 814 τήν

101 827 394 885 ιοέλλαμψιν,
437 828 487 870 οὖ
527 828 743 885 φθάνουσι
784 830 831 870 δὲ
869 823 980 882 ὅμως
1021 830 1155 871 ἐκεῖσε
1182 831 1432 881 καταλαβεῖν
1460 823 1535 868 ἅτε
1561 824 1612 882 δή

156 893 492 949 μεσολαβοῦντός
519 911 607 944 πως
643 896 718 936 καί
743 893 1097 950 οἷντιφράττοντος
1138 897 1216 937 τοῦ
1242 895 1316 950 τῆς
1341 895 1441 949 γῆς,
1471 893 1527 942 αἶς
1555 892 1615 935 εἴ-

1627 783 1658 817 D

158 977 312 1015 πομεν,
348 960 560 1015 σώματος.
639 961 713 1003 καί
761 958 821 1015 μή
849 976 922 1013 μοι
970 961 1063 1014 λέγε
1097 959 1154 1009 ὥς
1194 958 1280 1014 εἴγε
1305 962 1440 1002 ταῦτα
1468 962 1615 1002 τοῦτον
1660 990 1663 992 >

156 1026 248 1082 ἔχει
280 1026 352 1071 τὸν
394 1027 576 1083 τρόπον,
613 1027 682 1070 ἵνα
721 1028 767 1069 τί
788 1024 848 1082 μὴ
892 1027 988 1069 καθ’
1017 1027 1190 1068 ἕκαστον
1229 1026 1457 1081 διάμετρον
1487 1025 1513 1082 ἦ
1541 1029 1614 1082 τῆς

156 1093 332 1150 σελήνης
360 1092 545 1148 ἔκλειψις
572 1099 758 1150 γίνεταις
787 1093 886 1135 οὐδὲ
905 1091 988 1148 γὰρ
1011 1090 1253 1148 ἐπιτηδείως
1280 1091 1368 1147 ἔχω
1394 1094 1495 1148 περὶ
1515 1093 1611 1134 τού-

97 1166 228 1207 15του
271 1160 378 1203 κατὰ
418 1159 464 1204 τὸ
513 1159 647 1217 παρὸν
693 1156 999 1217 ἀποκρίνεσθαί
1021 1175 1116 1203 σοι·
1182 1161 1256 1202 καί
1283 1158 1430 1202 τούτου
1477 1158 1612 1202 ἕνεκεν

157 1227 387 1282 σύγγνωθι.
446 1226 484 1271 οἱ
510 1227 591 1284 γὰρ
621 1227 722 1282 περὶ
748 1226 801 1270 τοὶ
832 1228 1008 1270 τοιαῦτα
1035 1224 1321 1282 ἦσχολημένοι
1348 1227 1612 1280 συνδέσμους

155 1293 274 1344 τινας
303 1293 584 1345 ἐκλειπτικούς
613 1290 723 1336 οὕτω
748 1297 1031 1347 καλουμένους
1059 1296 1104 1336 ἐν
1134 1298 1226 1342 ταῖς
1251 1291 1611 1348 συνοδοπανσελή-

155 1376 242 1409 νοις
268 1362 313 1412 ἐξ
342 1360 520 1417 ἀνάγκης
547 1360 861 1418 προσγίνεσθαι.
904 1361 1005 1403 ου’δὲ
1033 1359 1114 1416 γὰρ
1146 1359 1193 1401 τὸ
1223 1361 1346 1414 σῶμα
1374 1359 1502 1413 μόνον
1530 1357 1611 1401 εἴτε

154 1428 228 1481 τῆς
271 1426 468 1482 σελήνης,
510 1427 568 1479 ὥς
612 1428 685 1471 ἐπὶ
709 1429 785 1470 τοῦ
814 1425 963 1483 ἡλίου,
1001 1426 1085 1470 εἴτε
1122 1429 1196 1483 τῆς
1232 1429 1331 1483 γῆς,
1361 1425 1419 1476 ὥς
1444 1427 1515 1468 ε’πί
1540 1427 1611 1481 τῆς

92 1510 144 1536 20
157 1490 356 1548 σελήνης,
406 1494 656 1550 ἀντίφραξιν
697 1496 873 1549 ποιῆσαι
904 1494 1101 1548 δύναται,
1138 1496 1180 1538 εἰ
1203 1493 1265 1550 μή
1290 1508 1372 1535 που
1406 1494 1480 1536 καί
1509 1493 1611 1535 σύν-

159 1559 311 1614 δεσμός
343 1576 404 1610 τις
434 1560 690 1611 ἐκλειπτικὰς
717 1562 849 1603 ἐκεῖσε
879 1560 1104 1617 εὑρεθείη,
1134 1561 1193 1612 ὥς
1225 1556 1417 1616 ἄγονται.

250 1707 303 1730 20.
329 1695 513 1732 δύνανται
535 1697 571 1732 Ρ.
666 1707 720 1729 21.
746 1694 922 1745 ἄγονται]
952 1695 1135 1743 ἧγηνταιῒ

160 1834 279 1881 τοᾲἰοε
303 1833 455 1878 excipit3
480 1845 551 1880 qua
574 1834 620 1867 de
647 1845 754 1867 causa
784 1845 865 1878 pars
900 1834 998 1878 globi
1026 1835 1103 1867 eius
1130 1834 1289 1880 reliqua,
1314 1834 1380 1868 sub
1406 1835 1613 1881 adspectum

158 1888 319 1916 nostrum
353 1880 452 1914 haud
483 1881 639 1923 cadens,
678 1881 845 1914 nimirum
871 1882 1067 1926 posterior,
1107 1892 1183 1915 esse
1207 1882 1298 1916 lucis
1325 1893 1449 1928 expers
1477 1885 1616 1917 iutelli-

159 1931 265 1976 gitur.
1491 1935 1494 1937 ’

252 1977 351 2010 Haec
376 1975 428 2009 ita
456 1986 494 2008 se
519 1975 677 2016 habere,
700 1975 895 2020 lunamque
920 1974 1011 2008 adeo
1042 1975 1159 2008 lucem
1183 1986 1205 2008 a
1231 1977 1308 2010 sole
1332 1978 1434 2023 quasi
1462 1989 1618 2011 commo-

160 2025 244 2059 dato
271 2034 421 2068 capere,
449 2022 495 2056 de
521 2023 607 2068 ipsis
634 2023 742 2056 lunae
772 2021 977 2056 defectibus
1014 2023 1295 2057 animadvertere
1322 2025 1402 2069 quis
1427 2032 1556 2070 potest.
1580 2027 1619 2059 id

159 2079 278 2106 autem
301 2070 364 2117 qui
389 2071 471 2112 fiat,
501 2071 635 2115 accipe.
674 2076 757 2103 sunt
784 2070 823 2103 id
851 2070 1020 2115 temporis
1059 2069 1148 2103 haec
1173 2071 1365 2105 luminaria
1389 2072 1459 2107 sibi
1485 2084 1528 2105 ex
1553 2073 1618 2106 ad-

158 2131 258 2154 verso
290 2124 423 2152 rectam
461 2117 509 2151 ad
542 2118 678 2151 lineam
709 2118 900 2163 opposita,
936 2124 1124 2162 terraeque
1150 2129 1278 2163 corpus
1304 2120 1400 2152 inter
1426 2130 1467 2152 ea
1496 2120 1617 2154 medio

159 2168 262 2212 quasi
288 2167 369 2200 loeo
409 2165 556 2211 pendet.
585 2166 708 2211 itaque
734 2165 827 2198 radii
852 2165 985 2198 solares
1019 2176 1083 2209 pro
1103 2176 1202 2198 more
1230 2177 1294 2199 suo
1316 2173 1507 2211 penetrare
1534 2169 1618 2213 qui-

160 2214 240 2248 dem
266 2214 324 2247 illi
349 2219 526 2247 conantur
546 2213 726 2259 lunaeque
752 2213 860 2256 globo
890 2212 1118 2257 splendorem
1141 2213 1336 2257 impertiri:
1364 2225 1485 2247 verum
1509 2216 1617 2248 mini-

158 2274 215 2295 me
240 2261 287 2295 ad
312 2261 415 2295 illum
445 2260 649 2306 pertingere
681 2266 832 2306 possunt
869 2265 1016 2304 propter
1046 2260 1298 2302 interiectum,
1339 2271 1405 2294 ceu
1432 2261 1587 2295 diximus
1605 2288 1616 2304 ‚

159 2315 276 2342 terrae
300 2320 450 2353 corpus,
495 2308 595 2354 quod
622 2309 692 2341 iter
715 2308 801 2352 ipsis
840 2307 1004 2341 obstruit.
1036 2317 1104 2340 nec
1124 2305 1283 2341 obiicere
1312 2308 1418 2342 nobis
1444 2309 1512 2342 hoc
1537 2310 1616 2343 loco

159 2356 286 2396 debes,
325 2355 559 2401 quamobrem
596 2367 671 2388 non
699 2355 781 2395 fiat,
818 2354 996 2399 siquidem
1027 2354 1078 2387 ita
1113 2365 1168 2388 res
1194 2361 1395 2400 comparata
1420 2359 1484 2397 sit,
1509 2357 1616 2390 lunae

159 2404 320 2437 defectus
344 2404 382 2436 in
408 2402 575 2449 qualibet
598 2402 644 2436 ad
671 2408 802 2436 rectam
827 2402 959 2435 lineam
977 2402 1217 2447 oppositione.
1242 2414 1326 2436 uam
1344 2402 1413 2436 hoc
1438 2405 1518 2437 loco
1542 2415 1618 2437 non

159 2452 244 2484 satis
268 2450 399 2484 idonee
427 2450 639 2495 responderi
665 2450 712 2483 ad
736 2449 775 2483 id
809 2455 930 2494 potest
946 2475 955 2489 ‚
983 2449 1083 2495 quod
1106 2450 1224 2495 ipsum
1246 2451 1354 2496 aequi
1378 2451 1537 2497 bonique
1562 2452 1618 2484 fa·

160 2498 242 2532 cies.
281 2498 416 2531 etenim
451 2497 616 2531 homines
653 2498 692 2531 in
727 2497 826 2530 hisce
861 2496 1062 2542 disciplinis
1097 2498 1284 2531 exercitati
1317 2498 1466 2531 tradunt
1501 2498 1616 2532 nodos

160 2545 333 2590 quosdam
358 2546 544 2590 eclipticus
566 2545 631 2591 (sie
658 2545 753 2578 enim
781 2544 982 2589 appellant)
1011 2544 1051 2578 in
1079 2545 1345 2590 congressibus,
1369 2546 1431 2591 qui
1455 2546 1617 2591 plenilu-

161 2592 215 2624 nii
242 2598 402 2638 tempore
433 2592 544 2634 fiunt,
569 2603 827 2637 nonuunquam
862 2592 1084 2636 permisceri,
1112 2603 1227 2638 eoque
1253 2592 1360 2626 modo
1383 2593 1469 2626 solis
1496 2605 1536 2625 ac
1561 2594 1618 2625 lu-

162 2649 230 2672 nae
254 2639 416 2674 defectus
441 2641 641 2674 necessario
666 2639 838 2673 accidere.
866 2650 932 2672 nec
958 2639 1052 2672 enim
1075 2640 1190 2672 solum
1211 2651 1339 2685 corpus
1363 2640 1438 2673 sive
1454 2641 1540 2674 solis
1568 2641 1618 2673 si-

161 2696 205 2718 ve
240 2685 345 2721 lunae
382 2687 650 2732 oppositionem
689 2686 781 2720 hanc
808 2687 950 2719 efficere
976 2692 1115 2732 potest,
1151 2688 1182 2720 si
1210 2699 1283 2719 non
1309 2686 1446 2721 ibidem
1471 2698 1616 2735 quoque

163 2731 279 2767 nodus
303 2734 448 2780 quidam
473 2734 659 2781 eclipticus
683 2734 882 2781 reperiatur
897 2759 907 2775 ,
931 2734 984 2768 uti
1009 2734 1080 2768 iam
1107 2733 1354 2768 indicavimus.

1624 1527 1656 1561 P.
1670 1537 1716 1570 ²4
