<?xml version="1.0" encoding="UTF-8"?>
<!DOCTYPE html PUBLIC "-//W3C//DTD XHTML 1.0 Transitional//EN"
    "http://www.w3.org/TR/xhtml1/DTD/xhtml1-transitional.dtd">
<html xmlns="http://www.w3.org/1999/xhtml" xml:lang="en" lang="en">
 <head>
  <title>
</title>
<meta http-equiv="Content-Type" content="text/html;charset=utf-8" />
  <meta name='ocr-system' content='tesseract 3.04.00' />
  <meta name='ocr-capabilities' content='ocr_page ocr_carea ocr_par ocr_line ocrx_word'/>
</head>
<body>
  <div class='ocr_page' id='page_1' title='image "./corpusscriptorum37niebuoft_0189.png"; bbox 0 0 1826 3120; ppageno 0'>
   <div class='ocr_carea' id='block_1_1' title="bbox 630 55 1608 140">
    <p class='ocr_par' dir='ltr' id='par_1_1' title="bbox 630 55 1608 140">
     <span class='ocr_line' id='line_1_1' title="bbox 630 55 1608 140; baseline -0.001 -18"><span class='ocrx_word' id='word_1_1' title='bbox 630 82 912 124; x_wconf 70' lang='lat' dir='ltr'><strong>ANNAmUM</strong></span> <span class='ocrx_word' id='word_1_2' title='bbox 954 55 1088 124; x_wconf 49' lang='lat' dir='ltr'><strong>pins</strong></span> <span class='ocrx_word' id='word_1_3' title='bbox 1128 85 1161 123; x_wconf 90' lang='lat'><strong>1.</strong></span> <span class='ocrx_word' id='word_1_4' title='bbox 1489 67 1608 140; x_wconf 76' lang='lat'>&#39;167</span> 
     </span>
    </p>
   </div>
   <div class='ocr_carea' id='block_1_2' title="bbox 106 176 1726 1623">
    <p class='ocr_par' dir='ltr' id='par_1_2' title="bbox 106 176 1726 1623">
     <span class='ocr_line' id='line_1_2' title="bbox 169 176 1618 238; baseline 0.002 -15"><span class='ocrx_word' id='word_1_5' title='bbox 169 178 251 236; x_wconf 74' lang='grc' dir='ltr'><strong>γὰρ</strong></span> <span class='ocrx_word' id='word_1_6' title='bbox 280 178 347 236; x_wconf 75' lang='grc' dir='ltr'><strong>οἵᾳ</strong></span> <span class='ocrx_word' id='word_1_7' title='bbox 364 179 414 234; x_wconf 77' lang='grc' dir='ltr'><strong>δή</strong></span> <span class='ocrx_word' id='word_1_8' title='bbox 437 196 514 222; x_wconf 86' lang='grc' dir='ltr'><em>τινι</em></span> <span class='ocrx_word' id='word_1_9' title='bbox 536 182 682 237; x_wconf 75' lang='grc' dir='ltr'><em>φθορᾷ</em></span> <span class='ocrx_word' id='word_1_10' title='bbox 707 179 764 236; x_wconf 65' lang='grc' dir='ltr'><strong>μὴ</strong></span> <span class='ocrx_word' id='word_1_11' title='bbox 796 179 1064 235; x_wconf 59' lang='grc' dir='ltr'><em>ὖποκειζιιενον</em></span> <span class='ocrx_word' id='word_1_12' title='bbox 1088 176 1310 238; x_wconf 70' lang='grc' dir='ltr'><em>ἄφθαρτον</em></span> <span class='ocrx_word' id='word_1_13' title='bbox 1336 179 1618 237; x_wconf 73' lang='grc' dir='ltr'><em>ὁμολογουμέ-</em></span> 
     </span>
     <span class='ocr_line' id='line_1_3' title="bbox 171 245 409 296; baseline 0 -8"><span class='ocrx_word' id='word_1_14' title='bbox 171 261 254 296; x_wconf 79' lang='grc' dir='ltr'><strong>νως</strong></span> <span class='ocrx_word' id='word_1_15' title='bbox 285 245 409 288; x_wconf 79' lang='grc' dir='ltr'><em>ἐστίν.</em></span> 
     </span>
     <span class='ocr_line' id='line_1_4' title="bbox 228 307 1616 369; baseline 0.002 -15"><span class='ocrx_word' id='word_1_16' title='bbox 228 307 231 312; x_wconf 67' lang='grc'><strong>’</strong></span> <span class='ocrx_word' id='word_1_17' title='bbox 280 313 336 354; x_wconf 81' lang='grc' dir='ltr'><strong>Εἰ</strong></span> <span class='ocrx_word' id='word_1_18' title='bbox 372 313 419 354; x_wconf 81' lang='grc' dir='ltr'><strong>δὲ</strong></span> <span class='ocrx_word' id='word_1_19' title='bbox 455 307 697 369; x_wconf 67' lang='grc' dir='ltr'><em>ἄφθαρτον,</em></span> <span class='ocrx_word' id='word_1_20' title='bbox 735 315 823 363; x_wconf 77' lang='grc' dir='ltr'><strong>πῶς</strong></span> <span class='ocrx_word' id='word_1_21' title='bbox 859 308 944 368; x_wconf 67' lang='grc' dir='ltr'><strong>ἄρα</strong></span> <span class='ocrx_word' id='word_1_22' title='bbox 983 315 1056 355; x_wconf 78' lang='grc' dir='ltr'><strong>καὶ</strong></span> <span class='ocrx_word' id='word_1_23' title='bbox 1100 313 1194 355; x_wconf 83' lang='grc' dir='ltr'><em>τίνα</em></span> <span class='ocrx_word' id='word_1_24' title='bbox 1231 312 1383 368; x_wconf 79' lang='grc' dir='ltr'><strong><em>τρόπον</em></strong></span> <span class='ocrx_word' id='word_1_25' title='bbox 1427 311 1616 369; x_wconf 75' lang='grc' dir='ltr'><em>ἔπασχε,</em></span> 
     </span>
     <span class='ocr_line' id='line_1_5' title="bbox 154 375 1621 436; baseline 0.001 -15"><span class='ocrx_word' id='word_1_26' title='bbox 154 377 298 423; x_wconf 13' lang='grc' dir='ltr'><strong>γτοῦτο</strong></span> <span class='ocrx_word' id='word_1_27' title='bbox 326 381 482 431; x_wconf 82' lang='grc' dir='ltr'><em>μαθεῖν</em></span> <span class='ocrx_word' id='word_1_28' title='bbox 512 379 720 431; x_wconf 78' lang='grc' dir='ltr'><em>α’ξιοῦμεν.</em></span> <span class='ocrx_word' id='word_1_29' title='bbox 762 379 884 434; x_wconf 79' lang='grc' dir='ltr'><em>ἡμεῖς</em></span> <span class='ocrx_word' id='word_1_30' title='bbox 910 377 989 433; x_wconf 76' lang='grc' dir='ltr'><strong>γάρ</strong></span> <span class='ocrx_word' id='word_1_31' title='bbox 1023 379 1100 434; x_wconf 69' lang='grc' dir='ltr'><strong>ἀφ’</strong></span> <span class='ocrx_word' id='word_1_32' title='bbox 1126 375 1289 421; x_wconf 73' lang='grc' dir='ltr'><em>ἑαυτῶν</em></span> <span class='ocrx_word' id='word_1_33' title='bbox 1316 382 1508 436; x_wconf 78' lang='grc' dir='ltr'><em>ἐννοῆσαι</em></span> <span class='ocrx_word' id='word_1_34' title='bbox 1531 385 1621 430; x_wconf 78' lang='grc' dir='ltr'><strong>πῶς</strong></span> 
     </span>
     <span class='ocr_line' id='line_1_6' title="bbox 118 441 1619 503; baseline 0.001 -15"><span class='ocrx_word' id='word_1_35' title='bbox 118 442 379 490; x_wconf 83' lang='grc' dir='ltr'><em>,5ὖπέπιπτε</em></span> <span class='ocrx_word' id='word_1_36' title='bbox 418 444 573 487; x_wconf 81' lang='grc' dir='ltr'><em>πάθεσι</em></span> <span class='ocrx_word' id='word_1_37' title='bbox 611 447 735 498; x_wconf 76' lang='grc' dir='ltr'><em>σῶμα</em></span> <span class='ocrx_word' id='word_1_38' title='bbox 786 445 924 500; x_wconf 78' lang='grc' dir='ltr'><em>πάσης</em></span> <span class='ocrx_word' id='word_1_39' title='bbox 966 441 1281 500; x_wconf 72' lang='grc' dir='ltr'><em>ἀπηλλαγμένον</em></span> <span class='ocrx_word' id='word_1_40' title='bbox 1321 449 1511 503; x_wconf 82' lang='grc' dir='ltr'><em>φθορᾶς,</em></span> <span class='ocrx_word' id='word_1_41' title='bbox 1544 449 1619 489; x_wconf 82' lang='grc' dir='ltr'><em>ου’κ</em></span> 
     </span>
     <span class='ocr_line' id='line_1_7' title="bbox 170 508 1622 565; baseline 0.001 -13"><span class='ocrx_word' id='word_1_42' title='bbox 170 510 297 563; x_wconf 78' lang='grc' dir='ltr'><em>ἐσμὲν</em></span> <span class='ocrx_word' id='word_1_43' title='bbox 325 508 492 562; x_wconf 83' lang='grc' dir='ltr'><em>ἱκανοί,</em></span> <span class='ocrx_word' id='word_1_44' title='bbox 538 511 610 552; x_wconf 83' lang='grc' dir='ltr'><em>καί</em></span> <span class='ocrx_word' id='word_1_45' title='bbox 641 509 710 552; x_wconf 70' lang='grc' dir='ltr'><strong>διὰ</strong></span> <span class='ocrx_word' id='word_1_46' title='bbox 751 514 875 552; x_wconf 76' lang='grc' dir='ltr'><em>τοῦτο</em></span> <span class='ocrx_word' id='word_1_47' title='bbox 908 512 1233 565; x_wconf 80' lang='grc' dir='ltr'><em>παρακαλοῦμεν</em></span> <span class='ocrx_word' id='word_1_48' title='bbox 1259 516 1427 564; x_wconf 82' lang='grc' dir='ltr'><em>μαθεῖν.</em></span> <span class='ocrx_word' id='word_1_49' title='bbox 1484 508 1546 554; x_wconf 79' lang='grc' dir='ltr'><strong>ὅτι</strong></span> <span class='ocrx_word' id='word_1_50' title='bbox 1575 515 1622 555; x_wconf 78' lang='grc' dir='ltr'><strong>δὲ</strong></span> 
     </span>
     <span class='ocr_line' id='line_1_8' title="bbox 170 569 1726 634; baseline 0.003 -15"><span class='ocrx_word' id='word_1_51' title='bbox 170 569 393 631; x_wconf 70' lang='grc' dir='ltr'><em>ἄφθαρτον</em></span> <span class='ocrx_word' id='word_1_52' title='bbox 441 578 573 618; x_wconf 77' lang='grc' dir='ltr'><em>ἐκεῖνο</em></span> <span class='ocrx_word' id='word_1_53' title='bbox 614 574 661 618; x_wconf 86' lang='grc' dir='ltr'>τὸ</span> <span class='ocrx_word' id='word_1_54' title='bbox 707 579 830 628; x_wconf 77' lang='grc' dir='ltr'><em>σῶμα</em></span> <span class='ocrx_word' id='word_1_55' title='bbox 871 578 945 617; x_wconf 83' lang='grc' dir='ltr'>καί</span> <span class='ocrx_word' id='word_1_56' title='bbox 987 573 1200 618; x_wconf 80' lang='grc' dir='ltr'><em>α’θοένατον</em></span> <span class='ocrx_word' id='word_1_57' title='bbox 1246 573 1321 631; x_wconf 76' lang='grc' dir='ltr'><strong>ἦν,</strong></span> <span class='ocrx_word' id='word_1_58' title='bbox 1362 578 1383 619; x_wconf 81' lang='grc' dir='ltr'><strong><em>ὅ</em></strong></span> <span class='ocrx_word' id='word_1_59' title='bbox 1414 578 1726 634; x_wconf 78' lang='grc' dir='ltr'><em>μακάριοςΡ.88</em></span> 
     </span>
     <span class='ocr_line' id='line_1_9' title="bbox 173 639 1620 700; baseline 0.002 -17"><span class='ocrx_word' id='word_1_60' title='bbox 173 639 307 694; x_wconf 54' lang='lat' dir='ltr'><strong>&amp;defga</strong></span> <span class='ocrx_word' id='word_1_61' title='bbox 354 643 567 696; x_wconf 78' lang='grc' dir='ltr'><em>Κύριλλος</em></span> <span class='ocrx_word' id='word_1_62' title='bbox 614 643 659 684; x_wconf 79' lang='grc' dir='ltr'><strong>ἐν</strong></span> <span class='ocrx_word' id='word_1_63' title='bbox 698 644 755 700; x_wconf 72' lang='grc' dir='ltr'><strong>τῷ</strong></span> <span class='ocrx_word' id='word_1_64' title='bbox 789 643 848 691; x_wconf 78' lang='grc' dir='ltr'><strong>εἰς</strong></span> <span class='ocrx_word' id='word_1_65' title='bbox 877 640 953 696; x_wconf 65' lang='grc' dir='ltr'><strong>τήν</strong></span> <span class='ocrx_word' id='word_1_66' title='bbox 982 643 1258 698; x_wconf 76' lang='grc' dir='ltr'><em>δημιουργίαν</em></span> <span class='ocrx_word' id='word_1_67' title='bbox 1285 646 1361 684; x_wconf 82' lang='grc' dir='ltr'><strong>τοῦ</strong></span> <span class='ocrx_word' id='word_1_68' title='bbox 1392 643 1620 700; x_wconf 73' lang='grc' dir='ltr'><em>ἀνθρώπου</em></span> 
     </span>
     <span class='ocr_line' id='line_1_10' title="bbox 154 705 1620 768; baseline 0.002 -18"><span class='ocrx_word' id='word_1_69' title='bbox 154 707 279 768; x_wconf 75' lang='grc' dir='ltr'><em>’λόγῳ</em></span> <span class='ocrx_word' id='word_1_70' title='bbox 308 710 467 762; x_wconf 63' lang='grc' dir='ltr'><em>αὐτοῦ,</em></span> <span class='ocrx_word' id='word_1_71' title='bbox 508 707 614 751; x_wconf 74' lang='grc' dir='ltr'><em>κατὰ</em></span> <span class='ocrx_word' id='word_1_72' title='bbox 659 710 769 758; x_wconf 79' lang='grc' dir='ltr'><em>λέξιν</em></span> <span class='ocrx_word' id='word_1_73' title='bbox 814 705 947 758; x_wconf 71' lang='grc' dir='ltr'><em>οὕτως</em></span> <span class='ocrx_word' id='word_1_74' title='bbox 993 708 1120 751; x_wconf 82' lang='grc' dir='ltr'><em>εἰπών</em></span> <span class='ocrx_word' id='word_1_75' title='bbox 1157 710 1403 766; x_wconf 74' lang='grc' dir='ltr'><em>,,ε’πεποίητο</em></span> <span class='ocrx_word' id='word_1_76' title='bbox 1432 713 1620 767; x_wconf 30' lang='grc' dir='ltr'><em>μὲνιτίπο</em></span> 
     </span>
     <span class='ocr_line' id='line_1_11' title="bbox 111 770 1624 833; baseline 0.003 -19"><span class='ocrx_word' id='word_1_77' title='bbox 111 777 247 830; x_wconf 76' lang='grc' dir='ltr'><strong>ιογῆς</strong></span> <span class='ocrx_word' id='word_1_78' title='bbox 277 773 323 818; x_wconf 82' lang='grc' dir='ltr'>τό</span> <span class='ocrx_word' id='word_1_79' title='bbox 370 777 493 827; x_wconf 78' lang='grc' dir='ltr'><em>σῶμα</em></span> <span class='ocrx_word' id='word_1_80' title='bbox 521 776 596 816; x_wconf 85' lang='grc' dir='ltr'><strong>τοῦ</strong></span> <span class='ocrx_word' id='word_1_81' title='bbox 633 773 798 828; x_wconf 75' lang='grc' dir='ltr'><em>Ἀδάμ,</em></span> <span class='ocrx_word' id='word_1_82' title='bbox 840 770 1010 827; x_wconf 77' lang='grc' dir='ltr'><em>ἄμεινον</em></span> <span class='ocrx_word' id='word_1_83' title='bbox 1043 777 1090 817; x_wconf 75' lang='grc' dir='ltr'><strong>δὲ</strong></span> <span class='ocrx_word' id='word_1_84' title='bbox 1129 775 1425 818; x_wconf 66' lang='grc' dir='ltr'><em>θανάτουκαὶ</em></span> <span class='ocrx_word' id='word_1_85' title='bbox 1455 780 1624 833; x_wconf 80' lang='grc' dir='ltr'><em>φθορᾶς</em></span> 
     </span>
     <span class='ocr_line' id='line_1_12' title="bbox 170 835 1625 898; baseline 0.002 -16"><span class='ocrx_word' id='word_1_86' title='bbox 170 835 250 896; x_wconf 79' lang='grc' dir='ltr'><strong>ἦν·</strong></span> <span class='ocrx_word' id='word_1_87' title='bbox 325 839 577 896; x_wconf 82' lang='grc' dir='ltr'><em>ἐνεφύτευσε</em></span> <span class='ocrx_word' id='word_1_88' title='bbox 608 840 688 896; x_wconf 84' lang='grc' dir='ltr'><strong>γὰρ</strong></span> <span class='ocrx_word' id='word_1_89' title='bbox 724 837 836 898; x_wconf 71' lang='grc' dir='ltr'><em>αὐτῷ</em></span> <span class='ocrx_word' id='word_1_90' title='bbox 864 839 943 896; x_wconf 71' lang='grc' dir='ltr'><strong>τήν</strong></span> <span class='ocrx_word' id='word_1_91' title='bbox 972 839 1083 896; x_wconf 83' lang='grc' dir='ltr'><strong>ζωὴν</strong></span> <span class='ocrx_word' id='word_1_92' title='bbox 1112 840 1134 883; x_wconf 82' lang='grc' dir='ltr'>ὅ</span> <span class='ocrx_word' id='word_1_93' title='bbox 1164 842 1237 896; x_wconf 83' lang='grc' dir='ltr'><strong>τῆς</strong></span> <span class='ocrx_word' id='word_1_94' title='bbox 1267 843 1375 897; x_wconf 82' lang='grc' dir='ltr'><em>ζωῆς</em></span> <span class='ocrx_word' id='word_1_95' title='bbox 1399 841 1625 898; x_wconf 83' lang='grc' dir='ltr'><em>χορηγός.”</em></span> 
     </span>
     <span class='ocr_line' id='line_1_13' title="bbox 169 905 1623 963; baseline 0.001 -14"><span class='ocrx_word' id='word_1_96' title='bbox 169 905 274 949; x_wconf 73' lang='grc' dir='ltr'><strong>«ἰλλὰ</strong></span> <span class='ocrx_word' id='word_1_97' title='bbox 315 910 387 948; x_wconf 85' lang='grc' dir='ltr'><strong><em>καί</em></strong></span> <span class='ocrx_word' id='word_1_98' title='bbox 434 906 455 947; x_wconf 83' lang='lat' dir='ltr'><strong>o‘</strong></span> <span class='ocrx_word' id='word_1_99' title='bbox 494 908 626 960; x_wconf 82' lang='grc' dir='ltr'><em>μέγας</em></span> <span class='ocrx_word' id='word_1_100' title='bbox 669 908 895 957; x_wconf 72' lang='grc' dir='ltr'><em>Βασιλειος</em></span> <span class='ocrx_word' id='word_1_101' title='bbox 942 907 1048 949; x_wconf 70' lang='grc' dir='ltr'><em>αὐτὸ</em></span> <span class='ocrx_word' id='word_1_102' title='bbox 1096 910 1219 950; x_wconf 75' lang='grc' dir='ltr'><em>τοῦτο</em></span> <span class='ocrx_word' id='word_1_103' title='bbox 1266 910 1483 963; x_wconf 82' lang='grc' dir='ltr'><em>παριστῶν</em></span> <span class='ocrx_word' id='word_1_104' title='bbox 1509 908 1623 963; x_wconf 84' lang='grc' dir='ltr'><em>ἔλεγε</em></span> 
     </span>
     <span class='ocr_line' id='line_1_14' title="bbox 169 968 1623 1028; baseline 0.001 -15"><span class='ocrx_word' id='word_1_105' title='bbox 169 969 363 1025; x_wconf 78' lang='grc' dir='ltr'><em>,,πλοῖσας</em></span> <span class='ocrx_word' id='word_1_106' title='bbox 396 970 464 1015; x_wconf 85' lang='grc' dir='ltr'><strong>τὸν</strong></span> <span class='ocrx_word' id='word_1_107' title='bbox 494 968 716 1028; x_wconf 74' lang='grc' dir='ltr'><em>ἄνθρωπον</em></span> <span class='ocrx_word' id='word_1_108' title='bbox 745 970 767 1013; x_wconf 79' lang='grc' dir='ltr'><strong><em>ὅ</em></strong></span> <span class='ocrx_word' id='word_1_109' title='bbox 794 972 896 1023; x_wconf 86' lang='grc' dir='ltr'><strong>θεὸς</strong></span> <span class='ocrx_word' id='word_1_110' title='bbox 937 973 1111 1016; x_wconf 79' lang='grc' dir='ltr'><em>αἰωνίου</em></span> <span class='ocrx_word' id='word_1_111' title='bbox 1142 975 1250 1028; x_wconf 81' lang='grc' dir='ltr'><strong>ζωῆς</strong></span> <span class='ocrx_word' id='word_1_112' title='bbox 1280 969 1516 1016; x_wconf 78' lang='grc' dir='ltr'><em>ἀπόλαυσιν</em></span> <span class='ocrx_word' id='word_1_113' title='bbox 1544 975 1623 1015; x_wconf 76' lang='grc' dir='ltr'><strong>αὖ·</strong></span> 
     </span>
     <span class='ocr_line' id='line_1_15' title="bbox 166 1037 1624 1096; baseline 0.001 -16"><span class='ocrx_word' id='word_1_114' title='bbox 166 1041 225 1096; x_wconf 71' lang='grc' dir='ltr'><strong>τῷ</strong></span> <span class='ocrx_word' id='word_1_115' title='bbox 253 1039 521 1092; x_wconf 79' lang='grc' dir='ltr'><em>ἐχαρίσατο.”</em></span> <span class='ocrx_word' id='word_1_116' title='bbox 588 1037 693 1095; x_wconf 85' lang='grc' dir='ltr'><strong>πρὸς</strong></span> <span class='ocrx_word' id='word_1_117' title='bbox 742 1041 788 1082; x_wconf 76' lang='grc' dir='ltr'><strong>δέ</strong></span> <span class='ocrx_word' id='word_1_118' title='bbox 810 1055 856 1094; x_wconf 83' lang='grc' dir='ltr'><strong>γε</strong></span> <span class='ocrx_word' id='word_1_119' title='bbox 883 1046 971 1088; x_wconf 83' lang='grc' dir='ltr'><strong>τοῖς</strong></span> <span class='ocrx_word' id='word_1_120' title='bbox 1007 1039 1240 1095; x_wconf 79' lang='grc' dir='ltr'><em>εἰρημένοις</em></span> <span class='ocrx_word' id='word_1_121' title='bbox 1262 1041 1334 1081; x_wconf 84' lang='grc' dir='ltr'>καί</span> <span class='ocrx_word' id='word_1_122' title='bbox 1364 1037 1384 1080; x_wconf 83' lang='grc' dir='ltr'><em>ὃ</em></span> <span class='ocrx_word' id='word_1_123' title='bbox 1410 1037 1624 1089; x_wconf 83' lang='grc' dir='ltr'><em>θειότατος</em></span> 
     </span>
     <span class='ocr_line' id='line_1_16' title="bbox 109 1101 1623 1162; baseline 0.001 -18"><span class='ocrx_word' id='word_1_124' title='bbox 109 1105 156 1146; x_wconf 87' lang='lat'><strong>15</strong></span> <span class='ocrx_word' id='word_1_125' title='bbox 169 1101 383 1159; x_wconf 77' lang='grc' dir='ltr'><em>Βαρλαὰμ</em></span> <span class='ocrx_word' id='word_1_126' title='bbox 415 1101 523 1146; x_wconf 68' lang='grc' dir='ltr'><strong>οὕτω</strong></span> <span class='ocrx_word' id='word_1_127' title='bbox 553 1103 654 1159; x_wconf 87' lang='grc' dir='ltr'><strong>πρὸς</strong></span> <span class='ocrx_word' id='word_1_128' title='bbox 676 1103 863 1162; x_wconf 77' lang='grc' dir='ltr'><em>Ἰωάσαφ</em></span> <span class='ocrx_word' id='word_1_129' title='bbox 895 1102 1072 1161; x_wconf 72' lang='grc' dir='ltr'><em>εὕρηται</em></span> <span class='ocrx_word' id='word_1_130' title='bbox 1100 1107 1232 1159; x_wconf 78' lang='grc' dir='ltr'><em>λέγων</em></span> <span class='ocrx_word' id='word_1_131' title='bbox 1259 1103 1356 1158; x_wconf 59' lang='grc' dir='ltr'><strong>»τὸν</strong></span> <span class='ocrx_word' id='word_1_132' title='bbox 1388 1105 1458 1146; x_wconf 80' lang='grc' dir='ltr'><strong>ἄπ’</strong></span> <span class='ocrx_word' id='word_1_133' title='bbox 1485 1102 1623 1160; x_wconf 70' lang='grc' dir='ltr'><em>ἀρχῆς</em></span> 
     </span>
     <span class='ocr_line' id='line_1_17' title="bbox 168 1165 1621 1229; baseline 0.001 -17"><span class='ocrx_word' id='word_1_134' title='bbox 168 1165 393 1226; x_wconf 75' lang='grc' dir='ltr'><em>ἄνθρωπον</em></span> <span class='ocrx_word' id='word_1_135' title='bbox 436 1169 457 1213; x_wconf 82' lang='grc' dir='ltr'><em>ὃ</em></span> <span class='ocrx_word' id='word_1_136' title='bbox 486 1170 582 1221; x_wconf 86' lang='grc' dir='ltr'><strong>θεὸς</strong></span> <span class='ocrx_word' id='word_1_137' title='bbox 615 1170 948 1227; x_wconf 76' lang='grc' dir='ltr'><em>αὖτεξουσιότητι</em></span> <span class='ocrx_word' id='word_1_138' title='bbox 993 1173 1067 1213; x_wconf 83' lang='grc' dir='ltr'><strong><em>καί</em></strong></span> <span class='ocrx_word' id='word_1_139' title='bbox 1094 1172 1308 1229; x_wconf 73' lang='grc' dir='ltr'><em>ἀθανασίᾳ</em></span> <span class='ocrx_word' id='word_1_140' title='bbox 1335 1170 1511 1227; x_wconf 76' lang='grc' dir='ltr'><em>τιμήσας</em></span> <span class='ocrx_word' id='word_1_141' title='bbox 1540 1175 1621 1225; x_wconf 88' lang='grc' dir='ltr'><strong>βα-</strong></span> 
     </span>
     <span class='ocr_line' id='line_1_18' title="bbox 167 1234 1657 1293; baseline -0.001 -14"><span class='ocrx_word' id='word_1_142' title='bbox 167 1236 289 1279; x_wconf 84' lang='grc' dir='ltr'><em>σιλέα</em></span> <span class='ocrx_word' id='word_1_143' title='bbox 337 1234 504 1279; x_wconf 80' lang='grc' dir='ltr'><em>πάντων</em></span> <span class='ocrx_word' id='word_1_144' title='bbox 530 1240 611 1279; x_wconf 78' lang='grc' dir='ltr'><strong>τῶν</strong></span> <span class='ocrx_word' id='word_1_145' title='bbox 647 1240 838 1292; x_wconf 77' lang='grc' dir='ltr'><em>ἐπιγείων</em></span> <span class='ocrx_word' id='word_1_146' title='bbox 867 1239 1152 1293; x_wconf 79' lang='grc' dir='ltr'><em>κατέστησεν.”</em></span> <span class='ocrx_word' id='word_1_147' title='bbox 1208 1238 1298 1279; x_wconf 75' lang='grc' dir='ltr'><em>ἀλλ’</em></span> <span class='ocrx_word' id='word_1_148' title='bbox 1327 1234 1405 1293; x_wconf 72' lang='grc' dir='ltr'><strong>ὅρα</strong></span> <span class='ocrx_word' id='word_1_149' title='bbox 1423 1271 1434 1290; x_wconf 87' lang='grc'>,</span> <span class='ocrx_word' id='word_1_150' title='bbox 1463 1237 1536 1279; x_wconf 78' lang='grc' dir='ltr'>καί</span> <span class='ocrx_word' id='word_1_151' title='bbox 1558 1236 1657 1291; x_wconf 78' lang='grc' dir='ltr'><strong>μὴΒ</strong></span> 
     </span>
     <span class='ocr_line' id='line_1_19' title="bbox 169 1300 1619 1359; baseline 0 -15"><span class='ocrx_word' id='word_1_152' title='bbox 169 1305 389 1359; x_wconf 79' lang='grc' dir='ltr'><em>παρέργως</em></span> <span class='ocrx_word' id='word_1_153' title='bbox 434 1305 614 1358; x_wconf 80' lang='grc' dir='ltr'><em>ἐπέρχου</em></span> <span class='ocrx_word' id='word_1_154' title='bbox 644 1302 696 1345; x_wconf 76' lang='grc' dir='ltr'><strong>τά</strong></span> <span class='ocrx_word' id='word_1_155' title='bbox 740 1305 916 1346; x_wconf 79' lang='grc' dir='ltr'><em>τοιαῦτα</em></span> <span class='ocrx_word' id='word_1_156' title='bbox 945 1308 1045 1346; x_wconf 82' lang='grc' dir='ltr'><em>θεῖα</em></span> <span class='ocrx_word' id='word_1_157' title='bbox 1075 1304 1196 1359; x_wconf 77' lang='grc' dir='ltr'><em>ῥητά.</em></span> <span class='ocrx_word' id='word_1_158' title='bbox 1255 1300 1345 1357; x_wconf 74' lang='grc' dir='ltr'><strong>ἅμα</strong></span> <span class='ocrx_word' id='word_1_159' title='bbox 1373 1307 1450 1356; x_wconf 81' lang='grc' dir='ltr'><strong>μὲν</strong></span> <span class='ocrx_word' id='word_1_160' title='bbox 1483 1303 1564 1358; x_wconf 74' lang='grc' dir='ltr'><strong>γάρ</strong></span> <span class='ocrx_word' id='word_1_161' title='bbox 1596 1301 1619 1344; x_wconf 86' lang='lat'><strong>0‘</strong></span> 
     </span>
     <span class='ocr_line' id='line_1_20' title="bbox 170 1367 1620 1425; baseline 0 -15"><span class='ocrx_word' id='word_1_162' title='bbox 170 1371 262 1411; x_wconf 87' lang='grc' dir='ltr'><em>κατ’</em></span> <span class='ocrx_word' id='word_1_163' title='bbox 289 1370 431 1411; x_wconf 82' lang='grc' dir='ltr'><em>εἰκόνα</em></span> <span class='ocrx_word' id='word_1_164' title='bbox 476 1369 705 1425; x_wconf 84' lang='grc' dir='ltr'><em>παρήγετο,</em></span> <span class='ocrx_word' id='word_1_165' title='bbox 744 1373 818 1411; x_wconf 82' lang='grc' dir='ltr'><strong>καί</strong></span> <span class='ocrx_word' id='word_1_166' title='bbox 846 1367 936 1423; x_wconf 77' lang='grc' dir='ltr'><strong>ἅμα</strong></span> <span class='ocrx_word' id='word_1_167' title='bbox 964 1372 1035 1424; x_wconf 75' lang='grc' dir='ltr'><strong>τῆς</strong></span> <span class='ocrx_word' id='word_1_168' title='bbox 1064 1370 1437 1425; x_wconf 74' lang='grc' dir='ltr'><em>αὖτεξουσιότητος</em></span> <span class='ocrx_word' id='word_1_169' title='bbox 1471 1368 1620 1425; x_wconf 73' lang='grc' dir='ltr'><em>ἠξίωτο</em></span> 
     </span>
     <span class='ocr_line' id='line_1_21' title="bbox 106 1434 1660 1489; baseline 0.001 -14"><span class='ocrx_word' id='word_1_170' title='bbox 106 1449 159 1474; x_wconf 88' lang='lat'><strong>20</strong></span> <span class='ocrx_word' id='word_1_171' title='bbox 172 1434 245 1477; x_wconf 81' lang='grc' dir='ltr'>καί</span> <span class='ocrx_word' id='word_1_172' title='bbox 268 1438 340 1489; x_wconf 80' lang='grc' dir='ltr'><strong>τῆς</strong></span> <span class='ocrx_word' id='word_1_173' title='bbox 371 1436 611 1485; x_wconf 72' lang='grc' dir='ltr'><em>ἀθανασίας</em></span> <span class='ocrx_word' id='word_1_174' title='bbox 652 1436 733 1477; x_wconf 78' lang='grc' dir='ltr'><strong>ὑπὸ</strong></span> <span class='ocrx_word' id='word_1_175' title='bbox 765 1437 879 1480; x_wconf 75' lang='grc' dir='ltr'><em>θεοῦ.</em></span> <span class='ocrx_word' id='word_1_176' title='bbox 937 1435 1010 1477; x_wconf 84' lang='grc' dir='ltr'><strong><em>καί</em></strong></span> <span class='ocrx_word' id='word_1_177' title='bbox 1046 1438 1134 1485; x_wconf 78' lang='grc' dir='ltr'><strong>πῶς</strong></span> <span class='ocrx_word' id='word_1_178' title='bbox 1165 1434 1311 1478; x_wconf 82' lang='grc' dir='ltr'><em>λοιπὸν</em></span> <span class='ocrx_word' id='word_1_179' title='bbox 1341 1436 1472 1478; x_wconf 68' lang='grc' dir='ltr'><em>αὐτὸν</em></span> <span class='ocrx_word' id='word_1_180' title='bbox 1499 1435 1623 1477; x_wconf 78' lang='grc' dir='ltr'><em>εἴπω·</em></span> <span class='ocrx_word' id='word_1_181' title='bbox 1657 1475 1660 1479; x_wconf 84' lang='grc'><em>,</em></span> 
     </span>
     <span class='ocr_line' id='line_1_22' title="bbox 168 1499 1622 1558; baseline 0 -15"><span class='ocrx_word' id='word_1_182' title='bbox 168 1517 249 1554; x_wconf 87' lang='grc' dir='ltr'><strong>μεν</strong></span> <span class='ocrx_word' id='word_1_183' title='bbox 278 1501 516 1551; x_wconf 79' lang='grc' dir='ltr'><em>α’θανασίας</em></span> <span class='ocrx_word' id='word_1_184' title='bbox 543 1499 647 1544; x_wconf 83' lang='grc' dir='ltr'><em>εἶναι</em></span> <span class='ocrx_word' id='word_1_185' title='bbox 675 1502 748 1544; x_wconf 84' lang='grc' dir='ltr'>καί</span> <span class='ocrx_word' id='word_1_186' title='bbox 784 1501 1034 1558; x_wconf 72' lang='grc' dir='ltr'><strong>θνητότητος</strong></span> <span class='ocrx_word' id='word_1_187' title='bbox 1060 1505 1265 1556; x_wconf 82' lang='grc' dir='ltr'><em>μέτοχον,·</em></span> <span class='ocrx_word' id='word_1_188' title='bbox 1309 1502 1622 1556; x_wconf 77' lang='grc' dir='ltr'><em>ἀσυλλόγιστον,</em></span> 
     </span>
     <span class='ocr_line' id='line_1_23' title="bbox 170 1564 1624 1623; baseline -0.001 -14"><span class='ocrx_word' id='word_1_189' title='bbox 170 1565 227 1616; x_wconf 75' lang='grc' dir='ltr'><strong>ὥς</strong></span> <span class='ocrx_word' id='word_1_190' title='bbox 258 1564 399 1621; x_wconf 84' lang='grc' dir='ltr'><em>οἶμαι,</em></span> <span class='ocrx_word' id='word_1_191' title='bbox 428 1570 502 1610; x_wconf 86' lang='grc' dir='ltr'><em>καί</em></span> <span class='ocrx_word' id='word_1_192' title='bbox 526 1568 647 1610; x_wconf 78' lang='grc' dir='ltr'><em>τοῦτο</em></span> <span class='ocrx_word' id='word_1_193' title='bbox 676 1571 769 1610; x_wconf 87' lang='grc' dir='ltr'><strong>λιάν</strong></span> <span class='ocrx_word' id='word_1_194' title='bbox 795 1569 921 1611; x_wconf 80' lang='grc' dir='ltr'><em>ἐστίν.</em></span> <span class='ocrx_word' id='word_1_195' title='bbox 979 1570 1019 1611; x_wconf 81' lang='grc' dir='ltr'><strong>εἰ</strong></span> <span class='ocrx_word' id='word_1_196' title='bbox 1046 1566 1126 1623; x_wconf 80' lang='grc' dir='ltr'><strong>γὰρ</strong></span> <span class='ocrx_word' id='word_1_197' title='bbox 1148 1570 1340 1623; x_wconf 75' lang='grc' dir='ltr'><em>ἐννοῆσαι</em></span> <span class='ocrx_word' id='word_1_198' title='bbox 1370 1567 1538 1622; x_wconf 77' lang='grc' dir='ltr'><em>εἴχομεν</em></span> <span class='ocrx_word' id='word_1_199' title='bbox 1559 1565 1624 1610; x_wconf 81' lang='grc' dir='ltr'><strong>ὅτι</strong></span> 
     </span>
    </p>
   </div>
   <div class='ocr_carea' id='block_1_3' title="bbox 172 1777 1622 2719">
    <p class='ocr_par' dir='ltr' id='par_1_3' title="bbox 173 1777 1622 1870">
     <span class='ocr_line' id='line_1_24' title="bbox 173 1777 1622 1824; baseline 0.001 -13"><span class='ocrx_word' id='word_1_200' title='bbox 173 1783 268 1811; x_wconf 83' lang='lat' dir='ltr'><strong>recte</strong></span> <span class='ocrx_word' id='word_1_201' title='bbox 292 1778 329 1811; x_wconf 83' lang='lat' dir='ltr'><strong>id</strong></span> <span class='ocrx_word' id='word_1_202' title='bbox 355 1777 499 1823; x_wconf 85' lang='lat' dir='ltr'><strong>quidem</strong></span> <span class='ocrx_word' id='word_1_203' title='bbox 528 1778 654 1811; x_wconf 77' lang='lat' dir='ltr'><strong>facturi</strong></span> <span class='ocrx_word' id='word_1_204' title='bbox 682 1789 825 1812; x_wconf 88' lang='lat' dir='ltr'><strong>sumus:</strong></span> <span class='ocrx_word' id='word_1_205' title='bbox 866 1791 948 1812; x_wconf 86' lang='lat' dir='ltr'><strong>nam</strong></span> <span class='ocrx_word' id='word_1_206' title='bbox 980 1779 1079 1824; x_wconf 86' lang='lat' dir='ltr'><strong>quod</strong></span> <span class='ocrx_word' id='word_1_207' title='bbox 1103 1779 1194 1812; x_wconf 88' lang='lat' dir='ltr'><strong>nulli</strong></span> <span class='ocrx_word' id='word_1_208' title='bbox 1218 1778 1419 1812; x_wconf 79' lang='lat' dir='ltr'><strong>subiectum</strong></span> <span class='ocrx_word' id='word_1_209' title='bbox 1444 1784 1499 1813; x_wconf 89' lang='lat' dir='ltr'><strong>est</strong></span> <span class='ocrx_word' id='word_1_210' title='bbox 1525 1779 1622 1812; x_wconf 85' lang='lat' dir='ltr'><strong>inte-</strong></span> 
     </span>
     <span class='ocr_line' id='line_1_25' title="bbox 173 1824 1288 1870; baseline 0 -12"><span class='ocrx_word' id='word_1_211' title='bbox 173 1825 277 1866; x_wconf 82' lang='lat' dir='ltr'><strong>ritui,</strong></span> <span class='ocrx_word' id='word_1_212' title='bbox 301 1825 398 1858; x_wconf 86' lang='lat' dir='ltr'><strong>haud</strong></span> <span class='ocrx_word' id='word_1_213' title='bbox 424 1825 535 1858; x_wconf 84' lang='lat' dir='ltr'><strong>dubie</strong></span> <span class='ocrx_word' id='word_1_214' title='bbox 561 1824 747 1858; x_wconf 85' lang='lat' dir='ltr'><strong>fatendum</strong></span> <span class='ocrx_word' id='word_1_215' title='bbox 772 1831 827 1858; x_wconf 82' lang='lat' dir='ltr'><strong>est</strong></span> <span class='ocrx_word' id='word_1_216' title='bbox 852 1826 1020 1859; x_wconf 86' lang='lat' dir='ltr'><strong>interitus</strong></span> <span class='ocrx_word' id='word_1_217' title='bbox 1049 1838 1173 1870; x_wconf 75' lang='lat' dir='ltr'><strong>expers</strong></span> <span class='ocrx_word' id='word_1_218' title='bbox 1201 1837 1288 1858; x_wconf 86' lang='lat' dir='ltr'><strong>esse.</strong></span> 
     </span>
    </p>

    <p class='ocr_par' dir='ltr' id='par_1_4' title="bbox 172 1871 1622 2719">
     <span class='ocr_line' id='line_1_26' title="bbox 265 1871 1622 1918; baseline -0.002 -14"><span class='ocrx_word' id='word_1_219' title='bbox 265 1871 405 1918; x_wconf 84' lang='lat' dir='ltr'><strong>Quodsi</strong></span> <span class='ocrx_word' id='word_1_220' title='bbox 434 1883 560 1917; x_wconf 83' lang='lat' dir='ltr'>expers</span> <span class='ocrx_word' id='word_1_221' title='bbox 590 1873 758 1905; x_wconf 79' lang='lat' dir='ltr'><strong>interitus</strong></span> <span class='ocrx_word' id='word_1_222' title='bbox 781 1873 863 1913; x_wconf 84' lang='lat' dir='ltr'><strong>fuit,</strong></span> <span class='ocrx_word' id='word_1_223' title='bbox 890 1885 962 1917; x_wconf 89' lang='lat' dir='ltr'><strong>quo</strong></span> <span class='ocrx_word' id='word_1_224' title='bbox 991 1879 1094 1917; x_wconf 85' lang='lat' dir='ltr'><strong>pacto</strong></span> <span class='ocrx_word' id='word_1_225' title='bbox 1121 1871 1266 1905; x_wconf 84' lang='lat' dir='ltr'><strong>tandem</strong></span> <span class='ocrx_word' id='word_1_226' title='bbox 1293 1871 1430 1917; x_wconf 83' lang='lat' dir='ltr'><strong>aliquid</strong></span> <span class='ocrx_word' id='word_1_227' title='bbox 1456 1872 1529 1916; x_wconf 83' lang='lat' dir='ltr'><strong>pati</strong></span> <span class='ocrx_word' id='word_1_228' title='bbox 1554 1882 1622 1916; x_wconf 88' lang='lat' dir='ltr'><strong>po..</strong></span> 
     </span>
     <span class='ocr_line' id='line_1_27' title="bbox 172 1919 1621 1964; baseline -0.001 -12"><span class='ocrx_word' id='word_1_229' title='bbox 172 1919 284 1953; x_wconf 87' lang='lat' dir='ltr'><strong>tuerit</strong></span> <span class='ocrx_word' id='word_1_230' title='bbox 320 1921 410 1952; x_wconf 86' lang='lat' dir='ltr'><strong>scire</strong></span> <span class='ocrx_word' id='word_1_231' title='bbox 446 1919 621 1963; x_wconf 88' lang='lat' dir='ltr'><strong>cupimus.</strong></span> <span class='ocrx_word' id='word_1_232' title='bbox 652 1920 783 1952; x_wconf 86' lang='lat' dir='ltr'><strong>etenim</strong></span> <span class='ocrx_word' id='word_1_233' title='bbox 814 1921 969 1963; x_wconf 79' lang='lat' dir='ltr'><strong>cogitare</strong></span> <span class='ocrx_word' id='word_1_234' title='bbox 1009 1930 1074 1964; x_wconf 90' lang='lat' dir='ltr'><strong>per</strong></span> <span class='ocrx_word' id='word_1_235' title='bbox 1098 1931 1162 1952; x_wconf 83' lang='lat' dir='ltr'><strong>nos</strong></span> <span class='ocrx_word' id='word_1_236' title='bbox 1189 1920 1304 1963; x_wconf 81' lang='lat' dir='ltr'><strong>ipsos,</strong></span> <span class='ocrx_word' id='word_1_237' title='bbox 1333 1919 1394 1963; x_wconf 90' lang='lat' dir='ltr'><strong>qui</strong></span> <span class='ocrx_word' id='word_1_238' title='bbox 1421 1928 1548 1963; x_wconf 79' lang='lat' dir='ltr'><strong>corpus</strong></span> <span class='ocrx_word' id='word_1_239' title='bbox 1577 1919 1621 1951; x_wconf 84' lang='lat' dir='ltr'><strong>ab</strong></span> 
     </span>
     <span class='ocr_line' id='line_1_28' title="bbox 172 1965 1621 2010; baseline 0 -11"><span class='ocrx_word' id='word_1_240' title='bbox 172 1967 270 1999; x_wconf 89' lang='lat' dir='ltr'><strong>omni</strong></span> <span class='ocrx_word' id='word_1_241' title='bbox 293 1966 448 2000; x_wconf 85' lang='lat' dir='ltr'><strong>liberum</strong></span> <span class='ocrx_word' id='word_1_242' title='bbox 478 1978 519 1999; x_wconf 86' lang='lat' dir='ltr'><strong>ae</strong></span> <span class='ocrx_word' id='word_1_243' title='bbox 549 1967 708 1999; x_wconf 88' lang='lat' dir='ltr'><strong>immune</strong></span> <span class='ocrx_word' id='word_1_244' title='bbox 749 1967 896 1999; x_wconf 84' lang='lat' dir='ltr'><strong>interitu</strong></span> <span class='ocrx_word' id='word_1_245' title='bbox 936 1965 1001 1999; x_wconf 84' lang='lat' dir='ltr'><strong>sub</strong></span> <span class='ocrx_word' id='word_1_246' title='bbox 1036 1966 1257 1999; x_wconf 84' lang='lat' dir='ltr'><strong>adfectiones</strong></span> <span class='ocrx_word' id='word_1_247' title='bbox 1295 1966 1423 1998; x_wconf 84' lang='lat' dir='ltr'><strong>cadere</strong></span> <span class='ocrx_word' id='word_1_248' title='bbox 1445 1967 1621 2010; x_wconf 80' lang='lat' dir='ltr'><strong>potuerit,</strong></span> 
     </span>
     <span class='ocr_line' id='line_1_29' title="bbox 172 2013 1622 2059; baseline -0.001 -12"><span class='ocrx_word' id='word_1_249' title='bbox 172 2025 246 2046; x_wconf 91' lang='lat' dir='ltr'><strong>non</strong></span> <span class='ocrx_word' id='word_1_250' title='bbox 275 2015 359 2047; x_wconf 84' lang='lat' dir='ltr'><strong>satis</strong></span> <span class='ocrx_word' id='word_1_251' title='bbox 387 2025 591 2058; x_wconf 80' lang='lat' dir='ltr'><strong>possumus3</strong></span> <span class='ocrx_word' id='word_1_252' title='bbox 632 2013 789 2059; x_wconf 84' lang='lat' dir='ltr'><strong>ideoque</strong></span> <span class='ocrx_word' id='word_1_253' title='bbox 814 2024 880 2058; x_wconf 89' lang='lat' dir='ltr'><strong>per</strong></span> <span class='ocrx_word' id='word_1_254' title='bbox 908 2013 999 2046; x_wconf 88' lang='lat' dir='ltr'><strong>alios</strong></span> <span class='ocrx_word' id='word_1_255' title='bbox 1026 2013 1093 2047; x_wconf 88' lang='lat' dir='ltr'><strong>hoc</strong></span> <span class='ocrx_word' id='word_1_256' title='bbox 1119 2014 1235 2058; x_wconf 85' lang='lat' dir='ltr'><strong>ipsum</strong></span> <span class='ocrx_word' id='word_1_257' title='bbox 1262 2014 1460 2058; x_wconf 76' lang='lat' dir='ltr'><strong>expetimus</strong></span> <span class='ocrx_word' id='word_1_258' title='bbox 1489 2024 1622 2056; x_wconf 77' lang='lat' dir='ltr'><strong>cogno-</strong></span> 
     </span>
     <span class='ocr_line' id='line_1_30' title="bbox 173 2060 1622 2106; baseline -0.001 -12"><span class='ocrx_word' id='word_1_259' title='bbox 173 2072 280 2094; x_wconf 84' lang='lat' dir='ltr'><strong>scere.</strong></span> <span class='ocrx_word' id='word_1_260' title='bbox 307 2072 434 2106; x_wconf 87' lang='lat' dir='ltr'><strong>corpus</strong></span> <span class='ocrx_word' id='word_1_261' title='bbox 461 2061 607 2105; x_wconf 81' lang='lat' dir='ltr'><strong>quidem</strong></span> <span class='ocrx_word' id='word_1_262' title='bbox 634 2060 726 2093; x_wconf 89' lang='lat' dir='ltr'><strong>illud</strong></span> <span class='ocrx_word' id='word_1_263' title='bbox 753 2072 877 2105; x_wconf 81' lang='lat' dir='ltr'><strong>expers</strong></span> <span class='ocrx_word' id='word_1_264' title='bbox 905 2061 1070 2094; x_wconf 86' lang='lat' dir='ltr'><strong>interitus</strong></span> <span class='ocrx_word' id='word_1_265' title='bbox 1100 2067 1136 2093; x_wconf 85' lang='lat' dir='ltr'><strong>et</strong></span> <span class='ocrx_word' id='word_1_266' title='bbox 1161 2061 1361 2093; x_wconf 77' lang='lat' dir='ltr'><strong>immortale</strong></span> <span class='ocrx_word' id='word_1_267' title='bbox 1387 2061 1506 2100; x_wconf 84' lang='lat' dir='ltr'><strong>fuisse,</strong></span> <span class='ocrx_word' id='word_1_268' title='bbox 1536 2060 1622 2092; x_wconf 85' lang='lat' dir='ltr'><strong>bea-</strong></span> 
     </span>
     <span class='ocr_line' id='line_1_31' title="bbox 173 2107 1622 2151; baseline 0 -11"><span class='ocrx_word' id='word_1_269' title='bbox 173 2113 231 2141; x_wconf 78' lang='lat' dir='ltr'><strong>tus</strong></span> <span class='ocrx_word' id='word_1_270' title='bbox 258 2109 363 2140; x_wconf 88' lang='lat' dir='ltr'><strong>etiam</strong></span> <span class='ocrx_word' id='word_1_271' title='bbox 393 2108 547 2151; x_wconf 83' lang='lat' dir='ltr'><strong>Cyrillus</strong></span> <span class='ocrx_word' id='word_1_272' title='bbox 573 2108 744 2149; x_wconf 81' lang='lat' dir='ltr'><strong>ostendit,</strong></span> <span class='ocrx_word' id='word_1_273' title='bbox 774 2108 811 2140; x_wconf 88' lang='lat' dir='ltr'><strong>in</strong></span> <span class='ocrx_word' id='word_1_274' title='bbox 837 2109 998 2140; x_wconf 84' lang='lat' dir='ltr'><strong>oratione</strong></span> <span class='ocrx_word' id='word_1_275' title='bbox 1026 2119 1087 2141; x_wconf 78' lang='lat' dir='ltr'><strong>sua</strong></span> <span class='ocrx_word' id='word_1_276' title='bbox 1114 2108 1158 2140; x_wconf 80' lang='lat' dir='ltr'><strong>de</strong></span> <span class='ocrx_word' id='word_1_277' title='bbox 1178 2107 1333 2140; x_wconf 85' lang='lat' dir='ltr'><strong>hominis</strong></span> <span class='ocrx_word' id='word_1_278' title='bbox 1362 2108 1544 2140; x_wconf 81' lang='lat' dir='ltr'><strong>creatione</strong></span> <span class='ocrx_word' id='word_1_279' title='bbox 1571 2108 1622 2140; x_wconf 87' lang='lat' dir='ltr'><strong>sic</strong></span> 
     </span>
     <span class='ocr_line' id='line_1_32' title="bbox 173 2154 1620 2199; baseline -0.001 -12"><span class='ocrx_word' id='word_1_280' title='bbox 173 2154 217 2187; x_wconf 84' lang='lat' dir='ltr'><strong>ad</strong></span> <span class='ocrx_word' id='word_1_281' title='bbox 245 2156 391 2188; x_wconf 86' lang='lat' dir='ltr'><strong>verbum</strong></span> <span class='ocrx_word' id='word_1_282' title='bbox 430 2155 607 2188; x_wconf 83' lang='lat' dir='ltr'><strong>disserens</strong></span> <span class='ocrx_word' id='word_1_283' title='bbox 647 2155 717 2196; x_wconf 80' lang='lat' dir='ltr'><strong>„de</strong></span> <span class='ocrx_word' id='word_1_284' title='bbox 752 2161 845 2188; x_wconf 86' lang='lat' dir='ltr'><strong>terra</strong></span> <span class='ocrx_word' id='word_1_285' title='bbox 871 2154 1014 2199; x_wconf 85' lang='lat' dir='ltr'><strong>quidem</strong></span> <span class='ocrx_word' id='word_1_286' title='bbox 1054 2155 1185 2188; x_wconf 81' lang='lat' dir='ltr'><strong>factum</strong></span> <span class='ocrx_word' id='word_1_287' title='bbox 1221 2160 1296 2188; x_wconf 87' lang='lat' dir='ltr'><strong>erat</strong></span> <span class='ocrx_word' id='word_1_288' title='bbox 1319 2154 1446 2187; x_wconf 80' lang='lat' dir='ltr'><strong>Adami</strong></span> <span class='ocrx_word' id='word_1_289' title='bbox 1473 2166 1620 2199; x_wconf 77' lang='lat' dir='ltr'><strong>corpus,</strong></span> 
     </span>
     <span class='ocr_line' id='line_1_33' title="bbox 174 2202 1621 2247; baseline -0.001 -13"><span class='ocrx_word' id='word_1_290' title='bbox 174 2202 237 2235; x_wconf 83' lang='lat' dir='ltr'><strong>sed</strong></span> <span class='ocrx_word' id='word_1_291' title='bbox 262 2202 359 2236; x_wconf 89' lang='lat' dir='ltr'><strong>idem</strong></span> <span class='ocrx_word' id='word_1_292' title='bbox 395 2214 499 2247; x_wconf 84' lang='lat' dir='ltr'><strong>supra</strong></span> <span class='ocrx_word' id='word_1_293' title='bbox 529 2209 679 2236; x_wconf 84' lang='lat' dir='ltr'><strong>mortem</strong></span> <span class='ocrx_word' id='word_1_294' title='bbox 720 2207 756 2235; x_wconf 89' lang='lat' dir='ltr'><strong>et</strong></span> <span class='ocrx_word' id='word_1_295' title='bbox 780 2203 963 2235; x_wconf 86' lang='lat' dir='ltr'><strong>interitum</strong></span> <span class='ocrx_word' id='word_1_296' title='bbox 1003 2213 1141 2234; x_wconf 83' lang='lat' dir='ltr'><strong>omnem</strong></span> <span class='ocrx_word' id='word_1_297' title='bbox 1177 2202 1333 2247; x_wconf 84' lang='lat' dir='ltr'><strong>positum</strong></span> <span class='ocrx_word' id='word_1_298' title='bbox 1361 2207 1458 2235; x_wconf 85' lang='lat' dir='ltr'><strong>erat:</strong></span> <span class='ocrx_word' id='word_1_299' title='bbox 1485 2202 1621 2246; x_wconf 79' lang='lat' dir='ltr'><strong>quippe</strong></span> 
     </span>
     <span class='ocr_line' id='line_1_34' title="bbox 174 2249 1621 2294; baseline -0.001 -12"><span class='ocrx_word' id='word_1_300' title='bbox 174 2249 284 2282; x_wconf 85' lang='lat' dir='ltr'><strong>vitam</strong></span> <span class='ocrx_word' id='word_1_301' title='bbox 329 2250 363 2282; x_wconf 87' lang='lat' dir='ltr'><strong>ei</strong></span> <span class='ocrx_word' id='word_1_302' title='bbox 388 2250 483 2282; x_wconf 84' lang='lat' dir='ltr'><strong>vitae</strong></span> <span class='ocrx_word' id='word_1_303' title='bbox 517 2249 768 2294; x_wconf 80' lang='lat' dir='ltr'><strong>suppeditator</strong></span> <span class='ocrx_word' id='word_1_304' title='bbox 806 2254 842 2281; x_wconf 90' lang='lat' dir='ltr'><strong>et</strong></span> <span class='ocrx_word' id='word_1_305' title='bbox 867 2254 988 2281; x_wconf 81' lang='lat' dir='ltr'><strong>auctor</strong></span> <span class='ocrx_word' id='word_1_306' title='bbox 1021 2250 1231 2281; x_wconf 74' lang='lat' dir='ltr'><strong>inseverat.”</strong></span> <span class='ocrx_word' id='word_1_307' title='bbox 1262 2249 1357 2281; x_wconf 87' lang='lat' dir='ltr'><strong>idem</strong></span> <span class='ocrx_word' id='word_1_308' title='bbox 1384 2254 1420 2282; x_wconf 83' lang='lat' dir='ltr'><strong>et</strong></span> <span class='ocrx_word' id='word_1_309' title='bbox 1445 2260 1464 2281; x_wconf 91' lang='lat' dir='ltr'><strong>a</strong></span> <span class='ocrx_word' id='word_1_310' title='bbox 1488 2249 1621 2281; x_wconf 85' lang='lat' dir='ltr'><strong>Basilio</strong></span> 
     </span>
     <span class='ocr_line' id='line_1_35' title="bbox 173 2295 1621 2341; baseline -0.001 -13"><span class='ocrx_word' id='word_1_311' title='bbox 173 2307 301 2341; x_wconf 81' lang='lat' dir='ltr'><strong>magno</strong></span> <span class='ocrx_word' id='word_1_312' title='bbox 326 2296 444 2329; x_wconf 85' lang='lat' dir='ltr'><strong>verbis</strong></span> <span class='ocrx_word' id='word_1_313' title='bbox 483 2296 537 2329; x_wconf 86' lang='lat' dir='ltr'><strong>his</strong></span> <span class='ocrx_word' id='word_1_314' title='bbox 578 2298 794 2340; x_wconf 76' lang='lat' dir='ltr'><strong>significatur</strong></span> <span class='ocrx_word' id='word_1_315' title='bbox 819 2308 920 2337; x_wconf 87' lang='lat' dir='ltr'><strong>„cum</strong></span> <span class='ocrx_word' id='word_1_316' title='bbox 946 2296 1129 2329; x_wconf 75' lang='lat' dir='ltr'><strong>formasset</strong></span> <span class='ocrx_word' id='word_1_317' title='bbox 1161 2296 1343 2328; x_wconf 82' lang='lat' dir='ltr'><strong>hominem</strong></span> <span class='ocrx_word' id='word_1_318' title='bbox 1369 2295 1477 2337; x_wconf 84' lang='lat' dir='ltr'><strong>deus,</strong></span> <span class='ocrx_word' id='word_1_319' title='bbox 1503 2302 1621 2328; x_wconf 76' lang='lat' dir='ltr'><strong>aeter-</strong></span> 
     </span>
     <span class='ocr_line' id='line_1_36' title="bbox 175 2343 1621 2388; baseline -0.001 -13"><span class='ocrx_word' id='word_1_320' title='bbox 175 2354 243 2376; x_wconf 84' lang='lat' dir='ltr'><strong>nae</strong></span> <span class='ocrx_word' id='word_1_321' title='bbox 266 2344 362 2377; x_wconf 82' lang='lat' dir='ltr'><strong>vitae</strong></span> <span class='ocrx_word' id='word_1_322' title='bbox 387 2343 595 2376; x_wconf 81' lang='lat' dir='ltr'><strong>fruitionem</strong></span> <span class='ocrx_word' id='word_1_323' title='bbox 622 2345 654 2376; x_wconf 89' lang='lat' dir='ltr'><strong>ei</strong></span> <span class='ocrx_word' id='word_1_324' title='bbox 680 2344 828 2388; x_wconf 78' lang='lat' dir='ltr'><strong>largitus</strong></span> <span class='ocrx_word' id='word_1_325' title='bbox 861 2344 946 2377; x_wconf 82' lang='lat' dir='ltr'><strong>est.&#39;’</strong></span> <span class='ocrx_word' id='word_1_326' title='bbox 972 2349 1115 2388; x_wconf 84' lang='lat' dir='ltr'><strong>praeter</strong></span> <span class='ocrx_word' id='word_1_327' title='bbox 1140 2343 1203 2376; x_wconf 86' lang='lat' dir='ltr'><strong>hos</strong></span> <span class='ocrx_word' id='word_1_328' title='bbox 1230 2343 1372 2376; x_wconf 82' lang='lat' dir='ltr'><strong>divinus</strong></span> <span class='ocrx_word' id='word_1_329' title='bbox 1398 2344 1461 2375; x_wconf 84' lang='lat' dir='ltr'><strong>ille</strong></span> <span class='ocrx_word' id='word_1_330' title='bbox 1478 2343 1621 2375; x_wconf 83' lang='lat' dir='ltr'><strong>Barlaa-</strong></span> 
     </span>
     <span class='ocr_line' id='line_1_37' title="bbox 173 2390 1621 2435; baseline -0.001 -13"><span class='ocrx_word' id='word_1_331' title='bbox 173 2401 250 2423; x_wconf 87' lang='lat' dir='ltr'><strong>mus</strong></span> <span class='ocrx_word' id='word_1_332' title='bbox 277 2390 320 2422; x_wconf 84' lang='lat' dir='ltr'><strong>ad</strong></span> <span class='ocrx_word' id='word_1_333' title='bbox 337 2390 548 2435; x_wconf 82' lang='lat' dir='ltr'><strong>Ioasaphum</strong></span> <span class='ocrx_word' id='word_1_334' title='bbox 576 2392 612 2423; x_wconf 88' lang='lat' dir='ltr'><strong>in</strong></span> <span class='ocrx_word' id='word_1_335' title='bbox 639 2391 729 2423; x_wconf 81' lang='lat' dir='ltr'><strong>hane</strong></span> <span class='ocrx_word' id='word_1_336' title='bbox 756 2391 970 2423; x_wconf 80' lang='lat' dir='ltr'><strong>sententiam</strong></span> <span class='ocrx_word' id='word_1_337' title='bbox 996 2391 1137 2435; x_wconf 84' lang='lat' dir='ltr'><strong>scripsit</strong></span> <span class='ocrx_word' id='word_1_338' title='bbox 1155 2390 1359 2431; x_wconf 86' lang='lat' dir='ltr'><strong>„hominem</strong></span> <span class='ocrx_word' id='word_1_339' title='bbox 1388 2390 1491 2422; x_wconf 89' lang='lat' dir='ltr'><strong>illum</strong></span> <span class='ocrx_word' id='word_1_340' title='bbox 1520 2390 1621 2434; x_wconf 64' lang='lat' dir='ltr'><strong>prim</strong></span> 
     </span>
     <span class='ocr_line' id='line_1_38' title="bbox 175 2436 1621 2482; baseline -0.001 -13"><span class='ocrx_word' id='word_1_341' title='bbox 175 2438 289 2481; x_wconf 83' lang='lat' dir='ltr'><strong>cipem</strong></span> <span class='ocrx_word' id='word_1_342' title='bbox 316 2437 402 2471; x_wconf 84' lang='lat' dir='ltr'><strong>deus</strong></span> <span class='ocrx_word' id='word_1_343' title='bbox 428 2438 614 2471; x_wconf 83' lang='lat' dir='ltr'><strong>voluntate</strong></span> <span class='ocrx_word' id='word_1_344' title='bbox 647 2438 757 2470; x_wconf 82' lang='lat' dir='ltr'><strong>libera</strong></span> <span class='ocrx_word' id='word_1_345' title='bbox 780 2436 980 2482; x_wconf 81' lang='lat' dir='ltr'><strong>praeditum</strong></span> <span class='ocrx_word' id='word_1_346' title='bbox 1001 2443 1037 2470; x_wconf 85' lang='lat' dir='ltr'><strong>et</strong></span> <span class='ocrx_word' id='word_1_347' title='bbox 1055 2443 1218 2470; x_wconf 81' lang='lat' dir='ltr'><strong>ornatum</strong></span> <span class='ocrx_word' id='word_1_348' title='bbox 1244 2438 1512 2470; x_wconf 82' lang='lat' dir='ltr'><strong>immortalitate</strong></span> <span class='ocrx_word' id='word_1_349' title='bbox 1540 2436 1621 2468; x_wconf 71' lang='lat' dir='ltr'><strong>uni-</strong></span> 
     </span>
     <span class='ocr_line' id='line_1_39' title="bbox 175 2484 1622 2529; baseline 0 -14"><span class='ocrx_word' id='word_1_350' title='bbox 175 2494 353 2517; x_wconf 84' lang='lat' dir='ltr'><strong>versarum</strong></span> <span class='ocrx_word' id='word_1_351' title='bbox 380 2496 495 2517; x_wconf 83' lang='lat' dir='ltr'><strong>rerum</strong></span> <span class='ocrx_word' id='word_1_352' title='bbox 525 2486 745 2518; x_wconf 85' lang='lat' dir='ltr'><strong>terrestrium</strong></span> <span class='ocrx_word' id='word_1_353' title='bbox 771 2496 887 2529; x_wconf 81' lang='lat' dir='ltr'><strong>regem</strong></span> <span class='ocrx_word' id='word_1_354' title='bbox 915 2485 1132 2518; x_wconf 76' lang='lat' dir='ltr'><strong>constituit.’&#39;</strong></span> <span class='ocrx_word' id='word_1_355' title='bbox 1160 2486 1234 2529; x_wconf 87' lang='lat' dir='ltr'><strong>ipsa</strong></span> <span class='ocrx_word' id='word_1_356' title='bbox 1262 2484 1419 2528; x_wconf 76' lang='lat' dir='ltr'><strong>denique</strong></span> <span class='ocrx_word' id='word_1_357' title='bbox 1447 2494 1622 2516; x_wconf 84' lang='lat' dir='ltr'><strong>sacrarum</strong></span> 
     </span>
     <span class='ocr_line' id='line_1_40' title="bbox 175 2530 1621 2577; baseline 0 -15"><span class='ocrx_word' id='word_1_358' title='bbox 175 2530 373 2563; x_wconf 81' lang='lat' dir='ltr'><strong>litterarum</strong></span> <span class='ocrx_word' id='word_1_359' title='bbox 403 2531 509 2564; x_wconf 84' lang='lat' dir='ltr'><strong>verba</strong></span> <span class='ocrx_word' id='word_1_360' title='bbox 536 2532 621 2564; x_wconf 84' lang='lat' dir='ltr'><strong>mihi</strong></span> <span class='ocrx_word' id='word_1_361' title='bbox 648 2532 813 2576; x_wconf 80' lang='lat' dir='ltr'><strong>adspice,</strong></span> <span class='ocrx_word' id='word_1_362' title='bbox 847 2542 913 2564; x_wconf 88' lang='lat' dir='ltr'><strong>nec</strong></span> <span class='ocrx_word' id='word_1_363' title='bbox 939 2532 1054 2565; x_wconf 77' lang='lat' dir='ltr'><strong>obiter</strong></span> <span class='ocrx_word' id='word_1_364' title='bbox 1078 2532 1232 2577; x_wconf 77' lang='lat' dir='ltr'><strong>perlege.</strong></span> <span class='ocrx_word' id='word_1_365' title='bbox 1260 2532 1363 2564; x_wconf 89' lang='lat' dir='ltr'><strong>simul</strong></span> <span class='ocrx_word' id='word_1_366' title='bbox 1391 2531 1482 2563; x_wconf 85' lang='lat' dir='ltr'><strong>enim</strong></span> <span class='ocrx_word' id='word_1_367' title='bbox 1513 2531 1621 2562; x_wconf 88' lang='lat' dir='ltr'><strong>homo</strong></span> 
     </span>
     <span class='ocr_line' id='line_1_41' title="bbox 176 2576 1621 2622; baseline 0.001 -14"><span class='ocrx_word' id='word_1_368' title='bbox 176 2576 221 2608; x_wconf 80' lang='lat' dir='ltr'><strong>ad</strong></span> <span class='ocrx_word' id='word_1_369' title='bbox 248 2578 435 2621; x_wconf 80' lang='lat' dir='ltr'><strong>imaginem</strong></span> <span class='ocrx_word' id='word_1_370' title='bbox 461 2578 519 2611; x_wconf 80' lang='lat' dir='ltr'><strong>(lei</strong></span> <span class='ocrx_word' id='word_1_371' title='bbox 549 2579 794 2620; x_wconf 82' lang='lat' dir='ltr'><strong>condebatur,</strong></span> <span class='ocrx_word' id='word_1_372' title='bbox 820 2585 856 2611; x_wconf 89' lang='lat' dir='ltr'><strong>et</strong></span> <span class='ocrx_word' id='word_1_373' title='bbox 880 2584 948 2611; x_wconf 84' lang='lat' dir='ltr'><strong>tam</strong></span> <span class='ocrx_word' id='word_1_374' title='bbox 978 2579 1126 2612; x_wconf 85' lang='lat' dir='ltr'><strong>arbitrio</strong></span> <span class='ocrx_word' id='word_1_375' title='bbox 1152 2580 1346 2611; x_wconf 76' lang='lat' dir='ltr'><strong>voluntatis</strong></span> <span class='ocrx_word' id='word_1_376' title='bbox 1377 2578 1490 2610; x_wconf 85' lang='lat' dir='ltr'><strong>libero</strong></span> <span class='ocrx_word' id='word_1_377' title='bbox 1515 2588 1621 2622; x_wconf 85' lang='lat' dir='ltr'><strong>quam</strong></span> 
     </span>
     <span class='ocr_line' id='line_1_42' title="bbox 176 2623 1622 2671; baseline 0.001 -17"><span class='ocrx_word' id='word_1_378' title='bbox 176 2623 441 2658; x_wconf 76' lang='lat' dir='ltr'><strong>immortalitate</strong></span> <span class='ocrx_word' id='word_1_379' title='bbox 467 2626 638 2659; x_wconf 66' lang='lat' dir='ltr'><strong>‹lix-initus</strong></span> <span class='ocrx_word' id='word_1_380' title='bbox 668 2626 881 2660; x_wconf 77' lang='lat' dir='ltr'><strong>donabatur.</strong></span> <span class='ocrx_word' id='word_1_381' title='bbox 909 2636 979 2670; x_wconf 88' lang='lat' dir='ltr'><strong>quo</strong></span> <span class='ocrx_word' id='word_1_382' title='bbox 1009 2626 1116 2670; x_wconf 85' lang='lat' dir='ltr'><strong>igitur</strong></span> <span class='ocrx_word' id='word_1_383' title='bbox 1140 2632 1243 2671; x_wconf 80' lang='lat' dir='ltr'><strong>pacto</strong></span> <span class='ocrx_word' id='word_1_384' title='bbox 1269 2625 1425 2657; x_wconf 75' lang='lat' dir='ltr'><strong>dicemus</strong></span> <span class='ocrx_word' id='word_1_385' title='bbox 1451 2636 1530 2657; x_wconf 79' lang='lat' dir='ltr'><strong>eum</strong></span> <span class='ocrx_word' id='word_1_386' title='bbox 1558 2636 1622 2669; x_wconf 81' lang='lat' dir='ltr'><strong>pa-</strong></span> 
     </span>
     <span class='ocr_line' id='line_1_43' title="bbox 176 2670 1617 2719; baseline 0.001 -17"><span class='ocrx_word' id='word_1_387' title='bbox 176 2670 260 2703; x_wconf 86' lang='lat' dir='ltr'><strong>riter</strong></span> <span class='ocrx_word' id='word_1_388' title='bbox 284 2672 559 2706; x_wconf 78' lang='lat' dir='ltr'><strong>immortalitatis</strong></span> <span class='ocrx_word' id='word_1_389' title='bbox 579 2685 618 2706; x_wconf 85' lang='lat' dir='ltr'><strong>ac</strong></span> <span class='ocrx_word' id='word_1_390' title='bbox 642 2673 867 2707; x_wconf 82' lang='lat' dir='ltr'><strong>mortalitatis</strong></span> <span class='ocrx_word' id='word_1_391' title='bbox 892 2673 1126 2719; x_wconf 81' lang='lat' dir='ltr'><strong>participem?</strong></span> <span class='ocrx_word' id='word_1_392' title='bbox 1151 2673 1319 2706; x_wconf 80' lang='lat' dir='ltr'><strong>abhorret</strong></span> <span class='ocrx_word' id='word_1_393' title='bbox 1339 2672 1405 2706; x_wconf 88' lang='lat' dir='ltr'><strong>hoc</strong></span> <span class='ocrx_word' id='word_1_394' title='bbox 1421 2673 1557 2705; x_wconf 83' lang='lat' dir='ltr'><strong>scilicet</strong></span> <span class='ocrx_word' id='word_1_395' title='bbox 1574 2671 1617 2704; x_wconf 80' lang='lat' dir='ltr'><strong>ab</strong></span> 
     </span>
    </p>
   </div>
  </div>
 </body>
</html>
