1826 3120
596 152 882 194 ANNALmM
921 153 1057 194 PARS
1102 155 1154 193 11.
1486 133 1555 200 24
1570 153 1586 186 ι

139 259 242 313 „zai
267 253 394 300 εἷπε”·
419 255 500 311 γάρ
530 271 661 312 φησιν
701 254 955 310 ,,ἄνθρωπος
991 257 1051 312 τῷ
1092 257 1267 310 πλησίον
1304 252 1439 296 αὔτοῦ
1475 255 1595 296 δεῦτε

139 323 214 367 καὶ
242 323 561 376 πλινθεύσωμεν
588 323 803 375 πλίνθους,
832 321 903 363 καί
932 320 1184 376 ὀπτήσωμεν
1211 318 1345 370 αὕτάς
1374 319 1493 377 πυρί,
1523 319 1633 364 καίΒ

139 389 479 446 οἰκοδομήσωμεν
504 386 672 439 ἑαυτοῖς
700 387 833 430 πόλιν
852 388 924 430 καί
950 386 1118 443 πύργον,
1150 382 1203 428 οὗ
1231 386 1348 430 ἔσται
1376 386 1402 443 ἦ
1431 385 1594 444 κεφαλὴ

137 460 218 507 ἕως
262 459 340 500 τοῦ
381 454 604 512 οὗρανοῦ.”
672 453 742 497 διὰ
789 455 833 497 τί
858 455 904 496 δὲ
945 453 1019 496 καί
1040 456 1149 503 τίνος
1186 456 1322 496 ἕνεκεν
1350 455 1498 506 τοῦτο,-
1527 454 1598 495 ἵνα

100 521 427 576 ὄκατακλυσμὸς
466 524 507 565 εἰ
544 523 716 577 γένηται
767 518 989 574 δεύτερος,
1035 518 1108 561 ἐπὶ
1137 518 1214 575 την
1244 519 1378 561 afim?
1401 516 1599 576 κορυφήν

134 588 427 644 οἷναδράμωσι,
449 585 675 631 κάντεῦθεν
693 585 762 629 τὸν
784 588 828 636 ἐξ
845 583 1000 636 ὕδατος
1021 580 1198 640 ὄλεθρον
1218 585 1470 642 φεύξωνται.
1491 583 1598 627 ταύ-

133 673 181 714 τῃ
210 673 272 699 τοι
301 656 374 697 καί
401 655 485 711 την]
503 656 815 709 ματαιοπονίαν
842 653 983 695 αὐτῶν
1013 652 1223 694 ἐκώλυσεν
1255 651 1278 693 ὅ
1306 650 1409 700 θεὸς
1431 649 1502 693 διὰ
1524 653 1598 705 τῆς

131 724 378 778 συγχύσεως
394 725 474 764 τῶν
489 723 702 776 γλωσσῶν,
732 718 803 762 καί
822 713 951 761 ἄκουε
969 721 1023 774 τῆ
1026 735 1045 768 ς
1071 720 1242 775 γραφῆς
1261 715 1374 760 οὕτω
1394 716 1597 772 λεγούσης

132 790 235 842 „rai
253 784 343 830 εἶπε
357 788 502 844 κύριος
513 786 624 829 ζἰδού
645 787 762 841 γένος
782 786 827 827 ἓν
844 787 918 827 καί
932 788 1074 840 χεῖλος
1101 785 1146 827 ἓν
1171 784 1353 829 πάντων.
1374 785 1492 825 δεῦτε
1524 783 1598 824 καί

71 874 119 901 10
132 854 388 909 καταβάντες
420 856 666 908 συγχέωμεν
697 854 790 895 ἐκεῖ
818 851 896 908 την
920 854 1138 907 γλῶσσαν,
1167 852 1238 894 ἵνα
1260 849 1319 905 μή
1354 850 1594 892 ἀκούσωσιν

129 922 303 971 ἕκαστος
328 922 402 976 τῆς
418 922 562 977 φωνῆς
588 922 667 962 τοῦ
691 921 892 975 πλησιόν.’
922 922 995 962 καί
1013 920 1251 974 διέσπειρεν
1273 915 1431 965 αὐτούς
1447 906 1631 972 κύριοςῦ

129 987 153 1029 o‘
180 986 282 1037 θεὸς
309 989 471 1030 ἐκεῖθεν
495 986 567 1029 ἐπί
591 983 817 1041 πρόσωπον
844 984 979 1041 πάσης
1008 987 1081 1039 τῆς
1108 986 1226 1040 γῆς.”
1257 985 1488 1039 τηνικαῦτα
1518 983 1592 1024 καί

125 1055 307 1108 μέροπες
335 1057 559 1096 καλοῦνται
589 1051 672 1094 α’πὸ
694 1054 769 1095 τοῦ
798 1053 1014 1109 μερισμοῦ
1039 1053 1112 1106 τῆς
1133 1052 1278 1108 φωνῆς
1295 1048 1369 1091 καί
1399 1051 1471 1105 τῆς
1499 1050 1586 1103 γῆς.

127 1119 150 1161 ὅ
181 1122 228 1163 δὲ
261 1118 502 1177 παράφρων
514 1118 737 1170 Ἰουλιανὸς
766 1118 838 1162 καί
864 1121 989 1161 τοῦτο
1017 1117 1123 1174 πρὸς
1148 1122 1233 1168 τοῖς
1266 1112 1408 1166 ἄλλοις
1435 1114 1588 1170 ἔλεγεν,

67 1183 194 1235 ι5ὁ’τι
221 1189 399 1243 θεωρῶν
429 1186 584 1236 αύτούς
615 1184 884 1240 ὖψουμένους
913 1184 983 1228 διὰ
1015 1186 1089 1228 τοῦ
1118 1183 1306 1239 πύργου,
1336 1182 1410 1228 καί
1437 1183 1489 1224 ov’
1515 1198 1587 1234 μι-

127 1257 235 1309 κρῶς
261 1255 332 1296 ἑπί
357 1251 491 1311 τούτῳ
520 1257 733 1309 πτοηθείς,
760 1253 1012 1314 Ιεῦμεθόδως
1034 1251 1179 1300 αὑτοῖς
1208 1248 1362 1293 κωλύει
1389 1247 1465 1305 τήν
1492 1244 1588 1291 ὅνο-

126 1322 199 1363 ὸόν
232 1318 305 1362 διὰ
333 1322 405 1376 τῆς
433 1317 682 1375 συγχύσεως
705 1319 790 1362 τῶν
809 1322 1025 1375 γλωσσῶν.

229 1386 278 1430 Ὁ
300 1388 445 1440 μέντοι
474 1383 631 1442 πύργος
659 1387 842 1438 ἐκτίζετο
874 1384 902 1428 ο’
936 1388 1009 1427 καί
1027 1383 1063 1439 β’
1094 1386 1169 1427 τοῦ
1197 1385 1423 1437 κτίσματος
1453 1382 1586 1438 α’ρχη-

122 1454 207 1509 γῶν
235 1449 379 1496 ὄντων.
438 1452 541 1495 κατὰ
576 1453 751 1502 τούτους
775 1451 921 1495 λοιπὸν
952 1451 1027 1494 καί
1054 1451 1080 1508 ἦ
1111 1452 1317 1506 διαίρεσις
1342 1451 1425 1491 τῶν
1451 1452 1585 1503 γλωσ-

60 1543 111 1569 20
123 1522 209 1563 σαῖν
234 1522 388 1576 γέγονε,
413 1520 583 1574 χείλους
611 1515 725 1569 ὄντος
753 1517 842 1569 ἑνὸς
872 1520 953 1561 καί,
970 1519 1114 1575 φωνῆς
1147 1520 1220 1560 ἐπὶ
1246 1519 1352 1558 πᾶσι
1383 1517 1499 1568 μιᾶς,
1527 1511 1587 1564 ὥς

121 1582 284 1630 ἄνωθεν
315 1586 491 1643 εἴρηται.
563 1587 688 1640 μόνος
720 1588 767 1628 δὲ
794 1584 815 1628 ὁ
838 1582 960 1640 Ἔβερ
989 1585 1049 1640 μη
1071 1584 1394 1639 συγκατατεθείς
1422 1583 1474 1640 τῇ
1500 1598 1583 1634 μα-

122 1651 337 1712 ταιοπονία
379 1657 463 1696 τῶν
498 1654 652 1696 λοιπῶν
679 1654 724 1695 ἐν
765 1655 818 1710 τῇ
846 1653 935 1711 ἰδίᾳ
961 1651 1126 1708 γλώσσῃ
1157 1649 1332 1704 ἐζιιεινεν.
1390 1649 1625 1704 ἀρχῆθενῐ)

120 1719 266 1763 λοιπὸν
294 1721 319 1777 ἦ
348 1718 516 1777 Ἕβραῒς
552 1720 684 1777 φωνή.
744 1717 810 1761 ὅτι
845 1721 891 1762 δὲ
916 1721 966 1776 τῇ
989 1717 1193 1775 Ἔβραιὶον
1220 1717 1388 1774 γλώσσῃ
1421 1714 1582 1772 ἐχρῶν-

215 1850 270 1873 22.
297 1839 339 1876 ἐν
363 1838 499 1873 deerat.
620 1839 675 1872 23.
698 1837 755 1886 τῇ]
782 1839 856 1874 τῶν
879 1838 914 1871 P.

118 1948 260 1982 coelum
283 1949 487 1993 attingeret.
512 1947 774 1994 quamobrem?
802 1951 841 1980 ut
866 1946 897 1980 si
926 1947 1078 1979 alterum
1104 1943 1281 1978 diluvium
1308 1942 1505 1986 ingrueret,
1530 1941 1577 1974 ad

116 1997 195 2030 eius
229 2007 267 2030 se
290 1998 461 2030 verticem
496 1996 703 2029 conferrent
732 2005 850 2039 eoque
869 1999 973 2039 pacto
999 1992 1189 2025 imminens
1221 1990 1267 2023 ab
1294 1990 1397 2035 aquis
1425 1989 1575 2023 exitium

117 2046 325 2089 effugerent.
360 2056 490 2077 vanum
523 2043 619 2076 hunc
643 2043 802 2076 laborem
841 2048 875 2074 et
900 2046 1068 2074 conatum
1092 2051 1214 2073 eorum
1241 2037 1329 2071 deus
1358 2047 1423 2082 per
1447 2037 1576 2070 confu-

115 2091 252 2124 sionem
268 2092 470 2136 linguarum
499 2091 668 2124 inhibuit.
686 2091 796 2124 verba
820 2089 967 2134 quidem
986 2088 1092 2121 sacris
1120 2088 1158 2120 in
1185 2086 1318 2119 litteris
1332 2085 1439 2130 (Gen.
1471 2095 1504 2117 ιι
1535 2085 1574 2129 6)

115 2137 204 2172 haec
228 2139 398 2184 leguntur
430 2150 500 2181 „en
534 2150 604 2171 una
640 2143 694 2171 est
715 2138 919 2170 mortalium
957 2137 1057 2169 natio
1074 2160 1083 2176 ‚
1107 2134 1170 2180 qui
1197 2133 1317 2166 cuncti
1344 2131 1473 2164 eodem
1498 2142 1574 2163 ser-

114 2197 221 2220 mone
243 2192 406 2220 utuntur.
434 2198 496 2231 age
523 2186 806 2226 descendamus,
831 2190 867 2217 et
892 2183 945 2216 ibi
966 2195 1087 2216 eorum
1115 2192 1315 2215 sermonem
1341 2179 1393 2213 ita
1418 2179 1572 2212 confun-

115 2233 242 2267 damus
272 2239 313 2268 ut
350 2235 411 2267 alii
449 2234 601 2267 aliorum
639 2234 840 2266 orationem
877 2243 952 2264 non
977 2230 1197 2274 intelligant.
1224 2229 1350 2273 itaque
1376 2227 1480 2259 illine
1510 2237 1572 2259 eos

111 2292 178 2326 per
202 2292 324 2315 omnes
353 2287 463 2315 terras
488 2281 665 2322 domiuus,
690 2281 752 2326 qui
778 2280 866 2312 deus
893 2284 958 2319 est,
978 2277 1197 2322 dissipavit.'¹
1222 2281 1259 2309 et
1283 2274 1460 2320 appellari
1487 2285 1572 2307 coe-

111 2334 244 2373 perunt
272 2329 436 2362 homines
474 2329 517 2362 ab
551 2341 593 2363 eo
618 2335 780 2373 tempore
804 2328 970 2372 Meropes
1004 2336 1025 2358 a
1053 2323 1226 2358 sermonis
1263 2323 1468 2367 linguarum
1494 2327 1570 2355 ter-

114 2386 246 2421 raeque
274 2376 464 2409 divisione.
494 2377 648 2409 furiosus
673 2376 737 2409 ille
763 2375 925 2407 lulianus
951 2372 1019 2406 hoc
1045 2374 1155 2406 etiam
1180 2372 1276 2404 inter
1301 2369 1372 2402 alia
1401 2369 1566 2414 scripsit,

112 2422 220 2456 deum
243 2425 528 2469 conspicienLem
554 2424 717 2457 homines
747 2424 783 2456 in
808 2423 919 2455 altum
946 2431 1015 2465 ope
1044 2420 1150 2454 turris
1177 2419 1351 2458 sublatos,
1376 2427 1494 2461 eaque
1521 2415 1566 2447 de

112 2481 220 2504 causa
243 2482 317 2505 non
344 2471 573 2504 mediocriter
597 2470 858 2516 perturbatum,
883 2467 1068 2501 commoda
1087 2466 1240 2513 quadam
1266 2465 1405 2498 ratione
1429 2475 1470 2496 ac
1497 2463 1564 2503 via,

110 2517 245 2562 linguis
269 2519 364 2552 inter
384 2521 421 2552 se
446 2519 604 2552 confusis
631 2519 840 2552 ulteriorem
864 2516 1073 2549 adscensum
1101 2513 1340 2560 prohibuisse.

205 2565 392 2599 Caeterum
419 2567 528 2600 turris
552 2567 630 2611 ipsa
656 2577 698 2610 72
724 2565 988 2610 praefectorum
1013 2574 1122 2607 opera
1150 2562 1222 2594 fuit
1251 2562 1441 2598 exstructa,
1471 2567 1564 2601 quo..

113 2624 189 2645 rum
217 2612 261 2645 ad
285 2625 474 2647 numerum
511 2614 657 2657 linguae
692 2624 838 2658 quoque
872 2611 1006 2644 divisae
1034 2615 1135 2649 sunt,
1164 2620 1244 2642 cum
1268 2612 1375 2639 antea
1399 2615 1563 2637 sermone

111 2659 308 2705 linguaque
333 2673 427 2702 una,
451 2672 515 2694 ceu
544 2661 682 2694 dictum
709 2666 784 2701 est,
811 2669 934 2692 omnes
961 2663 1159 2691 uterentur.
1185 2656 1282 2689 solus
1310 2652 1473 2686 Heben-us
1504 2663 1563 2683 re-

112 2707 295 2752 liquorum
317 2708 428 2742 stulto
457 2709 602 2742 conatui
627 2719 701 2741 non
728 2706 898 2740 adsensus
923 2705 1082 2750 linguam
1108 2716 1207 2737 suam
1235 2701 1403 2742 retinuit3
1429 2698 1474 2731 de
1488 2710 1561 2744 quo

112 2754 292 2799 colligitur
317 2755 361 2788 ab
386 2756 490 2790 initio
518 2756 685 2790 mortales
714 2766 795 2790 usos
824 2752 1000 2788 Hebraica
1026 2753 1147 2797 lingua
1173 2751 1294 2786 fuisse.
1330 2747 1458 2783 Adami
1483 2757 1561 2779 cer-

211 2819 353 2862 Glycoes.
1276 2813 1315 2846 16
