1826 3120
622 150 910 191 ANNALlUM
951 143 1087 190 PARS
1124 147 1176 188 11.
1511 147 1611 202 271

162 249 240 305 τὴν
269 250 544 304 Ἀλεξάνδρου
573 253 769 307 τελευτὴν
816 252 875 301 εἰς
907 251 1062 300 πολλάς
1092 251 1232 305 α’ρχὰς
1258 248 1284 306 ἢ
1316 249 1509 303 βασιλεία
1540 248 1619 289 αι]-

162 318 243 359 τοῦ
275 317 464 375 διῃρέθη,
491 321 562 359 καί
587 319 639 359 οῦ
671 319 880 360 διέλειπον
907 317 978 359 αἐἰ
1005 319 1094 358 κατ’
1124 316 1317 372 ἀλλήλων
1345 313 1620 366 ἐπανιστάμε-

162 395 249 437 νοι,
279 384 357 433 ἓως
383 378 432 425 οὗ
466 384 488 438 ἢ
515 384 741 438 Ῥωμαίων
776 383 890 439 α’ρχὴ
915 381 994 433 τάς
1021 385 1256 438 τοπαρχίας
1281 381 1420 431 πάσας
1447 382 1658 424 ‚cardiu-c

161 463 234 492 0⁶&
279 465 348 492 και
378 465 472 505 περι
497 468 548 503 με
532 452 576 492 ἓν
599 452 758 493 τούτων
786 446 933 498 οὕτως.

121 515 150 562 ὃ
195 535 198 538 ’
266 516 317 559 Ὁ
347 517 391 558 ὸὲ
418 515 567 569 Ἰακώβ
609 532 728 573 γεννᾳ
760 514 863 564 τούς
892 513 1055 557 δώδεκα
1085 514 1374 570 πατριάρχας,
1408 513 1478 556 τὸν
1502 513 1621 556 Ῥου-

163 585 241 638 βίμ
258 617 270 637 ,
300 582 375 625 τὸν
408 582 613 636 Συμεών,
646 581 721 623 τὸν
747 585 891 635 Λευί,
931 579 1006 623 τὸν
1034 580 1194 623 Ἰουὸαν
1223 581 1296 623 καί
1318 579 1418 630 τούς
1446 578 1620 626 λοιπούς

162 650 356 706 καθεξῆς.
411 649 553 706 ἠγάπα
583 650 630 690 δὲ
658 647 731 690 τὸν
759 646 922 704 Ἰωσὴφ
953 650 1079 690 πλέον
1097 649 1180 689 τῶν
1209 643 1348 689 ἄλλων
1376 649 1447 689 καί
1473 645 1542 688 διὰ
1571 645 1617 689 τὸ

159 714 365 759 νεώτατον
401 715 532 758 αῦτὸν
576 712 686 757 εἶναι
727 731 799 757 και
830 713 901 756 διὰ
927 711 1004 769 τὴν
1043 715 1284 770 προσοῦσαν
1314 714 1426 769 αύτῷ
1454 712 1616 769 α’ρετήν.

160 783 232 840 ἐφ’
264 800 295 825 m
319 799 388 825 και
417 783 648 839 φθονοῦσιν
679 783 798 822 αῦτιῦ
826 779 864 822 οἱ
894 781 1075 843 αδελφοί
1105 781 1253 822 αὐτοῦ.
1309 781 1361 821 ου’
1388 778 1459 821 dui
1486 782 1620 822 ταῦτα

103 863 150 891 ιο
163 851 211 892 ὁε
238 849 389 904 μόνον,
418 847 525 890 α’λλὰ
552 849 626 889 καί
666 846 736 889 διὰ
769 846 847 896 τὰς
877 844 1046 902 ὁράσεις
1076 849 1137 888 aiv
1167 848 1319 897 ἐκεῖνος
1343 851 1481 901 γέγονε
1508 850 1619 888 θεω·

162 916 247 974 (²⁶9-
303 913 416 971 ὲωρα
449 913 528 970 γάρ
557 932 655 957 αστε
648 917 736 968 ’ρας
764 915 933 967 ἕνδεκα,
965 912 1045 955 σὺν
1074 914 1218 962 αὐτοῖς
1239 929 1282 955 τε
1304 913 1376 955 τὸν
1403 909 1520 967 ἥλιον
1547 916 1622 955 καί

158 979 238 1037 τὴν
266 982 462 1036 σελήνην,
492 983 834 1036 προσκυνοῦντας
857 980 999 1022 αὐτόν.
1059 981 1132 1021 καί
1159 978 1198 1021 οἱ
1224 982 1304 1032 μὲν
1326 980 1498 1033 α’στέρες
1520 980 1662 1034 edii-D

160 1053 262 1091 λουν
293 1047 387 1097 τοὺς
414 1047 627 1104 α’ὁέλφούς
652 1047 795 1089 αὐτοῦ
807 1076 819 1101 ,
851 1046 873 1088 ὅ
903 1045 1020 1102 ἥλιος
1050 1044 1122 1088 τὸν
1151 1048 1336 1101 πατέρα,
1365 1047 1391 1102 ἦ
1423 1047 1469 1088 δὲ
1497 1045 1619 1101 σελή-

159 1131 210 1171 νη
235 1114 312 1169 τὴν
341 1117 518 1170 μητέρα.
545 1116 585 1156 εἰ
612 1115 658 1155 δὲ
693 1116 803 1168 λέγει
832 1129 920 1168 τις,
951 1116 1039 1162 πῶς
1069 1113 1090 1168 ἢ
1120 1111 1258 1168 μήτηρ
1292 1113 1457 1167 λέγεται
1487 1129 1620 1166 προσ-

101 1179 362 1238 Ιὸκυνῆσαι,
401 1184 493 1224 ἐπεὶ
530 1184 843 1237 προαποθανεῖν
882 1179 1098 1236 ἔφθασεν,
1130 1180 1314 1222 ἀκουέτω
1345 1176 1408 1221 ὅτι
1437 1182 1509 1222 τοῦ
1531 1180 1619 1222 Ἰα-

164 1248 252 1302 κώβ
280 1245 554 1296 κατελθόντος
582 1249 626 1289 ἐν
656 1246 864 1305 Αἰγύπτῳ
905 1250 978 1288 καί
1003 1245 1365 1303 προσκυνήσαντος
1397 1263 1615 1302 συμπροσ-

163 1317 339 1371 κυνῆσαι
384 1316 543 1368 λέγεται
578 1317 649 1355 καί
676 1313 701 1368 ἡ
732 1312 835 1368 γυνή
869 1313 1026 1366 αὐτοῦ,
1076 1311 1136 1356 ὅτι
1163 1315 1234 1355 καί
1254 1315 1378 1366 σῶμα
1399 1315 1443 1356 ’ἐν
1475 1313 1618 1370 οἶμφὸ-

159 1397 274 1436 τεροι
305 1376 435 1422 οὗτοι.
508 1381 655 1422 ου’κοῦν
694 1378 909 1435 ἐφθόνουν
951 1381 1068 1438 αὐτῷ
1117 1379 1186 1422 διὰ
1214 1382 1339 1422 τοῦτο
1371 1378 1409 1422 οἱ
1438 1379 1620 1436 ἀδελφοί

159 1449 308 1493 αὐτοῦ.
336 1450 408 1489 καί
437 1449 695 1502 φθονοῦντες
722 1449 782 1495 εἰς
811 1446 1037 1501 ἐπιβουλὴν
1065 1446 1285 1503 προδήλως
1310 1449 1516 1501 χωροῦσι,
1546 1448 1619 1489 καί

95 1515 407 1556 αοθανατῶσαι
461 1515 652 1562 θέλοντες
688 1512 821 1555 αῦτὸν
858 1510 1115 1566 ἐμβάλλουσι
1158 1511 1294 1571 λάκκῳ
1334 1515 1466 1571 δεινῷ.
1524 1511 1618 1564 ἑνὸς

160 1582 208 1623 δέ
235 1595 345 1630 τινος
373 1579 633 1635 ὑποθήκαις,
664 1578 826 1634 δηλαδή
858 1581 932 1621 τοῦ
954 1579 1129 1634 Ῥουβῐμ
1157 1576 1232 1622 ἅτε
1261 1579 1363 1637 πρὸς
1387 1579 1516 1623 αὐτὸν
1543 1597 1612 1637 ‹pt-
1627 1589 1662 1623 P.
1681 1589 1742 1634 144

162 1767 269 1801 gnum
294 1755 369 1787 eius
387 1754 587 1799 complures
621 1755 658 1786 in
685 1755 891 1787 dominatus
919 1761 956 1788 et
981 1755 1130 1800 imperia
1150 1755 1300 1788 divisum
1330 1756 1408 1789 suit.
1427 1757 1616 1811 principes

162 1803 231 1848 i'psi
265 1811 339 1835 non
368 1801 539 1835 destitere
577 1802 713 1856 seipsos
756 1802 847 1834 alter
873 1802 1023 1835 alterum
1052 1802 1246 1843 invadere,
1286 1802 1400 1835 donec
1426 1804 1617 1848 imperium

162 1851 358 1883 Romanum
384 1849 618 1894 particulares
642 1850 730 1882 istos
756 1848 958 1882 dominatus
988 1860 1110 1882 omnes
1129 1860 1147 1881 e
1170 1849 1291 1882 medio
1317 1850 1476 1884 sustulit.
1502 1863 1542 1884 ac
1571 1852 1616 1885 de

162 1896 218 1931 his
245 1896 391 1942 quidem
417 1896 602 1930 hactenus.

255 1944 445 1978 Caeterum
480 1943 630 1977 Iacobus
671 1949 790 1989 patres
819 1943 902 1976 illos
934 1943 1149 1977 familiarum
1171 1944 1351 1990 principes
1394 1955 1431 1978 12
1473 1947 1615 1990 genuit,

162 1991 352 2026 Rubenum
382 1992 595 2035 Symeonem
621 1991 769 2024 Levium
793 1991 918 2024 Iudam
944 1997 981 2024 et
1006 1991 1164 2037 reliquos
1191 1991 1318 2025 ordine
1340 1992 1613 2038 subsequentes.

163 2039 306 2073 amabat
346 2044 465 2073 autem
501 2040 584 2084 plus
621 2039 770 2072 caeteris
796 2038 1012 2083 Iosephum,
1046 2045 1121 2073 tum
1149 2039 1246 2084 quod
1271 2045 1367 2073 esset
1393 2046 1479 2073 natu
1506 2042 1615 2074 mini-

160 2098 262 2129 mus,
294 2093 370 2121 tum
399 2087 539 2121 virtutis
577 2098 704 2128 causa,
741 2098 812 2132 qua
851 2086 1025 2131 singulari
1055 2087 1240 2132 praeditus
1282 2093 1368 2120 erat.
1406 2088 1532 2133 itaque
1557 2089 1613 2121 illi

164 2135 297 2168 caeteri
326 2134 452 2168 fratres
490 2134 726 2176 invidebant,
764 2140 800 2167 et
822 2133 968 2179 quidem
995 2145 1069 2167 non
1087 2133 1150 2167 has
1175 2135 1221 2167 ob
1248 2146 1368 2169 causas
1394 2135 1525 2177 modo,
1552 2147 1614 2170 ve·-

162 2183 350 2216 mmetiam
378 2187 528 2228 propter
552 2182 753 2223 insomnia,
780 2193 872 2227 quae
898 2182 930 2214 ei
955 2191 992 2214 se
1017 2187 1126 2216 noctu
1152 2182 1359 2216 offerebant.
1383 2195 1465 2216 nam
1490 2183 1613 2217 videre

161 2229 355 2264 'videbatur
381 2228 577 2275 aliquando
606 2229 729 2263 stellas
759 2241 794 2262 11
822 2240 901 2262 cum
925 2229 1003 2274 ipso
1026 2229 1102 2263 sole
1128 2241 1168 2263 ac
1196 2229 1281 2263 luna
1306 2241 1344 2263 se
1369 2231 1614 2276 congenulan-

165 2276 211 2310 do
234 2283 459 2311 venerantes.
495 2289 537 2310 ac
566 2278 695 2310 stellae
722 2276 868 2322 quidem
894 2277 993 2321 ipsae
1022 2277 1149 2312 fratres
1174 2277 1441 2323 significabant,
1469 2279 1523 2312 sol
1547 2290 1614 2324 pa·-

164 2329 266 2367 trem,
291 2325 378 2358 luna
413 2330 572 2358 matrem.
598 2324 728 2370 quodsi
755 2324 836 2369 quis
869 2329 971 2368 roget
998 2335 1069 2370 quo
1092 2330 1197 2381 pacto
1227 2325 1367 2359 dicatur
1390 2331 1507 2359 mater
1533 2337 1615 2359 eum
1671 2352 1674 2354 .

165 2351 334 2406 venei-ata
361 2383 454 2412 esse,
480 2383 573 2417 quae
599 2373 713 2406 multo
743 2377 826 2405 ante
850 2371 944 2404 diem
969 2371 1006 2405 in
1029 2373 1132 2406 terris
1158 2384 1362 2418 supremum
1391 2373 1556 2424 obierat,
1582 2374 1614 2406 is

167 2419 255 2464 quid
271 2419 399 2453 dicturi
417 2420 526 2453 simus
544 2419 680 2454 audiat.
697 2431 776 2452 cum
793 2419 966 2452 Iacobus
958 2431 994 2452 ln
1007 2419 1204 2466 Aegyptum
1221 2421 1403 2467 profectus
1417 2412 1614 2465 Iosephum

167 2468 351 2500 summisse
372 2473 562 2500 veneratus
585 2473 649 2508 est,
669 2467 823 2500 eundem
839 2467 872 2499 ei
888 2468 1127 2501 venerationis
1145 2468 1317 2502 honorem
1337 2474 1374 2502 et
1393 2479 1483 2501 uxor
1511 2467 1616 2500 exhi-

167 2512 288 2547 buisse
307 2514 449 2556 dicitur,
474 2515 526 2547 uti
547 2526 641 2560 quae
665 2526 792 2560 corpus
810 2526 920 2547 unum
939 2525 1016 2547 cum
1034 2515 1113 2561 ipso
1136 2516 1317 2549 existeret
1335 2522 1442 2561 atque
1457 2515 1549 2548 hanc
1567 2515 1614 2548 ob

167 2571 309 2594 causam
332 2561 458 2595 fratres
492 2573 572 2594 eum
604 2561 739 2595 invidia
770 2562 1090 2607 persequebantur,
1118 2574 1190 2608 qua
1219 2563 1366 2609 quidem
1397 2562 1543 2607 impulsi
1570 2573 1613 2596 eo

168 2619 314 2653 quoque
349 2609 628 2654 progrediuntur
643 2614 684 2642 ut
723 2609 874 2642 insidias
921 2609 953 2642 ei
988 2610 1195 2644 manifestas
1230 2615 1418 2644 struerent.
1460 2621 1613 2655 cumque

169 2661 282 2688 morte
305 2656 490 2689 multaturi
514 2656 695 2689 hominem
723 2662 856 2698 essent,
880 2657 1115 2701 periculosam
1138 2658 1176 2691 in
1196 2669 1313 2702 vorag-⁴
1322 2668 1399 2690 nem
1426 2655 1614 2691 abiiciunt.

169 2701 233 2735 sed
256 2703 362 2736 unius
400 2703 585 2737 cuiusdam
611 2715 630 2736 e
654 2703 822 2737 fratribus
851 2703 1028 2747 consilio,
1054 2705 1118 2752 qui
1135 2705 1305 2739 Rubenus
1329 2709 1426 2743 erat,
1449 2705 1503 2738 vir
1527 2716 1614 2750 pro·

170 2760 283 2794 penso
310 2760 350 2782 ac
376 2748 553 2784 benevolo
578 2752 616 2785 in
639 2751 832 2796 losephnm
870 2751 1008 2793 animo,
1034 2751 1079 2786 de
1105 2753 1274 2796 voragine
1299 2763 1418 2785 rursus
1443 2763 1522 2784 eum
1552 2763 1613 2785 ex-
