1826 3120
251 176 267 209 1
281 155 356 223 44
683 167 967 215 nummatis
1007 166 1225 208 GLYCAE

243 275 318 318 καὶ
343 278 471 318 δῦσαι
497 270 602 317 κατὰ
628 270 699 313 τὸν
727 268 856 311 τύπον
887 269 970 310 τῶν
998 266 1251 324 φωοτήρων,
1282 269 1353 310 καί
1377 262 1504 324 ἄλλην
1533 265 1683 311 ἀνατο-

243 341 319 397 λὴν
347 341 470 383 πάλιν
509 341 652 392 λαβεῖν
680 334 953 387 ἐξανάστασιν
985 335 1030 376 ἐκ
1059 333 1231 387 νεκρῶν.
1287 330 1469 388 ἔδραμεν
1495 333 1517 377 ὅ
1546 333 1686 388 Ἀδὰμ

246 410 306 458 εἷς
333 408 477 461 δυ’σιν,
506 404 653 447 ἔδυσεν
679 403 739 452 εἰς
764 399 911 458 τάφον.
948 396 1079 454 ἦλθεν
1109 397 1132 439 ὁ
1157 395 1345 453 Χριστός
1362 430 1373 452 ,
1398 397 1687 456 καὶ-ἐποίησεν

203 477 460 517 Βοῖνατεῖλαι
481 469 774 513 τὸν’δυ’σαντα.
801 466 872 509 διὰ
900 469 1020 510 τοῦτο
1054 467 1163 520 λέγει
1191 464 1214 506 ὁ
1234 463 1453 522 προφήτης
1477 464 1683 522 „dvm-0275

247 534 378 592 ὄνομα
409 538 567 595 αὕτῷ.”
1310 584 1314 588 ¹
1538 570 1542 572 ,
1696 540 1722 580 5

354 606 395 646 Γ
393 605 540 645 ι’νωσκε
570 602 616 644 δὲ
646 602 719 642 καί
760 601 878 642 τοῦτο
895 631 907 653 ,
937 594 1003 640 ὅτι
1028 597 1052 640 ὅ
1082 596 1351 653 ἐξερχόμενος
1379 598 1424 639 ἐκ
1450 598 1526 639 τοῦ
1548 613 1688 654 παρα-

245 671 387 711 δει’σου
414 667 600 722 ποταμὸς
641 669 700 716 εἰς
727 669 935 721 τέσσαρας
963 663 1100 719 ἀρχὰς
1127 665 1367 720 μερίζεται,
1395 664 1583 706 τουτέστι
1609 679 1689 718 πη-

130 747 173 780 V.
187 746 230 789 59
242 735 340 790 γάς,
370 736 448 792 ἀφ’
475 730 533 778 ὧν
561 733 599 776 οἱ
627 736 825 787 τέσσαρες
852 734 1044 784 ποταμοί.
1080 733 1152 773 καί
1176 730 1250 773 ἐὰν
1279 729 1316 773 οἱ
1345 733 1544 783 τέσσαρες
1571 723 1688 771 οὗτοι

241 804 427 855 ποταμοί
452 802 495 852 ἐξ
529 798 620 850 ἑνὸς
648 799 792 853 ἔχουσι
835 799 1024 851 ποταμοῦ
1059 798 1135 852 τὴν
1163 793 1326 852 ἀρχήν,
1362 795 1433 839 διὰ
1463 798 1512 838 τί
1527 794 1587 851 μὴ
1616 798 1692 840 καί

240 868 286 910 τὸ
318 865 434 922 ὕδωρ
477 868 619 908 αὕτῶν
649 867 721 918 ἓν,
767 864 837 907 διὰ
879 867 926 907 τί
959 862 1016 918 μή
1052 864 1125 905 καί
1163 862 1187 917 ἦ
1214 862 1381 918 ποιότης
1410 862 1554 912 αὐτοῖς
1577 865 1752 916 μίαςιο

241 931 616 988 μεταλαμβάνουσι
636 933 710 986 τῆς
735 933 809 986 γῆς
838 932 910 972 καί
931 931 1005 985 τῆς
1033 927 1241 984 ποιότητος
1272 930 1354 971 τῶν
1382 927 1519 970 τόπων
1546 930 1602 971 δι’
1629 923 1690 972 ὧν

242 1001 554 1054 παρέρχονται,
596 1000 670 1040 καί
707 996 778 1039 διοὶ
809 999 931 1039 τοῦτο
972 997 1317 1051 παρηλλαγμένην
1351 992 1498 1049 ἔχουσι
1537 992 1614 1049 τήν
1643 1010 1691 1038 τι

242 1069 386 1121 γεῦσιν
414 1062 557 1107 αὖτῶν
583 1066 658 1106 καί
684 1061 897 1118 ποιότητα.
953 1058 1034 1115 δ’ρα
1063 1060 1142 1117 γὰρ
1177 1059 1239 1103 ὅτι
1268 1063 1340 1104 καί
1366 1059 1469 1103 αὐτὸ
1496 1060 1542 1103 τὸ
1570 1057 1687 1118 ὕδωρ

241 1133 344 1184 μίαν
375 1134 453 1183 μὲν
475 1130 566 1185 ἔχει
593 1128 667 1185 την
695 1131 825 1186 φύσιν
855 1127 928 1170 καί
950 1126 1028 1183 τὴν
1056 1125 1276 1183 ποιότητα,
1311 1128 1401 1169 ἀλλ’
1431 1125 1506 1170 ἐὰν
1533 1129 1691 1182 ἐμβλη-

243 1199 304 1255 θῇ
334 1198 452 1254 αὐτῷ
492 1195 707 1250 α’ψίνθιον,
756 1192 884 1249 ἄλλην
914 1192 1114 1249 ποιότητα
1143 1199 1271 1246 ποιεῖ’,
1305 1191 1380 1235 ἐὰν
1408 1189 1586 1248 ἄνηθον,
1616 1189 1690 1236 ἄλ·
1707 1201 1753 1241 15

245 1269 340 1319 λην,
374 1265 448 1305 καί
473 1258 621 1316 ἑτέραν
669 1257 822 1314 αὖθις,
870 1258 942 1302 ἐὰν
970 1257 1167 1314 πήγανον.
1245 1261 1492 1315 διέρχεσθαι
1519 1260 1567 1302 δὲ
1593 1258 1692 1310 τούς

137 1340 174 1375 P.
190 1341 234 1386 76
246 1327 455 1382 ποταμοὺς
485 1327 555 1369 διά
582 1344 704 1369 τινων
733 1324 953 1379 ὑπονόμων
973 1324 1113 1367 τόπων
1141 1322 1401 1383 (ῥκονόμησεν
1430 1324 1451 1368 ὃ
1481 1323 1594 1380 θεός,
1622 1327 1695 1369 καί

243 1397 288 1445 ἐξ
312 1393 463 1448 ἐτέρων
489 1395 632 1448 οἷρχῶν
660 1389 816 1441 αὗτούς
856 1393 1170 1448 ἀναφαίνεσθαι
1188 1424 1201 1444 ,
1233 1391 1300 1433 ἵνα
1329 1390 1387 1446 μὴ
1421 1398 1514 1441 ταῖς
1539 1386 1694 1446 ὄχθαις

244 1462 383 1503 αὐτῶν
431 1460 759 1508 ἀκολουθοῦντες
792 1474 900 1508 τινες
929 1457 1058 1500 αὐτὸν
1081 1459 1326 1514 ἐπιχειρῶσι
1352 1461 1600 1512 καταλαβεῖν
1620 1457 1693 1501 τὸν

243 1525 515 1581 παράδεισον.
1701 1541 1755 1568 20

360 1587 466 1633 Οἶδα
497 1592 568 1644 δέ,
606 1589 794 1644 ἂγαπητέ
811 1622 822 1640 ,
869 1586 933 1631 ὅτι
958 1589 1032 1630 καί
1057 1578 1179 1631 τοῦτο
1206 1588 1309 1642 μετὰ
1343 1592 1425 1632 τῶν
1451 1585 1590 1632 ἄλλων
1619 1592 1691 1646 ζη-

245 1662 341 1711 τεῖς,
361 1658 409 1699 τί
431 1654 481 1711 δή
498 1671 598 1697 ποτε
616 1654 715 1708 περί
742 1656 926 1709 οὐρανοῦ
948 1656 1019 1697 καί
1036 1656 1109 1710 γῆς
1135 1653 1209 1696 καὶ
1231 1655 1398 1698 πάντων
1416 1656 1563 1713 ἑφεξῆς
1581 1658 1691 1708 διεξ-

247 1722 324 1766 ιών
335 1724 502 1779 Μωσῆς
530 1725 601 1777 τῆς
630 1724 714 1763 τῶν
729 1717 912 1776 ἀγγέλων
931 1723 1205 1777 δημιουργίας
1224 1721 1417 1776 οὐδαμοῦ
1431 1723 1691 1780 μεμνημένος

344 1842 394 1875 ¹8.
421 1841 514 1874 αὐτο
523 1835 579 1887 ῦς]
605 1834 742 1877 onmis?

250 1966 384 1998 delicet
408 1969 629 1997 mortuorum
663 1963 970 1996 resurrectionem.
1019 1961 1173 1995 Adamus
1201 1961 1247 1994 ad
1274 1972 1433 1994 occasum
1461 1972 1564 1996 cursu
1589 1962 1690 1996 dela-

248 2018 306 2046 tus
336 2017 400 2052 est,
427 2017 463 2044 et
485 2011 523 2043 in
548 2010 749 2055 sepulcrum
773 2010 1029 2055 praecipitatus
1055 2008 1196 2042 occidit.
1221 2009 1321 2041 venit
1347 2008 1518 2050 Christus,
1546 2015 1583 2043 et
1607 2021 1690 2044 eum

250 2060 313 2104 qui
340 2058 521 2091 occiderat
545 2069 662 2090 rursus
687 2058 817 2090 exoriri
843 2057 939 2090 fecit.
965 2057 1094 2089 iccirco
1114 2055 1158 2088 de
1183 2055 1259 2100 ipso
1281 2061 1380 2089 vates
1405 2056 1558 2102 (Zachar.
1582 2057 1605 2090 6
1635 2058 1689 2104 η)

251 2106 374 2150 inquit
401 2116 470 2146 „en
497 2103 621 2145 homo,
651 2106 707 2136 cui
732 2115 864 2138 nomen
889 2104 1021 2136 ortus.”

343 2152 419 2184 Hoc
445 2162 589 2195 quoque
616 2151 800 2184 sciendum
829 2156 883 2184 est
910 2151 1002 2191 tibi,
1027 2149 1173 2182 fluvium
1200 2148 1262 2192 qui
1288 2148 1332 2181 de
1360 2149 1526 2194 paradiso
1549 2153 1691 2195 proma-

251 2204 335 2239 nat,
361 2204 531 2242 quattuor
556 2198 593 2230 in
620 2199 807 2243 principia,
832 2197 870 2230 id
894 2203 948 2231 est
974 2198 1115 2237 fontes,
1150 2194 1285 2236 dividi,
1312 2195 1356 2229 de
1382 2197 1512 2241 quibus
1543 2197 1692 2230 flumina

253 2251 426 2291 quattuor
451 2245 624 2277 oriuntur.
652 2246 780 2289 quodsi
806 2250 978 2290 quattuor
1009 2243 1047 2276 hi
1072 2253 1191 2276 amnes
1216 2241 1261 2274 de
1286 2255 1358 2276 uno
1385 2244 1485 2277 sonte
1514 2244 1692 2289 principi-

252 2305 312 2325 um
337 2291 482 2332 habent,
505 2303 566 2323 cur
589 2302 662 2324 non
689 2298 725 2325 et
741 2304 832 2337 aqua
856 2293 1013 2337 ipsorum
1038 2302 1108 2324 una
1132 2289 1208 2322 est?
1233 2301 1295 2322 cur
1319 2302 1391 2323 non
1411 2302 1482 2324 una
1508 2291 1689 2335 qualitas?

222 2339 420 2373 ”nimirum
446 2344 561 2370 terrae
585 2339 818 2384 locorumque
859 2339 1064 2384 qualitatis,
1101 2347 1166 2382 per
1199 2347 1290 2381 quae
1327 2337 1465 2378 fluunt,
1498 2338 1690 2383 participes
1747 2338 1749 2341 ’

254 2385 475 2426 redduntur3
508 2395 577 2429 quo
603 2386 642 2418 fit
666 2391 706 2419 ut
731 2392 802 2419 tam
828 2392 930 2431 gustu
955 2396 1062 2431 quam
1087 2383 1262 2429 qualitate
1290 2384 1362 2417 sint
1394 2384 1534 2417 diversi.
1563 2395 1690 2430 aquam

251 2435 364 2479 ipsam
389 2431 477 2465 mihi
503 2432 654 2464 intuere.
678 2432 789 2466 habet
814 2433 904 2466 haec
927 2440 1090 2466 naturam
1114 2429 1263 2463 eandem
1289 2437 1326 2464 et
1354 2431 1503 2464 eandem
1532 2432 1691 2476 qualita-

252 2487 335 2514 tem.
358 2490 480 2512 verum
509 2478 538 2510 si
565 2479 783 2512 absinthium
812 2481 850 2513 in
875 2492 951 2513 eam
972 2479 1154 2519 coniicias,
1178 2477 1248 2509 alia
1274 2478 1429 2522 qualitas
1454 2478 1491 2511 in
1516 2489 1557 2511 ea
1581 2478 1690 2512 effici-

253 2533 334 2567 tur,
360 2527 445 2559 item
470 2525 560 2565 alia,
600 2525 629 2557 si
655 2525 835 2566 anethum,
861 2527 931 2559 alia
956 2527 986 2560 si
1009 2531 1132 2559 rutam.
1159 2529 1339 2557 caeterum
1366 2525 1430 2558 hos
1455 2536 1574 2558 amnes
1601 2525 1688 2559 deus

252 2574 329 2607 labi
357 2584 421 2618 per
454 2571 704 2605 subterraneos
731 2573 901 2617 quosdam
926 2579 1063 2607 meatus
1087 2576 1183 2605 certo
1210 2572 1359 2605 consilio
1385 2572 1519 2613 voluit,
1545 2578 1582 2605 et
1606 2573 1688 2606 aliis

253 2632 273 2654 e
297 2620 483 2666 principiis
511 2630 649 2651 rursum
674 2619 758 2651 oriri
782 2626 890 2664 atque
915 2619 1085 2666 conspici,
1109 2629 1155 2652 ne
1179 2619 1241 2664 qui
1265 2619 1358 2664 ripas
1382 2618 1509 2651 horum
1533 2630 1688 2665 sequen-

250 2674 305 2701 tes
330 2666 531 2711 paradisum
556 2676 728 2710 occupare
755 2673 941 2702 conentur.
1670 2689 1674 2709 ,ς

344 2714 442 2746 Inter
479 2713 550 2745 alia
577 2723 684 2753 vero,
722 2712 856 2746 dilecte
891 2715 962 2755 fili,
993 2719 1030 2748 te
1054 2713 1121 2747 hoc
1146 2722 1288 2758 quoque
1319 2712 1392 2744 scio
1419 2714 1686 2757 quaesiturum,

254 2760 485 2807 quamobrem
511 2759 555 2792 de
585 2759 706 2800 coelo,
730 2765 845 2801 terra,
880 2762 1029 2806 reliquis
1056 2761 1222 2794 omuibus
1251 2758 1377 2793 ordine
1407 2759 1583 2794 disserens
1608 2760 1686 2793 Mo-
