1826 3120
572 160 860 218 mmmm
890 170 1028 213 PARS
1061 173 1116 212 11.
1452 147 1566 210 353

113 269 382 322 οςεῦοδώσει
410 271 455 314 ἕν
481 274 600 327 χειρί
614 274 858 349 ,Bamls'w4-3'’
887 267 978 314 εἶτα
1010 267 1216 326 ὄρκωθείς
1243 267 1294 312 τὰ
1316 271 1415 312 θεῖα
1442 283 1571 324 προε-

111 337 258 420 μῖήνυε.
315 340 394 380 τοῦ
426 339 528 393 γοῦν
554 335 724 391 Ἀχαὰβ
752 337 858 391 πρὸς
881 335 955 379 τὸν
981 334 1206 392 Ἰωσαφὰτ
1241 335 1435 386 ἐἰπόντος
1461 330 1607 389 ,,ὀὖκΒ

113 401 232 447 εἶπόν
258 420 325 447 σοι
356 401 414 447 ὅτι
447 404 496 446 οὖ
517 406 708 481 προλέγει
735 419 811 457 μοι
844 402 950 445 καλοὶ
981 403 1076 445 ἀλλ’
1103 399 1132 458 ἢ
1161 403 1315 456 κακάς”
1348 401 1369 444 ὅ
1403 399 1571 457 προφή-

102 486 187 529 της
212 469 296 527 ἔφη
325 472 432 525 „ov‘x
460 469 558 525 ἐγώ.
619 465 799 512 ἄκουσον
826 468 899 512 τὸν
925 468 1046 524 λόγον
1064 469 1228 524 κυρίου.
1286 465 1398 511 εἶδον
1424 468 1573 525 κύριον

77 535 190 585 ὅτόν.
217 536 320 580 θεὸν
351 538 424 579 τοῦ
449 535 628 592 Ἰσραήλ
659 534 898 591 καυήμενον
927 537 1000 578 ἐπι
1027 534 1184 591 θρόνου
1205 531 1357 589 αυτοῦ,
1387 552 1458 577 και
1490 536 1575 577 πᾶ-

114 620 170 646 σα
198 603 223 660 ἦ
272 602 450 659 στρατια
481 606 558 645 τοῦ
586 603 772 657 οὐρανοῦ
809 599 1080 656 παρειστήκει
1110 601 1248 661 αὐτῷ,
1279 601 1352 644 καί
1380 598 1469 643 εἶπε
1492 598 1576 650 ετίς

115 669 320 726 α’πατήσει
348 668 419 711 τὸν
447 668 612 724 Ἀχαὰβ
646 670 825 722 βασιλέα
866 669 943 711 τοῦ
977 665 1179 724 Ἰσραήλ,
1219 670 1292 710 καί
1318 667 1576 724 α’ναβήσεται

115 737 175 786 εἰς
197 735 325 790 ‘Pena'
362 739 403 778 Γ
401 734 567 789 ulad-⁹,
605 737 680 777 καί
717 741 909 777 πεσεῖται
955 735 1078 787 ἐκεῖς’
1105 734 1179 776 καί
1207 737 1357 790 ἐξῆλθε
1386 736 1575 788 πνεῦμα,

115 803 191 846 καί
215 801 311 858 ἔστη
331 803 506 846 ἐνώπιον
534 802 697 857 κυρίου,
727 801 801 844 καί
825 799 939 843 εἶπεν
960 801 1057 856 εἐγώ
1085 801 1291 856 ἀπατήσω
1312 800 1474 844 ἀὐτόνῖ
1504 802 1578 842 κ-αἰ

54 888 104 916 ιο
117 866 215 912 εἶπε·
245 869 390 925 κύριος
416 868 522 925 πρὸς
561 867 664 911 αὐτό
700 866 761 910 ςἐν
790 869 904 920 τίνι,·’
932 868 1007 910 καί
1031 864 1144 910 εἶπεν
1165 865 1475 922 ζε’ξελεύσομαι,
1506 867 1580 909 καί

115 934 268 990 ἔσομαι
297 937 461 989 πνεῦμα
492 936 650 989 ψευδὲς
679 936 724 977 ἐν
750 937 810 992 τῷ
841 935 1019 988 στόματι
1039 935 1207 977 πάντων
1234 935 1317 976 τῶν
1345 937 1617 991 προφητῶνῦ

115 1003 274 1055 αὐτοῦ,
303 1001 377 1044 καί
400 1000 602 1058 ἀπατήσω
634 997 792 1044 αὖτόν.’
821 1003 894 1043 καί
919 997 1039 1054 εἶπες
1061 1000 1238 1058 ζδυνήσῃ
1268 1003 1477 1055 ἐξελθεῖν,
1507 1001 1580 1043 καὶ

113 1067 321 1124 ποίησονὲ
340 1071 360 1084 ”
392 1070 527 1111 ταῦτα
554 1070 602 1110 δὲ
632 1068 789 1122 πάντα,
832 1068 947 1110 καθά
981 1084 1088 1124 φησι
1121 1065 1418 1124 Θεοδώρητος)
1447 1075 1581 1122 προσ-

115 1136 323 1177 ωποποιία
349 1136 444 1177 ἐστι’
472 1132 735 1177 διδάσκουσα
761 1135 874 1190 ἡμᾶς
902 1132 980 1189 τήν
1007 1136 1132 1176 θείαν
1161 1133 1446 1190 συγχώρησιν.
1505 1130 1582 1176 01‘1'-

55 1192 175 1248 zfiriu
201 1204 280 1255 μὲν
307 1196 383 1244 οὖν
411 1200 485 1244 καί
499 1199 549 1244 τιὶ
582 1199 686 1244 κατὰ
714 1199 787 1244 τὸν
802 1200 920 1255 Ἰώβ,
952 1203 998 1243 ἐν
1026 1196 1089 1250 οἷς
1115 1201 1141 1256 ἦ
1168 1200 1314 1257 γραφή
1345 1217 1451 1257 φησι
1479 1200 1581 1250 τούς

118 1268 320 1323 ἀγγέλους
349 1268 527 1310 ἐνώπιον
553 1270 821 1324 παραστῆναι
864 1270 941 1310 τοῦ
970 1269 1074 1309 θεοῦ
1101 1267 1175 1309 καὶ
1199 1266 1271 1310 τὸν
1304 1266 1503 1322 διάβολον
1536 1269 1582 1309 ἐν

116 1335 234 1392 μέσῳ
265 1335 435 1388 αὐτῶν,
467 1335 542 1376 καί
566 1331 677 1376 οὕτω
710 1335 991 1389 διαλεχθῆναι
1021 1333 1127 1389 πρὸς
1151 1331 1224 1376 τὸν
1249 1331 1418 1390 κύριον,
1448 1349 1583 1389 προσ-

121 1400 354 1443 ωποποιίαν
398 1397 512 1443 εἶναι’
549 1417 681 1458 φησιν
725 1398 748 1441 ὅ
787 1403 900 1450 θεῖος
928 1399 1253 1455 Χρυσόστομος.
1330 1400 1405 1442 τὸν
1433 1402 1580 1452 μέντοι

120 1465 248 1510 Βάαλ
285 1466 389 1509 θεὸν
430 1464 540 1510 εἶναι
572 1470 684 1522 λέγει
729 1468 895 1522 Τυρίων
921 1467 942 1510 ὃ
970 1465 1194 1523 Ἰώσηπος,
1222 1467 1302 1522 τήν
1330 1468 1377 1508 δὲ
1403 1465 1582 1522 Ἀστάρ-

55 1550 195 1590 αοτην
222 1532 462 1586 Σιδωνίων,
505 1532 691 1589 Βααλήμ
733 1535 779 1576 δὲ
825 1531 899 1575 τὸν
922 1535 1000 1576 τοῦ
1026 1531 1150 1576 Βάαλ
1183 1533 1327 1589 σηκόν.
1385 1535 1459 1574 καί
1485 1531 1586 1587 περὶ

118 1603 198 1656 μὲν
225 1602 384 1645 τούτων
412 1597 558 1655 οὕτως,
591 1599 612 1643 ὃ
643 1603 690 1643 δὲ
710 1598 926 1658 Ἰωσαφὰτ
955 1601 1028 1644 καί
1046 1598 1268 1659 προφήτην
1299 1598 1482 1656 ζητήσας
1510 1598 1584 1641 καί
1591 1605 1623 1638 D

121 1771 316 1805 hilominus
345 1771 551 1816 arcessitur3
578 1778 615 1806 et
640 1773 755 1818 primo
785 1772 930 1819 quidem
953 1771 1148 1818 respondet
1171 1772 1329 1807 eundum
1354 1784 1428 1806 esse
1444 1798 1455 1815 ‚
1481 1771 1582 1818 quod

122 1819 269 1853 domino
294 1819 438 1853 favente
465 1821 539 1864 regi
567 1820 723 1853 feliciter
738 1831 791 1853 res
817 1832 940 1854 omnes
965 1821 1040 1854 sint
1063 1829 1302 1854 successurae.
1322 1826 1450 1854 'verum
1475 1819 1581 1853 dein-

121 1878 205 1912 ceps
230 1878 310 1900 eum
335 1866 540 1901 obtestante
577 1879 641 1913 per
665 1873 926 1901 sacramentum
952 1878 1056 1912 rege,
1084 1867 1243 1902 divinam
1267 1873 1426 1901 mentem
1454 1868 1582 1912 aperit.

120 1921 197 1949 tum
234 1913 403 1947 Achaabo
440 1915 486 1948 ad
509 1914 741 1960 Iosaphatum
773 1914 941 1947 dicente:
973 1925 1118 1956 „nonne
1156 1914 1318 1960 praedixi
1342 1920 1460 1948 vatem
1486 1914 1583 1948 hunc

121 1962 212 1996 mihi
236 1961 330 1995 nihil
358 1961 446 1995 honi
472 1962 706 2004 denuntiare,
739 1963 802 1996 sed
827 1967 969 1995 tantum
997 1962 1200 1996 infausta?”
1225 1961 1379 1995 subiecit
1401 1961 1583 1995 Michaeas

122 2009 310 2052 „videbam
348 2009 559 2052 dominum,
601 2009 708 2043 deum
741 2010 1002 2051 Israelitarum,
1041 2009 1079 2042 in
1104 2009 1196 2043 solio
1221 2020 1284 2042 su'o
1309 2009 1584 2051 considentem,

122 2068 277 2103 cumque
311 2058 498 2090 universae
534 2058 662 2103 copiae
700 2058 874 2090 coelestes
911 2057 980 2101 ipsi
1017 2056 1222 2098 adstarent,
1258 2056 1347 2090 haec
1386 2057 1482 2090 fatus
1508 2063 1583 2090 est:

122 2104 422 2150 quistchaabum
446 2115 564 2149 regem
591 2105 797 2138 lsraelicum
825 2104 1002 2149 decipiet,
1026 2109 1068 2136 ut
1091 2115 1171 2137 cum
1198 2105 1357 2137 exercitu
1377 2105 1485 2137 Rema
1512 2104 1586 2137 Ga-

123 2151 308 2185 laaditidis
327 2152 500 2197 oppidum
513 2153 763 2198 proficiscatur
788 2158 897 2197 atque
923 2151 975 2184 ibi
993 2151 1133 2196 pereat?
1160 2158 1236 2185 tum
1262 2163 1299 2185 se
1324 2152 1471 2196 spiritus
1498 2152 1584 2197 qui-

124 2198 207 2232 dam
229 2200 429 2245 proripuit,
465 2205 502 2233 et
541 2211 658 2234 corim
689 2199 836 2232 domino
861 2210 897 2231 se
923 2199 1053 2232 sistens
1080 2199 1117 2231 in
1140 2198 1237 2232 hunc
1265 2199 1411 2232 modum
1437 2199 1582 2233 locutus

125 2252 201 2280 est:
225 2257 313 2292 „ego
341 2258 425 2279 vero
454 2247 637 2281 hominem
661 2246 848 2292 decipiam.
851 2247 870 2260 ’'
897 2247 954 2279 cui
979 2245 1144 2279 dominus
1166 2252 1226 2288 „et
1243 2258 1316 2292 quo
1341 2246 1488 2280 tandem
1515 2259 1582 2292 pa-

125 2293 212 2328 cto'.
225 2293 413 2335 '„abibo''
450 2295 615 2340 inquit,
619 2300 668 2336 ,et
691 2306 751 2327 ero
779 2294 923 2339 spiritus
958 2293 1112 2327 mendax
1135 2294 1173 2326 in
1197 2305 1258 2327 ore
1285 2300 1495 2328 cunctorum
1520 2306 1581 2327 vu-

126 2346 204 2375 tum
235 2341 335 2383 eius,
363 2351 480 2386 eoque
507 2342 616 2375 modo
646 2342 762 2387 ipsum
794 2341 928 2374 fallam.
930 2341 950 2354 ''
984 2346 1061 2374 tum
1088 2340 1253 2374 dominus
1277 2341 1360 2384 „abi
1385 2343 1490 2386 ergo”
1517 2342 1581 2382 ait,
1619 2368 1622 2369 ν

126 2387 322 2434 „quodque
359 2388 503 2430 dixisti,
530 2390 685 2423 fucitol’
722 2394 805 2422 sunt
830 2393 951 2421 autem
993 2388 1082 2421 haec
1108 2390 1250 2430 omnia,
1276 2388 1583 2434 quemadmodum

126 2435 372 2470 'lheodoritus
407 2438 568 2482 scripsit,
594 2448 712 2469 merae
745 2446 976 2481 personarum
1001 2436 1186 2478 fictiones,
1219 2448 1312 2482 quae
1337 2449 1402 2470 nos
1431 2436 1476 2469 de
1501 2447 1584 2481 per-

125 2483 295 2516 missione
333 2483 455 2516 divina
486 2484 666 2517 erudiunt.
712 2484 840 2517 eodem
879 2481 986 2515 modo
1013 2495 1091 2516 cum
1114 2484 1153 2517 in
1189 2485 1394 2518 narratione
1420 2483 1465 2516 de
1494 2483 1583 2515 lobo

127 2529 271 2563 litterae
295 2541 414 2564 sacrae
441 2531 602 2564 referunt
629 2531 773 2575 angelos
804 2542 919 2563 coram
947 2529 1091 2564 domino
1115 2531 1313 2574 adstitisse,
1338 2543 1378 2564 ac
1401 2531 1497 2564 inter
1523 2541 1584 2563 eos

127 2577 246 2621 ipsum
272 2587 416 2623 quoque
443 2578 645 2619 diabolum,
671 2580 734 2623 qui
760 2578 867 2611 deum
892 2578 1181 2623 compellaverit,
1209 2578 1353 2612 divinus
1381 2578 1445 2611 ille
1471 2577 1586 2621 Chry-

128 2629 306 2657 sostomus
334 2636 566 2669 personarum
584 2626 768 2659 fictionem
796 2625 963 2669 agnoscit.
993 2632 1174 2660 caeterum
1201 2627 1286 2659 Baal
1314 2625 1467 2670 Iosepho
1496 2625 1584 2658 deus

130 2677 185 2704 est
209 2671 448 2714 Assyriorum,
489 2673 631 2707 Astarte
668 2684 752 2706 vero
782 2672 1034 2715 Sidoniorum,
1066 2674 1200 2706 Baalim
1227 2673 1385 2717 denique
1414 2672 1584 2705 sacellum

128 2718 215 2751 Ba‘al
248 2718 512 2764 iuterpretatur.
548 2731 589 2754 ac
622 2720 667 2752 (le
693 2719 747 2753 his
774 2720 920 2764 quidem
954 2719 1042 2753 haec
1066 2721 1223 2754 indicata
1246 2726 1365 2754 sunto.
1413 2719 1586 2764 Iosopha-

129 2771 187 2799 tus
232 2771 351 2798 autem
375 2767 550 2813 requisito
586 2774 667 2803 vate
694 2779 735 2801 ac
768 2766 974 2801 huiusmodi
1003 2767 1107 2803 rebus
1134 2779 1177 2802 ex
1204 2779 1246 2802 eo
1273 2767 1424 2810 cognitis
1450 2767 1586 2802 nihilo-

217 2834 361 2877 Glycas.
1295 2838 1337 2867 23
