1826 3120
595 122 878 164 ANNALIUM
919 124 1054 164 PARS
1099 125 1131 164 1.
1489 123 1588 180 ¹77

141 223 390 280 εἰς-ἀἰῶνας
414 226 467 280 τῇ
498 222 696 282 ἔπωδύνῳ
726 223 858 283 ταύτῃ
891 223 962 267 καί
988 225 1191 283 μοχθηρᾷ
1218 226 1360 281 βιοτῇ,
1394 225 1507 267 καθὰ
1540 225 1592 279 δὴ

139 289 214 332 καί
249 288 272 331 ὅ
316 292 506 346 χρυσοῦς
550 290 626 346 τήν
661 289 852 346 γλῶττάν
882 308 1015 348 φησι,
1054 297 1307 347 παραχωρεῖ
1338 293 1395 350 τῷ
1430 290 1594 348 θανάτῳ

140 354 244 399 κατὰ
288 358 364 400 τοῦ
391 352 606 400 ἀθανάτου
645 359 866 412 χωρῆσαι,
906 360 979 400 καί
1017 356 1177 412 γίνεται
1205 358 1337 416 τούτῳ
1369 359 1427 415 τῷ
1454 356 1593 414 τρόπῳ

137 421 293 479 θνητὸς
333 422 354 465 ὃ
387 422 600 474 α’θοίνατος
639 424 712 465 καί
750 422 942 480 φθαρτὸς
982 420 1136 477 ὁμοίως
1176 422 1198 466 ὅ
1230 419 1465 481 ἄφθαρτος,
1523 424 1700 477 καίΡ.93

100 492 321 535 5πειθέτω
362 489 473 545 ἡμᾶς
515 491 587 532 ἐπί
611 490 734 533 πλέον
774 486 795 533 ὃ
819 491 951 544 μέγας
980 493 1207 540 Βασίλειος
1234 488 1342 533 οὕτω
1371 493 1470 547 περὶ
1497 491 1594 535 τού-

136 572 212 598 του
258 558 388 612 λέγων
425 556 533 610 »οὔκ
573 554 757 599 ἐκώλυσε
796 558 842 598 δὲ
887 554 960 598 τὸν
1003 554 1190 599 θάνατον
1227 557 1249 599 ὁ
1278 559 1397 612 θεός,
1433 558 1501 602 ἵνα
1531 556 1592 614 μὴ

135 621 352 667 ἀθάνατον
380 622 480 677 ἡμῖν
505 621 578 678 τὴν
607 623 848 678 ἀρρωστίαν
875 621 1076 680 τηρήσῃ.”
1130 624 1201 665 ἐπὶ
1224 627 1364 679 κέρδει
1393 624 1540 668 λοιπὸν
1570 625 1595 667 ὅ

134 687 345 742 θάνατος,
372 690 447 731 καί
473 691 539 731 ἐπ’
567 688 808 744 εὐεργεσιίκν
848 689 873 745 ἦ
906 689 1090 744 τιμωρία
1119 689 1284 732 δίδοται
1314 691 1418 734 κατὰ
1451 691 1520 735 τὸν
1548 694 1593 735 ἐν

133 757 327 815 θεολογιζι
358 758 492 810 μέγαν
519 756 560 797 Γ
558 755 767 811 ρηγόριον.
794 756 864 812 ἐφ’
891 749 925 814 ᾧ
949 757 1023 798 καί
1047 755 1373 816 σκυθρωπάζειν
1400 758 1473 800 ἐπὶ
1497 757 1594 801 τού-

74 837 122 866 10
134 837 220 871 τοις
243 823 320 863 οιῖκ
345 818 528 877 εὔλογον.
603 823 643 864 εἰ
674 820 757 877 γάρ
788 824 862 864 καί
892 824 952 872 εἰς
979 825 1056 878 γῆν
1086 819 1187 864 ὅθεν
1212 822 1459 880 ἑλήφθημεν
1489 825 1593 869 ἀπο-

133 885 405 945 στρεφόμεθα
450 887 558 930 nard
589 887 664 943 τήν
705 887 817 944 α’ροὶν
850 887 1009 944 ἐκείνην
1038 887 1113 943 τήν
1145 886 1254 932 οὕτω
1284 892 1486 944 λέγουσαν
1514 895 1594 948 »γῆ

133 949 176 996 εἶ
203 956 276 996 καί
312 955 373 1004 εἷς
400 956 474 1009 γῆν
505 954 764 1012 ‘inestuans’
803 951 892 997 ἀλλ’
923 957 1105 1007 ἐκεῖθεν,
1145 955 1199 1004 ὠς
1229 955 1249 998 ὅ
1276 956 1591 1014 χρυσορρήμων

127 1019 321 1076 Ἰωάννης
376 1021 504 1078 φησί,
550 1023 623 1062 καί
660 1017 784 1071 αὖθις
815 1020 1236 1077 ἄναλαμβανόμεθα,
1265 1024 1495 1066 κᾶντεῦθεν
1522 1027 1595 1067 ἐπὶ

130 1086 178 1128 τὸ
224 1087 387 1140 βέλτιον
416 1085 880 1143 μεταστοιχειούμεθα,
916 1089 989 1129 καί
1011 1091 1195 1131 τοιοῦτοι
1226 1089 1432 1144 γινόμεθα
1466 1090 1592 1133 πάλιν

71 1149 270 1196 ῐόὅποῖοι
316 1154 389 1195 καί
422 1155 625 1211 πρότερον
682 1149 811 1210 ἦμεν,
856 1155 1068 1197 τουτέστιν
1110 1150 1329 1212 ἄφθαρτοι
1368 1157 1443 1198 καί
1480 1156 1626 1200 ἀθά-Β

131 1234 262 1261 νατοι.

235 1284 545 1341 Ἀμφιβάλλειν
575 1282 650 1328 οὖν
678 1288 750 1329 ἐπί
776 1286 938 1336 τούτοις
968 1288 1019 1329 ου’
1049 1288 1232 1341 δίκαιον,
1264 1286 1348 1343 εἴγε
1381 1289 1454 1331 καί
1478 1292 1588 1342 μᾶλ-

130 1355 203 1394 λον
232 1349 271 1394 οἱ
312 1354 423 1393 θεῖοι
470 1354 650 1407 πατέρες
694 1353 817 1396 οὐδὲν
858 1353 959 1409 ἡμῖν
989 1355 1133 1410 ἕτερον
1160 1356 1491 1409 ἐπαγγέλλεσθαι
1521 1360 1588 1399 λε’-

130 1432 252 1472 γουσι
297 1416 372 1473 τήν
405 1419 450 1460 ἐκ
482 1421 636 1475 νεκρῶν
668 1418 900 1462 α’νάστασιν
929 1415 957 1475 ἢ
984 1418 1057 1475 τήν
1085 1419 1192 1474 πρὸς
1218 1419 1264 1462 τὸ
1298 1423 1476 1476 α’ρχαῖον
1503 1428 1588 1466 τῶν

66 1482 404 1529 αοπεπτωκότων
450 1482 807 1535 ἀποκατάστασιν.
836 1528 839 1531 ,
880 1486 954 1527 καί
980 1485 1189 1541 πρόσχες,
1232 1488 1271 1530 εἰ
1296 1489 1468 1543 βούλει,
1503 1490 1585 1547 πρὸ

130 1551 215 1592 τῶν
253 1544 393 1593 ἄλλων
421 1551 476 1608 τῷ
506 1552 710 1610 θειοτάτῳ
748 1550 1011 1611 Ἀναστασίῳ
1041 1554 1141 1608 περί
1168 1550 1324 1596 τούτων
1357 1550 1491 1605 οὕτως
1521 1558 1588 1599 λε’-

131 1631 244 1670 γοντι
274 1615 378 1670 „nal
401 1617 568 1674 ἐποίησε
594 1616 669 1660 τὸν
701 1614 927 1675 ἄνθρωπον
966 1617 988 1660 ὁ
1018 1617 1144 1668 θεός·
1203 1621 1288 1663 κατ’
1316 1620 1451 1664 εἰκόνα
1483 1626 1588 1665 θεοῦ

130 1815 220 1848 cisse
249 1814 354 1848 deum
381 1815 449 1849 hoc
477 1821 575 1850 certo
602 1817 758 1862 quodam
786 1819 938 1853 consilio
969 1825 1004 1853 et
1030 1820 1309 1866 dispensatione.
1334 1834 1417 1856 nam
1445 1824 1583 1858 sollici-

130 1867 187 1896 tus
213 1861 258 1896 de
282 1863 411 1905 nobis,
442 1875 489 1896 ne
515 1865 609 1898 forte
634 1872 810 1910 perpetuo
848 1878 1076 1911 peccaremus
1102 1879 1174 1901 neu
1202 1869 1315 1902 tristis
1339 1870 1428 1903 haec
1457 1878 1494 1905 et
1522 1884 1583 1905 ae-

130 1921 297 1944 rumnosa
322 1911 394 1945 vita
419 1910 564 1945 duraret
591 1918 789 1953 aeternum,
818 1915 869 1946 uti
892 1913 1070 1948 Iohannes
1096 1916 1203 1948 etiam
1229 1915 1500 1960 Chrysostomus
1526 1921 1582 1952 in-

129 1958 228 2002 quit,
255 1959 362 1992 morti
385 1964 602 2003 potestatem
627 1960 712 1993 facit
739 1961 976 1993 immortalem
1005 1961 1219 2003 invadendi,
1245 1969 1354 2008 atque
1379 1965 1448 1999 hoc
1472 1966 1580 1999 modo

128 2005 288 2038 mortalis
314 2006 355 2039 fit
379 2007 442 2051 qui
466 2008 675 2040 immortalis
703 2014 789 2048 erat,
818 2014 854 2040 et
879 2009 1122 2053 corruptibilis
1151 2011 1214 2055 qui
1239 2012 1332 2044 nulli
1358 2019 1434 2046 erat
1455 2015 1582 2047 interi-

128 2052 182 2085 tui
205 2052 393 2086 obnoxius.
420 2052 516 2087 idem
540 2054 644 2087 nobis
673 2056 778 2088 etiam
806 2055 956 2088 Basilius
980 2055 1211 2100 persuadeat,
1238 2059 1338 2091 cuius
1357 2059 1444 2093 haec
1471 2061 1581 2094 verba

130 2105 233 2133 sunt:
261 2106 411 2134 mortem
456 2101 543 2134 deus
569 2112 643 2134 non
671 2102 877 2147 prohibuit,
903 2113 950 2135 ne
974 2103 1161 2138 infirmitas
1187 2116 1228 2138 ac
1253 2106 1397 2139 morbus
1422 2108 1486 2141 ille
1513 2118 1580 2142 no—

128 2152 201 2179 ster
239 2153 425 2181 aeternum
463 2149 617 2182 duraret.
647 2160 717 2194 quo
761 2150 801 2183 lit
838 2156 878 2183 ut
916 2151 955 2183 in
991 2151 1089 2184 lucro
1129 2163 1223 2185 mors
1248 2154 1335 2198 poni
1362 2154 1517 2198 debeat,
1543 2163 1607 2190 et·

126 2192 216 2226 haec
240 2205 358 2240 poena
385 2192 552 2229 beneficii
578 2198 658 2229 loco
688 2196 835 2237 haberi,
863 2197 1164 2242 quemadmodum
1192 2200 1383 2245 Gregorius
1421 2203 1486 2236 ille
1518 2215 1580 2236 co-

126 2248 320 2284 gnomento
336 2242 541 2288 Theologus
561 2245 716 2289 scripsit3
744 2245 907 2289 adeoque
933 2257 996 2278 nos
1020 2246 1144 2279 iccirco
1166 2258 1326 2281 moerere
1347 2260 1421 2283 non
1447 2262 1579 2284 conve-

127 2288 192 2320 nit.
218 2290 378 2333 quamvis
417 2292 513 2324 enim
545 2293 581 2324 in
606 2298 755 2333 terram,
783 2292 879 2324 unde
916 2293 1047 2337 sumpti
1073 2305 1192 2327 sumus
1208 2321 1216 2336 ‚
1242 2297 1455 2330 revertimur
1479 2299 1576 2331 iuxta

128 2335 420 2380 imprecationem
448 2339 547 2372 illam
574 2340 633 2373 dei
647 2341 752 2386 (Gen.
779 2341 797 2372 3
830 2341 884 2385 ¹9)
906 2345 1022 2381 „terra
1046 2351 1093 2374 es·
1110 2347 1146 2375 et
1182 2342 1220 2375 in
1245 2348 1373 2376 terram
1399 2344 1575 2385 redibis‚'’

127 2386 249 2416 tamen
268 2383 442 2426 indidem,
470 2387 523 2419 uti
537 2386 808 2431 Chrysostomus
837 2387 988 2432 scripsit,
1012 2389 1223 2422 suscitamur
1249 2400 1290 2423 ac
1314 2393 1501 2425 meliorem
1529 2392 1575 2425 ad

129 2430 377 2465 condicionem
419 2434 728 2474 transformamur,
768 2436 818 2467 ita
846 2439 885 2467 ut
920 2435 1009 2468 tales
1046 2447 1183 2469 rursum
1222 2437 1412 2472 evadamus
1447 2440 1574 2485 quales

130 2486 266 2511 eramus
293 2481 389 2523 prius
405 2505 414 2520 ‚
440 2480 508 2514 hoc
533 2488 585 2515 est
613 2483 779 2516 interitus
806 2487 967 2527 expertes
997 2487 1033 2515 et
1057 2483 1288 2517 immortales.

222 2524 322 2559 Nihil
357 2527 464 2571 igitur
503 2528 583 2562 heic
609 2529 882 2568 haesitandum,
921 2529 1063 2574 quando
1092 2537 1211 2576 patres
1236 2532 1291 2565 illi
1322 2531 1436 2565 divini
1456 2544 1573 2565 resur-

128 2571 323 2605 rectionem
349 2586 392 2607 ex
416 2577 563 2609 mortuis
585 2577 678 2609 nihil
703 2578 801 2609 aliud
828 2576 931 2609 nobis
956 2577 1120 2621 polliceri
1148 2578 1295 2612 tradunt
1319 2591 1424 2624 quam
1451 2580 1573 2625 lapso-

127 2629 204 2650 rum
231 2620 267 2652 in
292 2620 469 2666 integrum
497 2630 533 2656 et
554 2624 800 2657 condicionem
817 2623 1001 2668 pristinam
1027 2627 1298 2659 restitutionem.
1323 2626 1416 2668 vide,
1438 2627 1467 2660 si
1492 2628 1573 2672 pla-

128 2670 186 2698 cet
203 2692 211 2707 ‚
237 2667 324 2712 quid
348 2680 432 2713 prae
471 2672 620 2704 caeteris
648 2671 789 2705 divinus
820 2672 883 2703 ille
906 2671 959 2704 vir
991 2672 1196 2706 Anastasius
1228 2674 1266 2706 in
1292 2673 1358 2706 hac
1386 2680 1484 2718 parte
1513 2675 1571 2708 ‹li-

129 2716 195 2745 cat.
220 2713 323 2755 fecit,
361 2717 500 2762 inquit,
524 2717 703 2753 hominem
731 2718 818 2752 deus
835 2744 844 2759 ‚
872 2724 908 2752 et
940 2719 1088 2765 quidem
1111 2731 1192 2755 eum
1222 2720 1267 2753 ad
1295 2721 1484 2766 imaginem
1510 2722 1570 2755 dei

224 2789 366 2833 Glscas.
1285 2808 1293 2828 ι
1305 2807 1320 2827 21.
