<?xml version="1.0" encoding="UTF-8"?>
<!DOCTYPE html PUBLIC "-//W3C//DTD XHTML 1.0 Transitional//EN"
    "http://www.w3.org/TR/xhtml1/DTD/xhtml1-transitional.dtd">
<html xmlns="http://www.w3.org/1999/xhtml" xml:lang="en" lang="en">
 <head>
  <title>
</title>
<meta http-equiv="Content-Type" content="text/html;charset=utf-8" />
  <meta name='ocr-system' content='tesseract 3.04.00' />
  <meta name='ocr-capabilities' content='ocr_page ocr_carea ocr_par ocr_line ocrx_word'/>
</head>
<body>
  <div class='ocr_page' id='page_1' title='image "./corpusscriptorum37niebuoft_0126.png"; bbox 0 0 1826 3120; ppageno 0'>
   <div class='ocr_carea' id='block_1_1' title="bbox 239 92 1221 157">
    <p class='ocr_par' dir='ltr' id='par_1_1' title="bbox 239 92 1221 157">
     <span class='ocr_line' id='line_1_1' title="bbox 239 92 1221 157; baseline -0.001 -12"><span class='ocrx_word' id='word_1_1' title='bbox 239 92 344 157; x_wconf 66' lang='lat'><strong><em>104</em></strong></span> <span class='ocrx_word' id='word_1_2' title='bbox 679 104 964 147; x_wconf 68' lang='lat' dir='ltr'><strong>micuAssLis</strong></span> <span class='ocrx_word' id='word_1_3' title='bbox 1004 102 1221 144; x_wconf 69' lang='lat' dir='ltr'>GLYCAE</span> 
     </span>
    </p>
   </div>
   <div class='ocr_carea' id='block_1_2' title="bbox 128 197 1752 1446">
    <p class='ocr_par' dir='ltr' id='par_1_2' title="bbox 128 197 1752 1446">
     <span class='ocr_line' id='line_1_2' title="bbox 230 197 1669 264; baseline -0.006 -13"><span class='ocrx_word' id='word_1_4' title='bbox 230 211 275 251; x_wconf 75' lang='grc' dir='ltr'><strong><em>ἐν</em></strong></span> <span class='ocrx_word' id='word_1_5' title='bbox 301 209 361 264; x_wconf 79' lang='grc' dir='ltr'><strong><em>τῷ</em></strong></span> <span class='ocrx_word' id='word_1_6' title='bbox 401 207 641 264; x_wconf 71' lang='grc' dir='ltr'><strong><em>παραδείσῳ</em></strong></span> <span class='ocrx_word' id='word_1_7' title='bbox 687 206 916 255; x_wconf 74' lang='grc' dir='ltr'><strong><em>πέπονθεν,</em></strong></span> <span class='ocrx_word' id='word_1_8' title='bbox 947 201 1066 257; x_wconf 77' lang='grc' dir='ltr'><strong><em>ἡνίκα</em></strong></span> <span class='ocrx_word' id='word_1_9' title='bbox 1094 216 1251 255; x_wconf 81' lang='grc' dir='ltr'><strong><em>γυμνον</em></strong></span> <span class='ocrx_word' id='word_1_10' title='bbox 1278 199 1429 243; x_wconf 78' lang='grc' dir='ltr'><strong><em>ἑαυτον</em></strong></span> <span class='ocrx_word' id='word_1_11' title='bbox 1455 197 1570 257; x_wconf 74' lang='grc' dir='ltr'><strong><em>ἑώρα</em></strong></span> <span class='ocrx_word' id='word_1_12' title='bbox 1599 198 1669 243; x_wconf 69' lang='lat' dir='ltr'><strong><em>dm*</em></strong></span> 
     </span>
     <span class='ocr_line' id='line_1_3' title="bbox 229 265 1682 332; baseline -0.006 -15"><span class='ocrx_word' id='word_1_13' title='bbox 229 272 307 330; x_wconf 78' lang='grc' dir='ltr'><strong><em>την</em></strong></span> <span class='ocrx_word' id='word_1_14' title='bbox 330 273 585 329; x_wconf 84' lang='grc' dir='ltr'><strong><em>παράβασιν.</em></strong></span> <span class='ocrx_word' id='word_1_15' title='bbox 643 268 749 312; x_wconf 79' lang='grc' dir='ltr'><strong><em>ὲποὶν</em></strong></span> <span class='ocrx_word' id='word_1_16' title='bbox 777 271 824 311; x_wconf 74' lang='grc' dir='ltr'><strong><em>δὲ</em></strong></span> <span class='ocrx_word' id='word_1_17' title='bbox 854 265 1164 323; x_wconf 80' lang='grc' dir='ltr'><strong><em>α’γωνισάμενος</em></strong></span> <span class='ocrx_word' id='word_1_18' title='bbox 1191 265 1472 322; x_wconf 72' lang='grc' dir='ltr'><strong><em>ὃιορθιόσηται</em></strong></span> <span class='ocrx_word' id='word_1_19' title='bbox 1503 269 1577 332; x_wconf 59' lang='grc' dir='ltr'><strong><em>και</em></strong></span> <span class='ocrx_word' id='word_1_20' title='bbox 1598 265 1682 316; x_wconf 72' lang='grc' dir='ltr'><strong><em>τὰς.</em></strong></span> 
     </span>
     <span class='ocr_line' id='line_1_4' title="bbox 232 329 1681 395; baseline -0.007 -13"><span class='ocrx_word' id='word_1_21' title='bbox 232 337 384 395; x_wconf 85' lang='grc' dir='ltr'><strong><em>α’ρετοὶς</em></strong></span> <span class='ocrx_word' id='word_1_22' title='bbox 409 336 716 391; x_wconf 74' lang='grc' dir='ltr'><strong><em>ἑπαυξηθείσας</em></strong></span> <span class='ocrx_word' id='word_1_23' title='bbox 738 334 970 390; x_wconf 77' lang='grc' dir='ltr'><strong><em>θεάσηται,</em></strong></span> <span class='ocrx_word' id='word_1_24' title='bbox 1005 335 1097 375; x_wconf 84' lang='grc' dir='ltr'><strong><em>τότε</em></strong></span> <span class='ocrx_word' id='word_1_25' title='bbox 1131 329 1182 387; x_wconf 76' lang='grc' dir='ltr'><strong><em>δη</em></strong></span> <span class='ocrx_word' id='word_1_26' title='bbox 1213 331 1318 387; x_wconf 83' lang='grc' dir='ltr'><strong><em>πρὸς</em></strong></span> <span class='ocrx_word' id='word_1_27' title='bbox 1345 330 1448 375; x_wconf 69' lang='grc' dir='ltr'><strong><em>θεὸν</em></strong></span> <span class='ocrx_word' id='word_1_28' title='bbox 1475 331 1681 386; x_wconf 73' lang='grc' dir='ltr'><strong><em>ἐπανάγε-,</em></strong></span> 
     </span>
     <span class='ocr_line' id='line_1_5' title="bbox 231 397 1677 456; baseline -0.005 -11"><span class='ocrx_word' id='word_1_29' title='bbox 231 421 304 446; x_wconf 88' lang='grc' dir='ltr'><strong><em>ται</em></strong></span> <span class='ocrx_word' id='word_1_30' title='bbox 335 402 408 445; x_wconf 88' lang='grc' dir='ltr'><em>καί</em></span> <span class='ocrx_word' id='word_1_31' title='bbox 451 402 690 455; x_wconf 74' lang='grc' dir='ltr'><strong><em>παρρησίας</em></strong></span> <span class='ocrx_word' id='word_1_32' title='bbox 732 402 808 456; x_wconf 81' lang='grc' dir='ltr'><strong><em>τῆς</em></strong></span> <span class='ocrx_word' id='word_1_33' title='bbox 835 402 934 456; x_wconf 68' lang='grc' dir='ltr'><strong><em>πρὶν</em></strong></span> <span class='ocrx_word' id='word_1_34' title='bbox 970 401 1146 453; x_wconf 84' lang='grc' dir='ltr'><em>μέτοχος</em></span> <span class='ocrx_word' id='word_1_35' title='bbox 1177 399 1400 440; x_wconf 74' lang='grc' dir='ltr'><strong><em>δείκνυται.</em></strong></span> <span class='ocrx_word' id='word_1_36' title='bbox 1454 397 1528 441; x_wconf 80' lang='grc' dir='ltr'><strong><em>καί</em></strong></span> <span class='ocrx_word' id='word_1_37' title='bbox 1553 400 1677 441; x_wconf 84' lang='grc' dir='ltr'><strong><em>τοῦτο</em></strong></span> 
     </span>
     <span class='ocr_line' id='line_1_6' title="bbox 232 464 1718 524; baseline -0.004 -12"><span class='ocrx_word' id='word_1_38' title='bbox 232 470 370 524; x_wconf 74' lang='grc' dir='ltr'><strong><em>δηλῶν</em></strong></span> <span class='ocrx_word' id='word_1_39' title='bbox 397 468 418 509; x_wconf 80' lang='grc' dir='ltr'><em>ὃ</em></span> <span class='ocrx_word' id='word_1_40' title='bbox 453 468 594 521; x_wconf 77' lang='grc' dir='ltr'><strong><em>Δαβίὃ</em></strong></span> <span class='ocrx_word' id='word_1_41' title='bbox 621 465 734 522; x_wconf 79' lang='grc' dir='ltr'><strong><em>ἔλεγε</em></strong></span> <span class='ocrx_word' id='word_1_42' title='bbox 776 465 902 521; x_wconf 85' lang='grc' dir='ltr'><strong><em>,,το’τε</em></strong></span> <span class='ocrx_word' id='word_1_43' title='bbox 931 468 982 507; x_wconf 82' lang='grc' dir='ltr'><strong><em>ου’</em></strong></span> <span class='ocrx_word' id='word_1_44' title='bbox 1007 464 1065 519; x_wconf 64' lang='lat' dir='ltr'><strong><em>per)</em></strong></span> <span class='ocrx_word' id='word_1_45' title='bbox 1098 465 1320 518; x_wconf 74' lang='grc' dir='ltr'><strong><em>αἰσχυνθῶ</em></strong></span> <span class='ocrx_word' id='word_1_46' title='bbox 1350 464 1396 506; x_wconf 81' lang='grc' dir='ltr'><strong><em>ἐν</em></strong></span> <span class='ocrx_word' id='word_1_47' title='bbox 1415 465 1477 520; x_wconf 78' lang='grc' dir='ltr'><strong><em>τῷ</em></strong></span> <span class='ocrx_word' id='word_1_48' title='bbox 1505 479 1560 518; x_wconf 79' lang='grc' dir='ltr'><strong><em>με</em></strong></span> <span class='ocrx_word' id='word_1_49' title='bbox 1587 464 1718 506; x_wconf 76' lang='grc' dir='ltr'><strong><em>ἐπι-5</em></strong></span> 
     </span>
     <span class='ocr_line' id='line_1_7' title="bbox 188 524 1680 588; baseline -0.001 -14"><span class='ocrx_word' id='word_1_50' title='bbox 188 536 398 588; x_wconf 79' lang='grc' dir='ltr'><strong><em>Ββλέπειν</em></strong></span> <span class='ocrx_word' id='word_1_51' title='bbox 430 532 502 574; x_wconf 75' lang='grc' dir='ltr'><strong><em>ἐπὶ</em></strong></span> <span class='ocrx_word' id='word_1_52' title='bbox 527 532 666 582; x_wconf 82' lang='grc' dir='ltr'><strong><em>πάσας</em></strong></span> <span class='ocrx_word' id='word_1_53' title='bbox 693 532 770 582; x_wconf 85' lang='grc' dir='ltr'><strong><em>τοὶς</em></strong></span> <span class='ocrx_word' id='word_1_54' title='bbox 798 533 965 582; x_wconf 77' lang='grc' dir='ltr'><strong><em>ἐντολάς</em></strong></span> <span class='ocrx_word' id='word_1_55' title='bbox 992 533 1111 574; x_wconf 81' lang='grc' dir='ltr'><strong><em>σου.”</em></strong></span> <span class='ocrx_word' id='word_1_56' title='bbox 1174 529 1247 572; x_wconf 82' lang='grc' dir='ltr'>καί</span> <span class='ocrx_word' id='word_1_57' title='bbox 1275 524 1389 572; x_wconf 79' lang='grc' dir='ltr'><strong><em>οὗτοι</em></strong></span> <span class='ocrx_word' id='word_1_58' title='bbox 1413 531 1492 583; x_wconf 81' lang='grc' dir='ltr'><strong><em>μὲν</em></strong></span> <span class='ocrx_word' id='word_1_59' title='bbox 1521 525 1680 583; x_wconf 70' lang='grc' dir='ltr'><strong><em>οὕτως,</em></strong></span> 
     </span>
     <span class='ocr_line' id='line_1_8' title="bbox 231 593 1689 656; baseline -0.003 -14"><span class='ocrx_word' id='word_1_60' title='bbox 231 600 366 654; x_wconf 73' lang='grc' dir='ltr'><strong><em>ἕτεροι</em></strong></span> <span class='ocrx_word' id='word_1_61' title='bbox 393 600 441 641; x_wconf 77' lang='grc' dir='ltr'><strong><em>δέ</em></strong></span> <span class='ocrx_word' id='word_1_62' title='bbox 472 615 603 656; x_wconf 86' lang='grc' dir='ltr'><strong><em>φασιν</em></strong></span> <span class='ocrx_word' id='word_1_63' title='bbox 635 599 693 649; x_wconf 76' lang='grc' dir='ltr'><strong><em>ὥς</em></strong></span> <span class='ocrx_word' id='word_1_64' title='bbox 718 600 768 640; x_wconf 83' lang='grc' dir='ltr'><strong><em>οὗ</em></strong></span> <span class='ocrx_word' id='word_1_65' title='bbox 800 598 875 654; x_wconf 78' lang='grc' dir='ltr'><strong><em>τήν</em></strong></span> <span class='ocrx_word' id='word_1_66' title='bbox 905 595 1117 652; x_wconf 78' lang='grc' dir='ltr'><strong><em>α’ποβολην</em></strong></span> <span class='ocrx_word' id='word_1_67' title='bbox 1136 596 1181 638; x_wconf 83' lang='grc' dir='ltr'><strong><em>αῖ</em></strong></span> <span class='ocrx_word' id='word_1_68' title='bbox 1206 594 1360 652; x_wconf 79' lang='grc' dir='ltr'><strong><em>ἔλαφοι</em></strong></span> <span class='ocrx_word' id='word_1_69' title='bbox 1384 597 1469 638; x_wconf 81' lang='grc' dir='ltr'><strong><em>τῶν</em></strong></span> <span class='ocrx_word' id='word_1_70' title='bbox 1498 593 1689 652; x_wconf 35' lang='grc' dir='ltr'><strong><em>κεράτων,</em></strong></span> 
     </span>
     <span class='ocr_line' id='line_1_9' title="bbox 231 657 1684 721; baseline -0.003 -14"><span class='ocrx_word' id='word_1_71' title='bbox 231 664 538 719; x_wconf 84' lang='grc' dir='ltr'><strong><em>αἰσχυνόμεναι</em></strong></span> <span class='ocrx_word' id='word_1_72' title='bbox 577 663 652 715; x_wconf 74' lang='grc' dir='ltr'><strong><em>τὰς</em></strong></span> <span class='ocrx_word' id='word_1_73' title='bbox 693 662 890 721; x_wconf 68' lang='grc' dir='ltr'><strong><em>συνήθεις</em></strong></span> <span class='ocrx_word' id='word_1_74' title='bbox 947 663 1249 719; x_wconf 73' lang='grc' dir='ltr'><strong><em>δραπετεύουσι</em></strong></span> <span class='ocrx_word' id='word_1_75' title='bbox 1296 660 1543 717; x_wconf 74' lang='grc' dir='ltr'><strong><em>διατριβάς,</em></strong></span> <span class='ocrx_word' id='word_1_76' title='bbox 1589 657 1684 703; x_wconf 74' lang='grc' dir='ltr'><strong><em>ἀλλ’</em></strong></span> 
     </span>
     <span class='ocr_line' id='line_1_10' title="bbox 231 725 1686 786; baseline -0.003 -12"><span class='ocrx_word' id='word_1_77' title='bbox 231 730 395 774; x_wconf 71' lang='grc' dir='ltr'><strong><em>ἑαυτῶν</em></strong></span> <span class='ocrx_word' id='word_1_78' title='bbox 422 731 607 784; x_wconf 76' lang='grc' dir='ltr'><strong><em>μάλιστα</em></strong></span> <span class='ocrx_word' id='word_1_79' title='bbox 634 730 953 786; x_wconf 77' lang='grc' dir='ltr'><strong><em>προνοούμεναι.</em></strong></span> <span class='ocrx_word' id='word_1_80' title='bbox 981 728 1071 773; x_wconf 78' lang='grc' dir='ltr'><strong><em>ἔστι</em></strong></span> <span class='ocrx_word' id='word_1_81' title='bbox 1096 728 1174 785; x_wconf 81' lang='grc' dir='ltr'><strong><em>γὰρ</em></strong></span> <span class='ocrx_word' id='word_1_82' title='bbox 1200 726 1400 783; x_wconf 74' lang='grc' dir='ltr'><strong><em>αἴσθησις</em></strong></span> <span class='ocrx_word' id='word_1_83' title='bbox 1426 725 1500 770; x_wconf 75' lang='grc' dir='ltr'><strong><em>καὶ</em></strong></span> <span class='ocrx_word' id='word_1_84' title='bbox 1526 729 1572 770; x_wconf 76' lang='grc' dir='ltr'><strong><em>ἐν</em></strong></span> <span class='ocrx_word' id='word_1_85' title='bbox 1597 731 1686 776; x_wconf 80' lang='grc' dir='ltr'><strong><em>τοῖς</em></strong></span> 
     </span>
     <span class='ocr_line' id='line_1_11' title="bbox 233 791 1748 852; baseline -0.003 -14"><span class='ocrx_word' id='word_1_86' title='bbox 233 793 401 851; x_wconf 77' lang='grc' dir='ltr'><strong><em>ἆλόγοις</em></strong></span> <span class='ocrx_word' id='word_1_87' title='bbox 431 796 566 850; x_wconf 79' lang='grc' dir='ltr'><strong><em>ζώοις,</em></strong></span> <span class='ocrx_word' id='word_1_88' title='bbox 594 800 691 839; x_wconf 69' lang='grc' dir='ltr'><strong><em>καθ’</em></strong></span> <span class='ocrx_word' id='word_1_89' title='bbox 717 795 770 852; x_wconf 77' lang='grc' dir='ltr'><strong><em>ἢν</em></strong></span> <span class='ocrx_word' id='word_1_90' title='bbox 797 799 870 851; x_wconf 79' lang='grc' dir='ltr'><strong><em>τῆς</em></strong></span> <span class='ocrx_word' id='word_1_91' title='bbox 898 796 1053 845; x_wconf 71' lang='grc' dir='ltr'><strong><em>οἰκείας</em></strong></span> <span class='ocrx_word' id='word_1_92' title='bbox 1081 795 1289 850; x_wconf 80' lang='grc' dir='ltr'><strong><em>σωτηρίας</em></strong></span> <span class='ocrx_word' id='word_1_93' title='bbox 1319 792 1582 850; x_wconf 85' lang='grc' dir='ltr'><strong><em>α’πειλήφασι</em></strong></span> <span class='ocrx_word' id='word_1_94' title='bbox 1608 791 1684 848; x_wconf 78' lang='grc' dir='ltr'><strong><em>τὴν</em></strong></span> <span class='ocrx_word' id='word_1_95' title='bbox 1699 812 1748 840; x_wconf 83' lang='lat'><strong><em>10</em></strong></span> 
     </span>
     <span class='ocr_line' id='line_1_12' title="bbox 233 857 1684 918; baseline -0.003 -13"><span class='ocrx_word' id='word_1_96' title='bbox 233 862 471 917; x_wconf 67' lang='grc' dir='ltr'><strong><em>διάγνωσιν.</em></strong></span> <span class='ocrx_word' id='word_1_97' title='bbox 529 859 642 906; x_wconf 78' lang='grc' dir='ltr'><strong><em>οἶδεν</em></strong></span> <span class='ocrx_word' id='word_1_98' title='bbox 671 864 696 918; x_wconf 78' lang='grc' dir='ltr'><em>ἦ</em></span> <span class='ocrx_word' id='word_1_99' title='bbox 734 864 865 918; x_wconf 82' lang='grc' dir='ltr'><strong><em>σηπία</em></strong></span> <span class='ocrx_word' id='word_1_100' title='bbox 894 864 968 916; x_wconf 82' lang='grc' dir='ltr'><strong><em>τῆς</em></strong></span> <span class='ocrx_word' id='word_1_101' title='bbox 1001 858 1159 916; x_wconf 82' lang='grc' dir='ltr'><strong><em>α’χλύος</em></strong></span> <span class='ocrx_word' id='word_1_102' title='bbox 1183 859 1227 902; x_wconf 85' lang='grc' dir='ltr'>τὸ</span> <span class='ocrx_word' id='word_1_103' title='bbox 1259 859 1476 917; x_wconf 82' lang='grc' dir='ltr'><strong><em>σόφισμα,</em></strong></span> <span class='ocrx_word' id='word_1_104' title='bbox 1504 857 1583 901; x_wconf 76' lang='grc' dir='ltr'><strong><em>καί</em></strong></span> <span class='ocrx_word' id='word_1_105' title='bbox 1603 874 1684 901; x_wconf 88' lang='grc' dir='ltr'><strong><em>που</em></strong></span> 
     </span>
     <span class='ocr_line' id='line_1_13' title="bbox 233 921 1686 983; baseline -0.003 -13"><span class='ocrx_word' id='word_1_106' title='bbox 233 930 441 982; x_wconf 74' lang='grc' dir='ltr'><strong><em>θηραταῖς</em></strong></span> <span class='ocrx_word' id='word_1_107' title='bbox 487 930 695 982; x_wconf 88' lang='grc' dir='ltr'><strong><em>αόρασιάν</em></strong></span> <span class='ocrx_word' id='word_1_108' title='bbox 723 922 854 983; x_wconf 65' lang='grc' dir='ltr'><strong><em>ἄγρας</em></strong></span> <span class='ocrx_word' id='word_1_109' title='bbox 895 926 1091 976; x_wconf 83' lang='grc' dir='ltr'><strong><em>πολλάκις</em></strong></span> <span class='ocrx_word' id='word_1_110' title='bbox 1126 928 1335 981; x_wconf 69' lang='grc' dir='ltr'><strong><em>ἐνέθηκεν.</em></strong></span> <span class='ocrx_word' id='word_1_111' title='bbox 1391 921 1482 967; x_wconf 75' lang='grc' dir='ltr'><strong><em>οἶδε</em></strong></span> <span class='ocrx_word' id='word_1_112' title='bbox 1508 924 1559 966; x_wconf 81' lang='grc' dir='ltr'><strong><em>τὰ</em></strong></span> <span class='ocrx_word' id='word_1_113' title='bbox 1577 940 1686 979; x_wconf 88' lang='grc' dir='ltr'><strong><em>γαμ-</em></strong></span> 
     </span>
     <span class='ocr_line' id='line_1_14' title="bbox 232 989 1688 1050; baseline -0.001 -16"><span class='ocrx_word' id='word_1_114' title='bbox 232 994 418 1049; x_wconf 77' lang='grc' dir='ltr'><strong><em>ψώνυχα</em></strong></span> <span class='ocrx_word' id='word_1_115' title='bbox 446 993 519 1050; x_wconf 76' lang='grc' dir='ltr'><strong><em>τήν</em></strong></span> <span class='ocrx_word' id='word_1_116' title='bbox 547 993 617 1036; x_wconf 66' lang='grc' dir='ltr'><strong><em>διὰ</em></strong></span> <span class='ocrx_word' id='word_1_117' title='bbox 646 996 726 1036; x_wconf 81' lang='grc' dir='ltr'><strong><em>τῶν</em></strong></span> <span class='ocrx_word' id='word_1_118' title='bbox 755 991 921 1048; x_wconf 79' lang='grc' dir='ltr'><strong><em>ὀνύχων</em></strong></span> <span class='ocrx_word' id='word_1_119' title='bbox 951 989 1068 1049; x_wconf 85' lang='grc' dir='ltr'><strong><em>οἷκήν.</em></strong></span> <span class='ocrx_word' id='word_1_120' title='bbox 1126 989 1237 1036; x_wconf 78' lang='grc' dir='ltr'><strong><em>οἶδεν</em></strong></span> <span class='ocrx_word' id='word_1_121' title='bbox 1266 990 1287 1034; x_wconf 83' lang='grc' dir='ltr'><em>ὃ</em></span> <span class='ocrx_word' id='word_1_122' title='bbox 1319 989 1480 1047; x_wconf 85' lang='grc' dir='ltr'><strong><em>λαγωὸς</em></strong></span> <span class='ocrx_word' id='word_1_123' title='bbox 1508 989 1580 1034; x_wconf 76' lang='grc' dir='ltr'><strong><em>διὰ</em></strong></span> <span class='ocrx_word' id='word_1_124' title='bbox 1609 991 1688 1033; x_wconf 77' lang='grc' dir='ltr'><strong><em>τοῦ</em></strong></span> 
     </span>
     <span class='ocr_line' id='line_1_15' title="bbox 235 1054 1689 1115; baseline -0.002 -14"><span class='ocrx_word' id='word_1_125' title='bbox 235 1057 397 1114; x_wconf 75' lang='grc' dir='ltr'><strong><em>δρόμου</em></strong></span> <span class='ocrx_word' id='word_1_126' title='bbox 444 1062 517 1102; x_wconf 86' lang='grc' dir='ltr'><em>καί</em></span> <span class='ocrx_word' id='word_1_127' title='bbox 554 1062 629 1115; x_wconf 82' lang='grc' dir='ltr'><strong><em>τῆς</em></strong></span> <span class='ocrx_word' id='word_1_128' title='bbox 671 1063 753 1103; x_wconf 79' lang='grc' dir='ltr'><strong><em>τῶν</em></strong></span> <span class='ocrx_word' id='word_1_129' title='bbox 791 1062 932 1102; x_wconf 73' lang='grc' dir='ltr'><strong><em>ποδῶν</em></strong></span> <span class='ocrx_word' id='word_1_130' title='bbox 970 1055 1163 1115; x_wconf 78' lang='grc' dir='ltr'><strong><em>ὂξύτητος</em></strong></span> <span class='ocrx_word' id='word_1_131' title='bbox 1202 1059 1434 1114; x_wconf 77' lang='grc' dir='ltr'><strong><em>κυνηγετῶν</em></strong></span> <span class='ocrx_word' id='word_1_132' title='bbox 1459 1054 1689 1112; x_wconf 76' lang='grc' dir='ltr'><strong><em>ἐπιβουλὰς</em></strong></span> 
     </span>
     <span class='ocr_line' id='line_1_16' title="bbox 235 1121 1752 1182; baseline 0.001 -16"><span class='ocrx_word' id='word_1_133' title='bbox 235 1122 579 1179; x_wconf 70' lang='grc' dir='ltr'><strong><em>ἀποπέμπεσθαι.</em></strong></span> <span class='ocrx_word' id='word_1_134' title='bbox 651 1123 764 1169; x_wconf 81' lang='grc' dir='ltr'><strong><em>οἶδεν</em></strong></span> <span class='ocrx_word' id='word_1_135' title='bbox 814 1126 841 1181; x_wconf 85' lang='grc' dir='ltr'><em>ἦ</em></span> <span class='ocrx_word' id='word_1_136' title='bbox 889 1124 1046 1182; x_wconf 82' lang='grc' dir='ltr'><strong><em>ἔλαφος</em></strong></span> <span class='ocrx_word' id='word_1_137' title='bbox 1093 1125 1400 1180; x_wconf 76' lang='grc' dir='ltr'><strong><em>ἀποκειραμένη</em></strong></span> <span class='ocrx_word' id='word_1_138' title='bbox 1438 1121 1493 1165; x_wconf 79' lang='grc' dir='ltr'><strong><em>τὰ</em></strong></span> <span class='ocrx_word' id='word_1_139' title='bbox 1530 1124 1686 1177; x_wconf 81' lang='grc' dir='ltr'><strong><em>κέρατα</em></strong></span> <span class='ocrx_word' id='word_1_140' title='bbox 1703 1126 1752 1168; x_wconf 85' lang='grc' dir='ltr'><strong><em>ι5</em></strong></span> 
     </span>
     <span class='ocr_line' id='line_1_17' title="bbox 128 1187 1694 1248; baseline -0.001 -14"><span class='ocrx_word' id='word_1_141' title='bbox 128 1202 163 1234; x_wconf 81' lang='grc' dir='ltr'><strong><em>Ρ.</em></strong></span> <span class='ocrx_word' id='word_1_142' title='bbox 181 1200 223 1233; x_wconf 80' lang='grc'><strong><em>55</em></strong></span> <span class='ocrx_word' id='word_1_143' title='bbox 237 1191 541 1247; x_wconf 71' lang='grc' dir='ltr'><strong><em>α’σθενεστέραν</em></strong></span> <span class='ocrx_word' id='word_1_144' title='bbox 566 1190 643 1247; x_wconf 73' lang='grc' dir='ltr'><strong><em>την</em></strong></span> <span class='ocrx_word' id='word_1_145' title='bbox 673 1191 803 1248; x_wconf 86' lang='grc' dir='ltr'><strong><em>φύσιν</em></strong></span> <span class='ocrx_word' id='word_1_146' title='bbox 831 1191 1071 1246; x_wconf 73' lang='grc' dir='ltr'><strong><em>α’μύνεσθαι</em></strong></span> <span class='ocrx_word' id='word_1_147' title='bbox 1097 1189 1194 1240; x_wconf 82' lang='grc' dir='ltr'><strong><em>τούς</em></strong></span> <span class='ocrx_word' id='word_1_148' title='bbox 1221 1187 1506 1245; x_wconf 81' lang='grc' dir='ltr'><strong><em>λυπήσοντας·</em></strong></span> <span class='ocrx_word' id='word_1_149' title='bbox 1535 1189 1694 1241; x_wconf 40' lang='grc' dir='ltr'><strong><em>οὐκοῦν,</em></strong></span> 
     </span>
     <span class='ocr_line' id='line_1_18' title="bbox 236 1250 1689 1312; baseline -0.001 -15"><span class='ocrx_word' id='word_1_150' title='bbox 236 1253 555 1311; x_wconf 77' lang='grc' dir='ltr'><strong><em>οἷποκρύπτεται</em></strong></span> <span class='ocrx_word' id='word_1_151' title='bbox 583 1254 652 1301; x_wconf 76' lang='grc' dir='ltr'><strong><em>οἷα</em></strong></span> <span class='ocrx_word' id='word_1_152' title='bbox 683 1274 745 1307; x_wconf 90' lang='grc' dir='ltr'><strong><em>τις</em></strong></span> <span class='ocrx_word' id='word_1_153' title='bbox 764 1259 847 1300; x_wconf 77' lang='grc' dir='ltr'><strong><em>τῶν</em></strong></span> <span class='ocrx_word' id='word_1_154' title='bbox 876 1258 1143 1312; x_wconf 74' lang='grc' dir='ltr'><strong><em>στρατιωτῶν</em></strong></span> <span class='ocrx_word' id='word_1_155' title='bbox 1171 1250 1345 1305; x_wconf 68' lang='grc' dir='ltr'><strong><em>ἄνοπλος</em></strong></span> <span class='ocrx_word' id='word_1_156' title='bbox 1372 1255 1522 1304; x_wconf 78' lang='grc' dir='ltr'><strong><em>δεδιώς</em></strong></span> <span class='ocrx_word' id='word_1_157' title='bbox 1549 1270 1689 1310; x_wconf 86' lang='grc' dir='ltr'><strong><em>παρα-</em></strong></span> 
     </span>
     <span class='ocr_line' id='line_1_19' title="bbox 237 1318 1690 1380; baseline -0.001 -16"><span class='ocrx_word' id='word_1_158' title='bbox 237 1323 484 1365; x_wconf 74' lang='grc' dir='ltr'><strong><em>τάττεσθαι.</em></strong></span> <span class='ocrx_word' id='word_1_159' title='bbox 538 1320 645 1379; x_wconf 88' lang='grc' dir='ltr'><strong><em>μόνη</em></strong></span> <span class='ocrx_word' id='word_1_160' title='bbox 675 1325 723 1365; x_wconf 78' lang='grc' dir='ltr'><strong><em>δὲ</em></strong></span> <span class='ocrx_word' id='word_1_161' title='bbox 752 1323 779 1378; x_wconf 82' lang='grc' dir='ltr'><em>ἦ</em></span> <span class='ocrx_word' id='word_1_162' title='bbox 811 1322 966 1380; x_wconf 79' lang='grc' dir='ltr'><strong><em>ἔλαφος</em></strong></span> <span class='ocrx_word' id='word_1_163' title='bbox 987 1320 1270 1376; x_wconf 78' lang='grc' dir='ltr'><strong><em>ἆποβοξλλεται</em></strong></span> <span class='ocrx_word' id='word_1_164' title='bbox 1299 1319 1351 1364; x_wconf 82' lang='grc' dir='ltr'><strong><em>τοὶ</em></strong></span> <span class='ocrx_word' id='word_1_165' title='bbox 1380 1323 1536 1374; x_wconf 85' lang='grc' dir='ltr'><strong><em>κέρατα</em></strong></span> <span class='ocrx_word' id='word_1_166' title='bbox 1561 1318 1690 1375; x_wconf 81' lang='grc' dir='ltr'><strong><em>χάριν</em></strong></span> 
     </span>
     <span class='ocr_line' id='line_1_20' title="bbox 238 1385 1689 1446; baseline -0.001 -17"><span class='ocrx_word' id='word_1_167' title='bbox 238 1385 467 1444; x_wconf 74' lang='grc' dir='ltr'><strong><em>ὠφελείας,</em></strong></span> <span class='ocrx_word' id='word_1_168' title='bbox 504 1387 562 1439; x_wconf 77' lang='grc' dir='ltr'><strong><em>ὥς</em></strong></span> <span class='ocrx_word' id='word_1_169' title='bbox 591 1385 879 1446; x_wconf 78' lang='grc' dir='ltr'><strong><em>Ἀριστοτέλης</em></strong></span> <span class='ocrx_word' id='word_1_170' title='bbox 922 1390 1050 1446; x_wconf 83' lang='grc' dir='ltr'><strong><em>φησί·</em></strong></span> <span class='ocrx_word' id='word_1_171' title='bbox 1124 1386 1252 1443; x_wconf 79' lang='grc' dir='ltr'><strong><em>βάρος</em></strong></span> <span class='ocrx_word' id='word_1_172' title='bbox 1289 1385 1368 1442; x_wconf 81' lang='grc' dir='ltr'><strong><em>γὰρ</em></strong></span> <span class='ocrx_word' id='word_1_173' title='bbox 1421 1388 1465 1437; x_wconf 80' lang='grc' dir='ltr'><strong><em>ἐξ</em></strong></span> <span class='ocrx_word' id='word_1_174' title='bbox 1508 1386 1689 1441; x_wconf 77' lang='grc' dir='ltr'><strong><em>α’νιὲγκης</em></strong></span> 
     </span>
    </p>
   </div>
   <div class='ocr_carea' id='block_1_3' title="bbox 237 1449 1752 1509">
    <p class='ocr_par' dir='ltr' id='par_1_3' title="bbox 237 1449 1752 1509">
     <span class='ocr_line' id='line_1_21' title="bbox 237 1449 1752 1509; baseline 0 -15"><span class='ocrx_word' id='word_1_175' title='bbox 237 1452 509 1509; x_wconf 72' lang='grc' dir='ltr'><strong><em>κουφίζεται,</em></strong></span> <span class='ocrx_word' id='word_1_176' title='bbox 549 1453 658 1498; x_wconf 80' lang='grc' dir='ltr'><strong><em>διότι</em></strong></span> <span class='ocrx_word' id='word_1_177' title='bbox 685 1457 758 1497; x_wconf 88' lang='grc' dir='ltr'>καί</span> <span class='ocrx_word' id='word_1_178' title='bbox 787 1453 918 1498; x_wconf 82' lang='grc' dir='ltr'><strong><em>ναστοὶ</em></strong></span> <span class='ocrx_word' id='word_1_179' title='bbox 958 1455 1094 1497; x_wconf 75' lang='grc' dir='ltr'><strong><em>ταῦτα</em></strong></span> <span class='ocrx_word' id='word_1_180' title='bbox 1124 1456 1179 1495; x_wconf 82' lang='grc' dir='ltr'><strong><em>δι’</em></strong></span> <span class='ocrx_word' id='word_1_181' title='bbox 1207 1449 1306 1494; x_wconf 78' lang='grc' dir='ltr'><strong><em>ὅλου</em></strong></span> <span class='ocrx_word' id='word_1_182' title='bbox 1337 1451 1549 1507; x_wconf 78' lang='grc' dir='ltr'><strong><em>τυγχάνει.</em></strong></span> <span class='ocrx_word' id='word_1_183' title='bbox 1604 1454 1688 1494; x_wconf 76' lang='grc' dir='ltr'><strong><em>τῶν</em></strong></span> <span class='ocrx_word' id='word_1_184' title='bbox 1700 1471 1752 1499; x_wconf 78' lang='lat'><strong><em>20</em></strong></span> 
     </span>
    </p>
   </div>
   <div class='ocr_carea' id='block_1_4' title="bbox 1410 1514 1430 1529">
    <p class='ocr_par' dir='ltr' id='par_1_4' title="bbox 1410 1514 1430 1529">
     <span class='ocr_line' id='line_1_22' title="bbox 1410 1514 1430 1529; baseline 0 0"><span class='ocrx_word' id='word_1_185' title='bbox 1410 1514 1430 1529; x_wconf 70' lang='lat' dir='ltr'><strong><em>&gt;l</em></strong></span> 
     </span>
    </p>
   </div>
   <div class='ocr_carea' id='block_1_5' title="bbox 238 1514 1687 1643">
    <p class='ocr_par' dir='ltr' id='par_1_5' title="bbox 238 1514 1687 1643">
     <span class='ocr_line' id='line_1_23' title="bbox 239 1514 1687 1576; baseline 0.001 -16"><span class='ocrx_word' id='word_1_186' title='bbox 239 1521 276 1560; x_wconf 75' lang='grc' dir='ltr'><strong><em>δ’</em></strong></span> <span class='ocrx_word' id='word_1_187' title='bbox 303 1515 442 1561; x_wconf 73' lang='grc' dir='ltr'><strong><em>ἄλλων</em></strong></span> <span class='ocrx_word' id='word_1_188' title='bbox 484 1519 536 1562; x_wconf 76' lang='grc' dir='ltr'><strong><em>τὰ</em></strong></span> <span class='ocrx_word' id='word_1_189' title='bbox 566 1523 722 1576; x_wconf 80' lang='grc' dir='ltr'><strong><em>κέρατα</em></strong></span> <span class='ocrx_word' id='word_1_190' title='bbox 758 1521 885 1576; x_wconf 87' lang='grc' dir='ltr'><strong><em>μέχρι</em></strong></span> <span class='ocrx_word' id='word_1_191' title='bbox 913 1518 1024 1570; x_wconf 85' lang='grc' dir='ltr'><strong><em>τινὸς</em></strong></span> <span class='ocrx_word' id='word_1_192' title='bbox 1052 1523 1196 1572; x_wconf 83' lang='grc' dir='ltr'><strong><em>κοῖλα,</em></strong></span> <span class='ocrx_word' id='word_1_193' title='bbox 1245 1516 1298 1560; x_wconf 76' lang='grc' dir='ltr'><strong><em>τά</em></strong></span> <span class='ocrx_word' id='word_1_194' title='bbox 1333 1520 1371 1560; x_wconf 80' lang='lat'><strong><em>‹5’</em></strong></span> <span class='ocrx_word' id='word_1_195' title='bbox 1401 1535 1512 1576; x_wconf 85' lang='grc' dir='ltr'><strong><em>ακρα</em></strong></span> <span class='ocrx_word' id='word_1_196' title='bbox 1538 1514 1687 1576; x_wconf 73' lang='grc' dir='ltr'><strong><em>στερεοὶ</em></strong></span> 
     </span>
     <span class='ocr_line' id='line_1_24' title="bbox 238 1582 1027 1643; baseline 0.005 -18"><span class='ocrx_word' id='word_1_197' title='bbox 238 1582 311 1626; x_wconf 76' lang='grc' dir='ltr'><strong><em>διὰ</em></strong></span> <span class='ocrx_word' id='word_1_198' title='bbox 339 1584 386 1627; x_wconf 85' lang='grc' dir='ltr'><strong><em>τὸ</em></strong></span> <span class='ocrx_word' id='word_1_199' title='bbox 417 1591 508 1636; x_wconf 82' lang='grc' dir='ltr'><strong><em>ταῖς</em></strong></span> <span class='ocrx_word' id='word_1_200' title='bbox 536 1591 714 1643; x_wconf 75' lang='grc' dir='ltr'><strong><em>πληγαῖς</em></strong></span> <span class='ocrx_word' id='word_1_201' title='bbox 742 1584 1027 1643; x_wconf 86' lang='grc' dir='ltr'><strong><em>χρησιμεύειν.</em></strong></span> 
     </span>
    </p>
   </div>
   <div class='ocr_carea' id='block_1_6' title="bbox 338 1676 706 1719">
    <p class='ocr_par' dir='ltr' id='par_1_6' title="bbox 338 1676 706 1719">
     <span class='ocr_line' id='line_1_25' title="bbox 338 1676 706 1719; baseline 0.008 -11"><span class='ocrx_word' id='word_1_202' title='bbox 338 1676 388 1708; x_wconf 85' lang='lat'><strong><em>16.</em></strong></span> <span class='ocrx_word' id='word_1_203' title='bbox 412 1676 652 1719; x_wconf 71' lang='grc' dir='ltr'><strong><em>λυπήσαντας</em></strong></span> <span class='ocrx_word' id='word_1_204' title='bbox 673 1678 706 1712; x_wconf 94' lang='grc' dir='ltr'><strong><em>Ρ.</em></strong></span> 
     </span>
    </p>
   </div>
   <div class='ocr_carea' id='block_1_7' title="bbox 241 1755 1715 2744">
    <p class='ocr_par' dir='ltr' id='par_1_7' title="bbox 241 1755 1715 2744">
     <span class='ocr_line' id='line_1_26' title="bbox 242 1755 1690 1803; baseline 0.003 -16"><span class='ocrx_word' id='word_1_205' title='bbox 242 1756 430 1801; x_wconf 79' lang='lat' dir='ltr'><strong>exemplo,</strong></span> <span class='ocrx_word' id='word_1_206' title='bbox 469 1757 526 1790; x_wconf 90' lang='lat' dir='ltr'><strong><em>cui</em></strong></span> <span class='ocrx_word' id='word_1_207' title='bbox 548 1757 636 1803; x_wconf 89' lang='lat' dir='ltr'><strong>quid</strong></span> <span class='ocrx_word' id='word_1_208' title='bbox 668 1757 845 1791; x_wconf 85' lang='lat' dir='ltr'><strong>eiusmodi</strong></span> <span class='ocrx_word' id='word_1_209' title='bbox 878 1757 1009 1790; x_wconf 84' lang='lat' dir='ltr'><strong>accidit</strong></span> <span class='ocrx_word' id='word_1_210' title='bbox 1032 1757 1070 1790; x_wconf 87' lang='lat' dir='ltr'><strong><em>in</em></strong></span> <span class='ocrx_word' id='word_1_211' title='bbox 1103 1756 1286 1801; x_wconf 82' lang='lat' dir='ltr'>paradiso,</span> <span class='ocrx_word' id='word_1_212' title='bbox 1303 1761 1394 1790; x_wconf 66' lang='lat' dir='ltr'><strong><em>“cum</em></strong></span> <span class='ocrx_word' id='word_1_213' title='bbox 1420 1755 1467 1789; x_wconf 90' lang='lat' dir='ltr'><strong><em>ob</em></strong></span> <span class='ocrx_word' id='word_1_214' title='bbox 1493 1761 1690 1802; x_wconf 81' lang='lat' dir='ltr'><strong>transgres-</strong></span> 
     </span>
     <span class='ocr_line' id='line_1_27' title="bbox 241 1803 1690 1852; baseline 0.003 -18"><span class='ocrx_word' id='word_1_215' title='bbox 241 1803 379 1836; x_wconf 75' lang='lat' dir='ltr'><strong>sionem</strong></span> <span class='ocrx_word' id='word_1_216' title='bbox 405 1814 442 1836; x_wconf 86' lang='lat' dir='ltr'><strong>se</strong></span> <span class='ocrx_word' id='word_1_217' title='bbox 467 1804 603 1838; x_wconf 86' lang='lat' dir='ltr'><strong>nudum</strong></span> <span class='ocrx_word' id='word_1_218' title='bbox 627 1816 702 1838; x_wconf 87' lang='lat' dir='ltr'><strong>esse</strong></span> <span class='ocrx_word' id='word_1_219' title='bbox 730 1805 962 1852; x_wconf 84' lang='lat' dir='ltr'><strong>conspiceret.</strong></span> <span class='ocrx_word' id='word_1_220' title='bbox 985 1815 1108 1838; x_wconf 86' lang='lat' dir='ltr'><strong>verum</strong></span> <span class='ocrx_word' id='word_1_221' title='bbox 1129 1803 1191 1836; x_wconf 88' lang='lat' dir='ltr'><strong><em>ubi</em></strong></span> <span class='ocrx_word' id='word_1_222' title='bbox 1217 1803 1349 1837; x_wconf 88' lang='lat' dir='ltr'><strong>deinde</strong></span> <span class='ocrx_word' id='word_1_223' title='bbox 1374 1804 1546 1848; x_wconf 83' lang='lat' dir='ltr'><strong>susceptis</strong></span> <span class='ocrx_word' id='word_1_224' title='bbox 1573 1810 1690 1838; x_wconf 76' lang='lat' dir='ltr'><strong>certa-—</strong></span> 
     </span>
     <span class='ocr_line' id='line_1_28' title="bbox 241 1849 1699 1896; baseline 0.003 -15"><span class='ocrx_word' id='word_1_225' title='bbox 241 1850 400 1882; x_wconf 83' lang='lat' dir='ltr'><strong>minibus</strong></span> <span class='ocrx_word' id='word_1_226' title='bbox 425 1852 556 1884; x_wconf 81' lang='lat' dir='ltr'><strong>rectius</strong></span> <span class='ocrx_word' id='word_1_227' title='bbox 596 1863 672 1884; x_wconf 87' lang='lat' dir='ltr'><strong>sese</strong></span> <span class='ocrx_word' id='word_1_228' title='bbox 697 1852 788 1896; x_wconf 82' lang='lat' dir='ltr'><strong>gerit</strong></span> <span class='ocrx_word' id='word_1_229' title='bbox 814 1863 854 1884; x_wconf 86' lang='lat' dir='ltr'><strong><em>ac</em></strong></span> <span class='ocrx_word' id='word_1_230' title='bbox 884 1852 1034 1884; x_wconf 80' lang='lat' dir='ltr'><strong>virtutes</strong></span> <span class='ocrx_word' id='word_1_231' title='bbox 1060 1851 1210 1884; x_wconf 85' lang='lat' dir='ltr'><strong>crevisse</strong></span> <span class='ocrx_word' id='word_1_232' title='bbox 1234 1850 1356 1891; x_wconf 86' lang='lat' dir='ltr'><strong>videt,</strong></span> <span class='ocrx_word' id='word_1_233' title='bbox 1382 1856 1459 1883; x_wconf 85' lang='lat' dir='ltr'><strong><em>tum</em></strong></span> <span class='ocrx_word' id='word_1_234' title='bbox 1480 1849 1618 1885; x_wconf 83' lang='lat' dir='ltr'><strong>scilicet</strong></span> <span class='ocrx_word' id='word_1_235' title='bbox 1642 1850 1699 1885; x_wconf 23' lang='lat' dir='ltr'><strong><em>adr</em></strong></span> 
     </span>
     <span class='ocr_line' id='line_1_29' title="bbox 243 1895 1690 1943; baseline 0.003 -16"><span class='ocrx_word' id='word_1_236' title='bbox 243 1895 351 1928; x_wconf 87' lang='lat' dir='ltr'><strong>deum</strong></span> <span class='ocrx_word' id='word_1_237' title='bbox 385 1898 577 1931; x_wconf 83' lang='lat' dir='ltr'><strong>revertitur</strong></span> <span class='ocrx_word' id='word_1_238' title='bbox 608 1904 645 1932; x_wconf 83' lang='lat' dir='ltr'><strong>et</strong></span> <span class='ocrx_word' id='word_1_239' title='bbox 679 1899 852 1943; x_wconf 82' lang='lat' dir='ltr'><strong>pristinae</strong></span> <span class='ocrx_word' id='word_1_240' title='bbox 893 1909 930 1931; x_wconf 90' lang='lat' dir='ltr'><strong>se</strong></span> <span class='ocrx_word' id='word_1_241' title='bbox 966 1898 1145 1932; x_wconf 83' lang='lat' dir='ltr'>libertatis</span> <span class='ocrx_word' id='word_1_242' title='bbox 1180 1898 1394 1942; x_wconf 80' lang='lat' dir='ltr'>participem</span> <span class='ocrx_word' id='word_1_243' title='bbox 1426 1897 1594 1931; x_wconf 83' lang='lat' dir='ltr'><strong>declarat.</strong></span> <span class='ocrx_word' id='word_1_244' title='bbox 1618 1897 1690 1931; x_wconf 91' lang='lat' dir='ltr'><strong><em>hoc</em></strong></span> 
     </span>
     <span class='ocr_line' id='line_1_30' title="bbox 242 1943 1689 1991; baseline 0.002 -16"><span class='ocrx_word' id='word_1_245' title='bbox 242 1943 399 1976; x_wconf 86' lang='lat' dir='ltr'><strong>Davides</strong></span> <span class='ocrx_word' id='word_1_246' title='bbox 424 1943 584 1977; x_wconf 87' lang='lat' dir='ltr'><strong>indicare</strong></span> <span class='ocrx_word' id='word_1_247' title='bbox 609 1945 735 1979; x_wconf 85' lang='lat' dir='ltr'><strong>volens</strong></span> <span class='ocrx_word' id='word_1_248' title='bbox 760 1946 812 1979; x_wconf 82' lang='lat' dir='ltr'><strong><em>ait</em></strong></span> <span class='ocrx_word' id='word_1_249' title='bbox 834 1946 976 1991; x_wconf 86' lang='lat' dir='ltr'><strong>(Psalm.</strong></span> <span class='ocrx_word' id='word_1_250' title='bbox 1002 1947 1063 1978; x_wconf 81' lang='lat'><strong><em>118</em></strong></span> <span class='ocrx_word' id='word_1_251' title='bbox 1088 1945 1124 1991; x_wconf 90' lang='lat'><strong><em>6)</em></strong></span> <span class='ocrx_word' id='word_1_252' title='bbox 1149 1950 1258 1985; x_wconf 85' lang='lat' dir='ltr'><strong>„tunc</strong></span> <span class='ocrx_word' id='word_1_253' title='bbox 1280 1956 1353 1977; x_wconf 90' lang='lat' dir='ltr'><strong><em>non</em></strong></span> <span class='ocrx_word' id='word_1_254' title='bbox 1377 1943 1571 1989; x_wconf 80' lang='lat' dir='ltr'><strong>pudefiam,</strong></span> <span class='ocrx_word' id='word_1_255' title='bbox 1599 1956 1689 1978; x_wconf 84' lang='lat' dir='ltr'><strong>cun-</strong></span> 
     </span>
     <span class='ocr_line' id='line_1_31' title="bbox 243 1990 1698 2037; baseline 0.003 -15"><span class='ocrx_word' id='word_1_256' title='bbox 243 1995 300 2022; x_wconf 81' lang='lat' dir='ltr'><strong><em>cta</em></strong></span> <span class='ocrx_word' id='word_1_257' title='bbox 327 1996 389 2023; x_wconf 88' lang='lat' dir='ltr'><strong><em>tua</em></strong></span> <span class='ocrx_word' id='word_1_258' title='bbox 415 1997 605 2036; x_wconf 83' lang='lat' dir='ltr'><strong>praecepta</strong></span> <span class='ocrx_word' id='word_1_259' title='bbox 630 1992 807 2025; x_wconf 86' lang='lat' dir='ltr'><strong>intuens.”</strong></span> <span class='ocrx_word' id='word_1_260' title='bbox 832 1993 923 2025; x_wconf 88' lang='lat' dir='ltr'><strong>haec</strong></span> <span class='ocrx_word' id='word_1_261' title='bbox 948 2004 968 2025; x_wconf 86' lang='lat' dir='ltr'><strong>a</strong></span> <span class='ocrx_word' id='word_1_262' title='bbox 995 1990 1205 2037; x_wconf 84' lang='lat' dir='ltr'><strong>quibusdam</strong></span> <span class='ocrx_word' id='word_1_263' title='bbox 1230 1991 1360 2024; x_wconf 83' lang='lat' dir='ltr'><strong><em>tradita</em></strong></span> <span class='ocrx_word' id='word_1_264' title='bbox 1385 1997 1478 2024; x_wconf 83' lang='lat' dir='ltr'><strong>sunt.</strong></span> <span class='ocrx_word' id='word_1_265' title='bbox 1506 1997 1698 2027; x_wconf 83' lang='lat' dir='ltr'><strong>caeterum.</strong></span> 
     </span>
     <span class='ocr_line' id='line_1_32' title="bbox 244 2036 1688 2084; baseline 0.003 -16"><span class='ocrx_word' id='word_1_266' title='bbox 244 2037 308 2068; x_wconf 78' lang='lat' dir='ltr'><strong>alii</strong></span> <span class='ocrx_word' id='word_1_267' title='bbox 333 2036 459 2070; x_wconf 86' lang='lat' dir='ltr'><strong>dicunt</strong></span> <span class='ocrx_word' id='word_1_268' title='bbox 481 2049 602 2071; x_wconf 87' lang='lat' dir='ltr'><strong>cervos</strong></span> <span class='ocrx_word' id='word_1_269' title='bbox 634 2050 708 2072; x_wconf 89' lang='lat' dir='ltr'><strong><em>non</em></strong></span> <span class='ocrx_word' id='word_1_270' title='bbox 733 2045 881 2084; x_wconf 86' lang='lat' dir='ltr'><strong>propter</strong></span> <span class='ocrx_word' id='word_1_271' title='bbox 905 2039 1143 2072; x_wconf 80' lang='lat' dir='ltr'><strong>abiectionem</strong></span> <span class='ocrx_word' id='word_1_272' title='bbox 1167 2049 1338 2071; x_wconf 90' lang='lat' dir='ltr'><strong>cornuum</strong></span> <span class='ocrx_word' id='word_1_273' title='bbox 1364 2038 1503 2083; x_wconf 88' lang='lat' dir='ltr'><strong>pudore</strong></span> <span class='ocrx_word' id='word_1_274' title='bbox 1527 2038 1688 2073; x_wconf 77' lang='lat' dir='ltr'><strong>adfectos</strong></span> 
     </span>
     <span class='ocr_line' id='line_1_33' title="bbox 245 2082 1687 2131; baseline 0.003 -17"><span class='ocrx_word' id='word_1_275' title='bbox 245 2082 290 2114; x_wconf 87' lang='lat' dir='ltr'><strong>de</strong></span> <span class='ocrx_word' id='word_1_276' title='bbox 330 2083 418 2117; x_wconf 90' lang='lat' dir='ltr'><strong>locis</strong></span> <span class='ocrx_word' id='word_1_277' title='bbox 456 2085 635 2118; x_wconf 85' lang='lat' dir='ltr'><strong>consuetis</strong></span> <span class='ocrx_word' id='word_1_278' title='bbox 678 2087 869 2131; x_wconf 80' lang='lat' dir='ltr'>aufugere,</span> <span class='ocrx_word' id='word_1_279' title='bbox 894 2086 957 2120; x_wconf 87' lang='lat' dir='ltr'><strong>sed</strong></span> <span class='ocrx_word' id='word_1_280' title='bbox 979 2086 1047 2119; x_wconf 89' lang='lat' dir='ltr'><strong><em>hoc</em></strong></span> <span class='ocrx_word' id='word_1_281' title='bbox 1071 2086 1148 2130; x_wconf 89' lang='lat' dir='ltr'><strong>ipso</strong></span> <span class='ocrx_word' id='word_1_282' title='bbox 1182 2086 1333 2118; x_wconf 84' lang='lat' dir='ltr'><strong>maxima</strong></span> <span class='ocrx_word' id='word_1_283' title='bbox 1362 2085 1591 2130; x_wconf 78' lang='lat' dir='ltr'><strong>providentia</strong></span> <span class='ocrx_word' id='word_1_284' title='bbox 1614 2085 1687 2120; x_wconf 84' lang='lat' dir='ltr'><strong><em>sihi</em></strong></span> 
     </span>
     <span class='ocr_line' id='line_1_34' title="bbox 242 2130 1686 2178; baseline 0.005 -18"><span class='ocrx_word' id='word_1_285' title='bbox 242 2130 459 2174; x_wconf 85' lang='lat' dir='ltr'>prospicere.</span> <span class='ocrx_word' id='word_1_286' title='bbox 491 2143 574 2164; x_wconf 88' lang='lat' dir='ltr'><strong><em>nam</em></strong></span> <span class='ocrx_word' id='word_1_287' title='bbox 615 2132 710 2166; x_wconf 82' lang='lat' dir='ltr'><strong>inest</strong></span> <span class='ocrx_word' id='word_1_288' title='bbox 739 2134 848 2166; x_wconf 88' lang='lat' dir='ltr'><strong>etiam</strong></span> <span class='ocrx_word' id='word_1_289' title='bbox 877 2133 993 2167; x_wconf 86' lang='lat' dir='ltr'><strong>brutis</strong></span> <span class='ocrx_word' id='word_1_290' title='bbox 1025 2131 1261 2166; x_wconf 79' lang='lat' dir='ltr'><strong><em>animantibus</em></strong></span> <span class='ocrx_word' id='word_1_291' title='bbox 1301 2143 1424 2165; x_wconf 85' lang='lat' dir='ltr'><strong>sensus</strong></span> <span class='ocrx_word' id='word_1_292' title='bbox 1449 2133 1613 2178; x_wconf 83' lang='lat' dir='ltr'><strong>quidam,</strong></span> <span class='ocrx_word' id='word_1_293' title='bbox 1639 2133 1686 2167; x_wconf 83' lang='lat' dir='ltr'><strong>de</strong></span> 
     </span>
     <span class='ocr_line' id='line_1_35' title="bbox 243 2177 1687 2223; baseline 0.003 -15"><span class='ocrx_word' id='word_1_294' title='bbox 243 2186 316 2220; x_wconf 92' lang='lat' dir='ltr'><strong><em>quo</em></strong></span> <span class='ocrx_word' id='word_1_295' title='bbox 344 2187 430 2209; x_wconf 86' lang='lat' dir='ltr'><strong>suae</strong></span> <span class='ocrx_word' id='word_1_296' title='bbox 447 2177 572 2211; x_wconf 85' lang='lat' dir='ltr'><strong>salutis</strong></span> <span class='ocrx_word' id='word_1_297' title='bbox 598 2179 841 2223; x_wconf 86' lang='lat' dir='ltr'><strong>cognitionem</strong></span> <span class='ocrx_word' id='word_1_298' title='bbox 879 2180 1060 2214; x_wconf 84' lang='lat' dir='ltr'><strong>hauriunt.</strong></span> <span class='ocrx_word' id='word_1_299' title='bbox 1083 2179 1185 2212; x_wconf 86' lang='lat' dir='ltr'><strong>novit</strong></span> <span class='ocrx_word' id='word_1_300' title='bbox 1208 2179 1306 2223; x_wconf 90' lang='lat' dir='ltr'><strong>sepia</strong></span> <span class='ocrx_word' id='word_1_301' title='bbox 1330 2185 1443 2213; x_wconf 85' lang='lat' dir='ltr'><strong>semet</strong></span> <span class='ocrx_word' id='word_1_302' title='bbox 1468 2179 1687 2215; x_wconf 80' lang='lat' dir='ltr'><strong>obscurandi</strong></span> 
     </span>
     <span class='ocr_line' id='line_1_36' title="bbox 243 2223 1685 2272; baseline 0.004 -17"><span class='ocrx_word' id='word_1_303' title='bbox 243 2223 452 2265; x_wconf 86' lang='lat' dir='ltr'><strong><em>artificium,</em></strong></span> <span class='ocrx_word' id='word_1_304' title='bbox 489 2236 529 2257; x_wconf 83' lang='lat' dir='ltr'><strong>ae</strong></span> <span class='ocrx_word' id='word_1_305' title='bbox 563 2236 668 2270; x_wconf 84' lang='lat' dir='ltr'><strong>saepe</strong></span> <span class='ocrx_word' id='word_1_306' title='bbox 706 2227 756 2259; x_wconf 86' lang='lat' dir='ltr'><strong><em>sic</em></strong></span> <span class='ocrx_word' id='word_1_307' title='bbox 780 2228 1016 2272; x_wconf 78' lang='lat' dir='ltr'>piscatoribus</span> <span class='ocrx_word' id='word_1_308' title='bbox 1053 2226 1204 2271; x_wconf 81' lang='lat' dir='ltr'><strong>imponit</strong></span> <span class='ocrx_word' id='word_1_309' title='bbox 1229 2231 1269 2258; x_wconf 80' lang='lat' dir='ltr'><strong><em>ut</em></strong></span> <span class='ocrx_word' id='word_1_310' title='bbox 1295 2227 1450 2271; x_wconf 79' lang='lat' dir='ltr'><strong>amplius</strong></span> <span class='ocrx_word' id='word_1_311' title='bbox 1474 2233 1613 2272; x_wconf 80' lang='lat' dir='ltr'><strong>captam</strong></span> <span class='ocrx_word' id='word_1_312' title='bbox 1639 2227 1685 2261; x_wconf 90' lang='lat' dir='ltr'><strong><em>ab</em></strong></span> 
     </span>
     <span class='ocr_line' id='line_1_37' title="bbox 243 2269 1686 2319; baseline 0.004 -18"><span class='ocrx_word' id='word_1_313' title='bbox 243 2280 283 2302; x_wconf 82' lang='lat' dir='ltr'><strong>se</strong></span> <span class='ocrx_word' id='word_1_314' title='bbox 305 2269 474 2314; x_wconf 83' lang='lat' dir='ltr'><strong>praedam</strong></span> <span class='ocrx_word' id='word_1_315' title='bbox 513 2272 721 2316; x_wconf 89' lang='lat' dir='ltr'><strong>conspicere</strong></span> <span class='ocrx_word' id='word_1_316' title='bbox 759 2280 951 2319; x_wconf 83' lang='lat' dir='ltr'><strong>nequeant.</strong></span> <span class='ocrx_word' id='word_1_317' title='bbox 976 2279 1108 2307; x_wconf 89' lang='lat' dir='ltr'><strong>norunt</strong></span> <span class='ocrx_word' id='word_1_318' title='bbox 1132 2284 1172 2305; x_wconf 87' lang='lat' dir='ltr'><strong>ea</strong></span> <span class='ocrx_word' id='word_1_319' title='bbox 1196 2273 1326 2317; x_wconf 89' lang='lat' dir='ltr'><strong>quibus</strong></span> <span class='ocrx_word' id='word_1_320' title='bbox 1354 2273 1486 2307; x_wconf 86' lang='lat' dir='ltr'><strong>adunci</strong></span> <span class='ocrx_word' id='word_1_321' title='bbox 1510 2280 1595 2308; x_wconf 83' lang='lat' dir='ltr'><strong>sunt</strong></span> <span class='ocrx_word' id='word_1_322' title='bbox 1617 2286 1686 2307; x_wconf 87' lang='lat' dir='ltr'><strong>un·-</strong></span> 
     </span>
     <span class='ocr_line' id='line_1_38' title="bbox 243 2317 1715 2367; baseline 0.004 -19"><span class='ocrx_word' id='word_1_323' title='bbox 243 2327 353 2359; x_wconf 83' lang='lat' dir='ltr'><strong>gues,</strong></span> <span class='ocrx_word' id='word_1_324' title='bbox 377 2317 423 2350; x_wconf 83' lang='lat' dir='ltr'><strong><em>ad</em></strong></span> <span class='ocrx_word' id='word_1_325' title='bbox 447 2317 537 2362; x_wconf 86' lang='lat' dir='ltr'><strong>quid</strong></span> <span class='ocrx_word' id='word_1_326' title='bbox 565 2330 687 2352; x_wconf 85' lang='lat' dir='ltr'><strong>eorum</strong></span> <span class='ocrx_word' id='word_1_327' title='bbox 714 2332 849 2364; x_wconf 84' lang='lat' dir='ltr'><strong>ungues</strong></span> <span class='ocrx_word' id='word_1_328' title='bbox 873 2321 1042 2367; x_wconf 86' lang='lat' dir='ltr'><strong>prodesse</strong></span> <span class='ocrx_word' id='word_1_329' title='bbox 1065 2319 1211 2366; x_wconf 83' lang='lat' dir='ltr'><strong>possint.</strong></span> <span class='ocrx_word' id='word_1_330' title='bbox 1235 2321 1337 2354; x_wconf 82' lang='lat' dir='ltr'><strong>novit</strong></span> <span class='ocrx_word' id='word_1_331' title='bbox 1362 2321 1465 2365; x_wconf 88' lang='lat' dir='ltr'><strong>lepus</strong></span> <span class='ocrx_word' id='word_1_332' title='bbox 1491 2332 1595 2354; x_wconf 83' lang='lat' dir='ltr'><strong>cursu</strong></span> <span class='ocrx_word' id='word_1_333' title='bbox 1619 2331 1686 2365; x_wconf 87' lang='lat' dir='ltr'><strong>pe-</strong></span> <span class='ocrx_word' id='word_1_334' title='bbox 1714 2340 1715 2343; x_wconf 67' lang='lat'><em>=</em></span> 
     </span>
     <span class='ocr_line' id='line_1_39' title="bbox 243 2362 1685 2408; baseline 0.004 -13"><span class='ocrx_word' id='word_1_335' title='bbox 243 2362 402 2408; x_wconf 85' lang='lat' dir='ltr'><strong>dumque</strong></span> <span class='ocrx_word' id='word_1_336' title='bbox 436 2365 621 2398; x_wconf 84' lang='lat' dir='ltr'><strong>celeritate</strong></span> <span class='ocrx_word' id='word_1_337' title='bbox 662 2372 871 2400; x_wconf 82' lang='lat' dir='ltr'><strong>venatorum</strong></span> <span class='ocrx_word' id='word_1_338' title='bbox 913 2367 1063 2402; x_wconf 83' lang='lat' dir='ltr'><strong>insidias</strong></span> <span class='ocrx_word' id='word_1_339' title='bbox 1099 2367 1221 2400; x_wconf 81' lang='lat' dir='ltr'><strong>vitare.</strong></span> <span class='ocrx_word' id='word_1_340' title='bbox 1247 2367 1297 2399; x_wconf 89' lang='lat' dir='ltr'><strong><em>sic</em></strong></span> <span class='ocrx_word' id='word_1_341' title='bbox 1324 2368 1431 2400; x_wconf 77' lang='lat' dir='ltr'><strong>etiam</strong></span> <span class='ocrx_word' id='word_1_342' title='bbox 1460 2379 1561 2401; x_wconf 85' lang='lat' dir='ltr'><strong>cerva</strong></span> <span class='ocrx_word' id='word_1_343' title='bbox 1585 2368 1685 2401; x_wconf 87' lang='lat' dir='ltr'><strong>novit</strong></span> 
     </span>
     <span class='ocr_line' id='line_1_40' title="bbox 242 2410 1685 2448; baseline 0.006 -6"><span class='ocrx_word' id='word_1_344' title='bbox 242 2410 381 2444; x_wconf 81' lang='lat' dir='ltr'><strong>amissis</strong></span> <span class='ocrx_word' id='word_1_345' title='bbox 413 2411 579 2445; x_wconf 84' lang='lat' dir='ltr'><strong><em>cornibus</em></strong></span> <span class='ocrx_word' id='word_1_346' title='bbox 613 2419 774 2447; x_wconf 84' lang='lat' dir='ltr'><strong>naturam</strong></span> <span class='ocrx_word' id='word_1_347' title='bbox 799 2414 1011 2448; x_wconf 85' lang='lat' dir='ltr'><strong>debiliorem</strong></span> <span class='ocrx_word' id='word_1_348' title='bbox 1049 2413 1143 2447; x_wconf 82' lang='lat' dir='ltr'><strong>tueri</strong></span> <span class='ocrx_word' id='word_1_349' title='bbox 1167 2424 1204 2445; x_wconf 78' lang='lat' dir='ltr'><strong>se</strong></span> <span class='ocrx_word' id='word_1_350' title='bbox 1229 2420 1351 2447; x_wconf 80' lang='lat' dir='ltr'><strong><em>contra</em></strong></span> <span class='ocrx_word' id='word_1_351' title='bbox 1376 2414 1559 2448; x_wconf 81' lang='lat' dir='ltr'><strong>laedentes</strong></span> <span class='ocrx_word' id='word_1_352' title='bbox 1585 2414 1685 2448; x_wconf 79' lang='lat' dir='ltr'><strong><em>haud</em></strong></span> 
     </span>
     <span class='ocr_line' id='line_1_41' title="bbox 242 2459 1695 2506; baseline 0.004 -18"><span class='ocrx_word' id='word_1_353' title='bbox 242 2468 369 2501; x_wconf 80' lang='lat' dir='ltr'><strong>posse3</strong></span> <span class='ocrx_word' id='word_1_354' title='bbox 394 2464 613 2503; x_wconf 84' lang='lat' dir='ltr'><strong>quapropter</strong></span> <span class='ocrx_word' id='word_1_355' title='bbox 638 2459 740 2493; x_wconf 82' lang='lat' dir='ltr'><strong>abdit</strong></span> <span class='ocrx_word' id='word_1_356' title='bbox 765 2472 819 2502; x_wconf 88' lang='lat' dir='ltr'><strong>se,</strong></span> <span class='ocrx_word' id='word_1_357' title='bbox 844 2463 957 2495; x_wconf 84' lang='lat' dir='ltr'><strong>instar</strong></span> <span class='ocrx_word' id='word_1_358' title='bbox 980 2461 1104 2495; x_wconf 87' lang='lat' dir='ltr'><strong>militis</strong></span> <span class='ocrx_word' id='word_1_359' title='bbox 1129 2460 1310 2493; x_wconf 81' lang='lat' dir='ltr'><strong>cuiusdam</strong></span> <span class='ocrx_word' id='word_1_360' title='bbox 1334 2462 1478 2494; x_wconf 78' lang='lat' dir='ltr'><strong>inermis</strong></span> <span class='ocrx_word' id='word_1_361' title='bbox 1493 2487 1503 2503; x_wconf 91' lang='lat'>‚</span> <span class='ocrx_word' id='word_1_362' title='bbox 1530 2462 1593 2506; x_wconf 88' lang='lat' dir='ltr'><strong><em>qui</em></strong></span> <span class='ocrx_word' id='word_1_363' title='bbox 1616 2461 1695 2495; x_wconf 88' lang='lat' dir='ltr'><strong>ho·-.</strong></span> 
     </span>
     <span class='ocr_line' id='line_1_42' title="bbox 242 2504 1685 2543; baseline 0.005 -8"><span class='ocrx_word' id='word_1_364' title='bbox 242 2504 289 2536; x_wconf 82' lang='lat' dir='ltr'><strong><em>sti</em></strong></span> <span class='ocrx_word' id='word_1_365' title='bbox 315 2515 352 2536; x_wconf 90' lang='lat' dir='ltr'><strong>se</strong></span> <span class='ocrx_word' id='word_1_366' title='bbox 381 2504 539 2538; x_wconf 80' lang='lat' dir='ltr'><strong>obiicere</strong></span> <span class='ocrx_word' id='word_1_367' title='bbox 563 2517 636 2538; x_wconf 85' lang='lat' dir='ltr'><strong><em>non</em></strong></span> <span class='ocrx_word' id='word_1_368' title='bbox 662 2506 779 2541; x_wconf 80' lang='lat' dir='ltr'><strong>audet.</strong></span> <span class='ocrx_word' id='word_1_369' title='bbox 804 2515 983 2543; x_wconf 81' lang='lat' dir='ltr'><strong>caeterum</strong></span> <span class='ocrx_word' id='word_1_370' title='bbox 1009 2508 1104 2542; x_wconf 88' lang='lat' dir='ltr'><strong>solus</strong></span> <span class='ocrx_word' id='word_1_371' title='bbox 1143 2517 1264 2540; x_wconf 88' lang='lat' dir='ltr'><strong>cervus</strong></span> <span class='ocrx_word' id='word_1_372' title='bbox 1293 2509 1459 2542; x_wconf 80' lang='lat' dir='ltr'><strong>utilitatis</strong></span> <span class='ocrx_word' id='word_1_373' title='bbox 1485 2519 1571 2541; x_wconf 83' lang='lat' dir='ltr'><strong>suae</strong></span> <span class='ocrx_word' id='word_1_374' title='bbox 1598 2520 1685 2542; x_wconf 86' lang='lat' dir='ltr'><strong>cau-</strong></span> 
     </span>
     <span class='ocr_line' id='line_1_43' title="bbox 243 2549 1682 2600; baseline 0.006 -19"><span class='ocrx_word' id='word_1_375' title='bbox 243 2560 280 2582; x_wconf 81' lang='lat' dir='ltr'><strong><em>sa</em></strong></span> <span class='ocrx_word' id='word_1_376' title='bbox 308 2549 459 2594; x_wconf 85' lang='lat' dir='ltr'><strong>deponit</strong></span> <span class='ocrx_word' id='word_1_377' title='bbox 481 2563 627 2593; x_wconf 86' lang='lat' dir='ltr'><strong>cornua,</strong></span> <span class='ocrx_word' id='word_1_378' title='bbox 651 2554 949 2597; x_wconf 82' lang='lat' dir='ltr'><strong>quemadmodum</strong></span> <span class='ocrx_word' id='word_1_379' title='bbox 973 2553 1181 2590; x_wconf 79' lang='lat' dir='ltr'><strong>Aristoteles</strong></span> <span class='ocrx_word' id='word_1_380' title='bbox 1205 2554 1335 2599; x_wconf 86' lang='lat' dir='ltr'><strong>inquit.</strong></span> <span class='ocrx_word' id='word_1_381' title='bbox 1361 2566 1443 2588; x_wconf 89' lang='lat' dir='ltr'><strong><em>nam</em></strong></span> <span class='ocrx_word' id='word_1_382' title='bbox 1467 2566 1575 2588; x_wconf 87' lang='lat' dir='ltr'><strong>onere</strong></span> <span class='ocrx_word' id='word_1_383' title='bbox 1603 2567 1682 2600; x_wconf 85' lang='lat' dir='ltr'><strong>gra·</strong></span> 
     </span>
     <span class='ocr_line' id='line_1_44' title="bbox 241 2597 1694 2646; baseline 0.005 -19"><span class='ocrx_word' id='word_1_384' title='bbox 241 2597 277 2628; x_wconf 87' lang='lat' dir='ltr'><strong><em>vi</em></strong></span> <span class='ocrx_word' id='word_1_385' title='bbox 300 2599 497 2632; x_wconf 83' lang='lat' dir='ltr'><strong>necessario</strong></span> <span class='ocrx_word' id='word_1_386' title='bbox 536 2610 573 2632; x_wconf 90' lang='lat' dir='ltr'><strong>se</strong></span> <span class='ocrx_word' id='word_1_387' title='bbox 614 2600 728 2641; x_wconf 81' lang='lat' dir='ltr'><strong>levat,</strong></span> <span class='ocrx_word' id='word_1_388' title='bbox 767 2603 911 2646; x_wconf 88' lang='lat' dir='ltr'><strong>quando</strong></span> <span class='ocrx_word' id='word_1_389' title='bbox 942 2613 1072 2636; x_wconf 88' lang='lat' dir='ltr'><strong>cornua</strong></span> <span class='ocrx_word' id='word_1_390' title='bbox 1110 2612 1290 2634; x_wconf 85' lang='lat' dir='ltr'><strong>cervorum</strong></span> <span class='ocrx_word' id='word_1_391' title='bbox 1313 2613 1454 2646; x_wconf 84' lang='lat' dir='ltr'><strong>prorsus</strong></span> <span class='ocrx_word' id='word_1_392' title='bbox 1475 2614 1585 2636; x_wconf 80' lang='lat' dir='ltr'><strong>vacua</strong></span> <span class='ocrx_word' id='word_1_393' title='bbox 1609 2614 1694 2637; x_wconf 87' lang='lat' dir='ltr'><strong>non.</strong></span> 
     </span>
     <span class='ocr_line' id='line_1_45' title="bbox 243 2647 1681 2694; baseline 0.006 -19"><span class='ocrx_word' id='word_1_394' title='bbox 243 2649 334 2676; x_wconf 77' lang='lat' dir='ltr'><strong>sunt.</strong></span> <span class='ocrx_word' id='word_1_395' title='bbox 372 2651 591 2679; x_wconf 74' lang='lat' dir='ltr'><strong>caeterorum</strong></span> <span class='ocrx_word' id='word_1_396' title='bbox 631 2647 774 2692; x_wconf 86' lang='lat' dir='ltr'><strong>quidem</strong></span> <span class='ocrx_word' id='word_1_397' title='bbox 801 2650 1006 2684; x_wconf 84' lang='lat' dir='ltr'><strong>animalium</strong></span> <span class='ocrx_word' id='word_1_398' title='bbox 1042 2660 1174 2682; x_wconf 87' lang='lat' dir='ltr'><strong>cornua</strong></span> <span class='ocrx_word' id='word_1_399' title='bbox 1200 2654 1282 2681; x_wconf 86' lang='lat' dir='ltr'><strong>sunt</strong></span> <span class='ocrx_word' id='word_1_400' title='bbox 1309 2649 1547 2694; x_wconf 84' lang='lat' dir='ltr'><strong>aliquousque</strong></span> <span class='ocrx_word' id='word_1_401' title='bbox 1576 2661 1681 2691; x_wconf 81' lang='lat' dir='ltr'><strong>cava,</strong></span> 
     </span>
     <span class='ocr_line' id='line_1_46' title="bbox 243 2695 1680 2744; baseline 0.006 -22"><span class='ocrx_word' id='word_1_402' title='bbox 243 2701 321 2723; x_wconf 81' lang='lat' dir='ltr'><strong><em>cum</em></strong></span> <span class='ocrx_word' id='word_1_403' title='bbox 349 2696 528 2727; x_wconf 69' lang='lat' dir='ltr'><strong>extremae</strong></span> <span class='ocrx_word' id='word_1_404' title='bbox 553 2699 671 2739; x_wconf 76' lang='lat' dir='ltr'><strong>partes</strong></span> <span class='ocrx_word' id='word_1_405' title='bbox 699 2695 853 2731; x_wconf 75' lang='lat' dir='ltr'><strong>existant</strong></span> <span class='ocrx_word' id='word_1_406' title='bbox 877 2696 1023 2739; x_wconf 77' lang='lat' dir='ltr'><strong>solidae,</strong></span> <span class='ocrx_word' id='word_1_407' title='bbox 1052 2695 1183 2742; x_wconf 87' lang='lat' dir='ltr'><strong>quibus</strong></span> <span class='ocrx_word' id='word_1_408' title='bbox 1209 2695 1345 2731; x_wconf 77' lang='lat' dir='ltr'><strong>scilieet</strong></span> <span class='ocrx_word' id='word_1_409' title='bbox 1368 2697 1458 2731; x_wconf 80' lang='lat' dir='ltr'><strong>ictus</strong></span> <span class='ocrx_word' id='word_1_410' title='bbox 1486 2697 1680 2744; x_wconf 78' lang='lat' dir='ltr'><strong>excipiunt.</strong></span> 
     </span>
    </p>
   </div>
  </div>
 </body>
</html>
