1826 3120
252 113 362 172 286
700 129 982 174 menaeus
1024 127 1240 171 GLYCAE

115 243 153 277 V.
176 243 234 278 118
249 248 302 276 σα
330 228 398 288 ἦν.
458 232 528 272 καί
562 229 685 272 τοῦτο
731 229 917 283 δηλοῦσα
946 227 975 283 ἦ
1002 226 1141 283 γραφή
1171 226 1275 269 κατὰ
1307 213 1415 278 λέξιν
1444 225 1554 272 οὕτω
1582 231 1692 286 φησί

223 300 350 353 ,καί
376 294 724 353 παραδοξὰσομαι
750 293 826 349 τήν
853 295 931 349 γῆν
967 295 1008 335 Γ
1005 294 1131 346 εσέμ,
1160 294 1228 349 ἐφ’
1255 287 1305 349 ἧς
1334 290 1357 334 ὅ
1387 294 1485 345 λαός
1509 310 1594 349 μου
1626 297 1689 338 ἐπ’

247 365 401 418 αὐτῆς,
443 363 515 417 ἐφ’
551 356 580 418 ᾖ
621 361 698 402 οὐκ
724 359 837 403 ἔστιν
867 361 959 403 ἐκεῖ
989 359 1015 414 ἦ
1043 357 1273 413 κυνόμυια,
1303 357 1371 401 ἵνα
1396 356 1488 418 ἶέῖῃς
1515 357 1580 405 ὅτι
1609 360 1688 417 ἐγώ

247 429 387 483 κύριος
419 427 442 469 ὅ
480 424 580 476 θεός
612 438 701 470 ’σου
726 425 863 482 πάσης
905 427 980 481 τῆς
1006 426 1097 480 γῆς.
1155 426 1228 467 καί
1253 426 1457 468 διαστελῶ
1483 422 1691 482 ἅναμέσον

246 498 326 537 τοῦ
352 495 458 548 ἐμοῦ
496 494 605 536 λαοῦ
643 494 717 535 καὶ
753 491 966 545 οἷναμέσον
1003 494 1080 535 τοῦ
1111 493 1192 533 σοῦ’
1237 492 1388 534 λαοῢ.”
1449 492 1588 536 δέεται
1615 488 1731 536 οὖνὸ

246 561 320 603 ἐπὶ
344 556 508 608 τούτοις
536 557 557 601 ὃ
585 559 753 614 ,Μωσῆς
778 559 859 601 τοῦ4
885 560 991 600 θεοῦ
1011 590 1023 612 ,
1052 559 1127 600 καί
1153 553 1334 612 περιεῖλε
1361 557 1436 614 τήν
1461 555 1694 612 κυνόμυιαν

247 626 330 668 α’πὸ
355 628 430 668 τοῦ
460 626 644 682 Φαραώ,
674 624 748 667 καί
779 624 854 666 οὐκ
882 623 1090 680 ἠθέλησεν
1119 624 1413 674 ἐξαποστεῖλαι
1439 621 1609 674 αὐτούς.

209 696 236 729 C
355 694 540 747 Πέμπτη
578 689 712 748 πληγὴ
743 686 769 746 ἦ
798 692 880 733 τῶν
917 688 1185 745 τετραπόδων
1213 688 1377 746 φθορά.
1437 689 1586 744 ,,ἶδού”
1613 689 1695 747 γάρ,

247 773 354 814 φησι
379 756 487 814 πρὸς
520 756 684 812 Φαραώ
715 753 938 812 ὂΜωσῆς,
970 753 1065 810 ,,ὁ’τι
1090 757 1187 811 χείρ
1218 757 1367 811 κυρίου
1395 753 1514 798 ἔσται
1541 757 1588 800 ἐν
1613 758 1697 799 πᾶ-

245 838 287 866 σι
317 829 405 874 τοῖς
434 821 720 880 κτήνεσίσου,
747 823 822 866 καί
848 821 1031 872 θάνατος
1058 824 1190 878 μέγας
1213 819 1400 879 σφόδρα.
1455 824 1530 865 καί
1555 823 1759 879 ἕποιἠ-ιο

245 905 296 932 σε
323 889 467 946 κύριος
505 888 553 933 τὸ
582 889 698 947 ῥῆμα
726 891 873 943 τοῦτο,
916 887 989 931 καί
1018 886 1292 945 ἐτελεύτησαν
1319 889 1458 932 πάντα
1486 890 1540 932 τοὶ
1570 888 1711 946 κτήνη,

246 958 332 998 τῶν
359 959 631 1012 Αἰγυπτίων,
670 954 755 999 <ind
797 957 846 999 δὲ
871 957 953 999 τῶν
987 958 1144 1011 κτηνῶν
1171 957 1252 998 τῶν
1275 953 1381 998 υἱῶν
1402 954 1575 1011 Ἰσραήλ
1605 950 1701 999 ἔτεα

246 1022 446 1078 λεύτησεν
471 1024 572 1065 ου’δὲ
601 1025 661 1065 ἓν.
718 1019 939 1079 ἐβαρύνθη
965 1017 1042 1065 οὖν
1067 1023 1093 1078 ἦ
1123 1023 1277 1079 καρδία
1308 1023 1493 1078 Φαραώ,
1522 1020 1595 1065 καὶ
1620 1023 1696 1064 οὐκ

246 1089 463 1131 ἀπέστειλε
486 1087 559 1131 τὸν
586 1087 703 1132 λαόν.

347 1152 471 1210 Ἓκτη
510 1154 644 1211 πληγή
684 1152 711 1210 ἦ
752 1157 836 1197 τῶν
876 1155 1118 1212 φλυκτίδων
1157 1154 1374 1207 ἐπίθεσις,
1412 1152 1527 1196 καθά
1570 1158 1760 1211 φησινιὸ

251 1220 454 1276 ,,ἒλα’λησε
485 1218 631 1276 κύριος
658 1223 732 1264 καί
757 1219 883 1274 ἔλαβε
912 1221 1081 1274 Μωσῆς
1105 1218 1182 1275 τήν
1210 1219 1393 1276 αἰθάλην
1420 1221 1494 1276 τῆς
1519 1219 1697 1274 καμίνου

202 1288 436 1329 Βέναντιόν
467 1285 657 1343 Φαραώ,
701 1286 776 1329 καί
812 1284 967 1328 ἔπασεν
1014 1283 1146 1341 αὐτὴν
1186 1286 1246 1336 εἰς
1272 1284 1344 1328 τὸν
1373 1284 1571 1341 ου’ρανόν.
1627 1284 1701 1328 καὶ

247 1355 405 1407 ἐγένετο
435 1353 552 1408 ἕλκη,
581 1353 805 1409 φλυκτιῖῗες
831 1349 1086 1404 ἇναζέουσαι
1114 1349 1159 1394 ἔν
1179 1367 1224 1394 τε
1250 1357 1338 1402 τοῖς
1360 1347 1601 1408 ἀνθρώποις
1628 1352 1701 1394 καί

247 1421 292 1460 ἐν
323 1423 407 1468 τοῖς
445 1418 695 1473 τετράποσι,
741 1421 814 1461 καί
849 1418 925 1461 οὐκ
964 1417 1170 1474 ἠδύναντο
1219 1416 1259 1460 οἱ
1301 1420 1521 1475 φαρμακοί
1546 1419 1696 1473 στῆναι

248 1485 432 1527 ἐναντίον
473 1487 634 1528 Menan*
653 1484 725 1527 διὰ
755 1484 807 1527 τά
837 1487 950 1541 ἕλκη.
1026 1481 1116 1527 εἶπε
1149 1486 1197 1527 δὲ
1224 1483 1368 1539 κύριος
1394 1482 1500 1540 πρὸς
1525 1484 1696 1539 Μωσῆν
1708 1499 1760 1528 20

248 1678 409 1710 indicare
447 1678 590 1711 litterae
627 1688 745 1711 sacrae
769 1678 932 1714 volentes
967 1678 1022 1712 liis
1049 1679 1135 1723 ipsis
1161 1677 1278 1711 verbis
1303 1687 1389 1710 usae
1413 1681 1497 1712 sunt
1519 1676 1645 1723 (Exod.
1671 1676 1693 1712 8

249 1725 308 1770 αν.)
333 1725 543 1765 „Gesemam
582 1736 687 1767 vero,
711 1737 782 1770 qua
809 1726 847 1759 in
870 1731 963 1759 terra
991 1726 1147 1771 populus
1172 1735 1271 1758 meus
1298 1724 1419 1768 degit,
1445 1730 1588 1770 praeter
1610 1724 1693 1769 opi-

248 1772 392 1804 nionem
433 1771 620 1804 hominum
650 1772 843 1806 immunem
871 1772 1020 1813 faciam,
1063 1777 1103 1805 ut
1140 1772 1179 1805 in
1215 1782 1256 1805 ea
1280 1772 1405 1804 nullae
1431 1772 1504 1806 sint
1526 1781 1692 1812 mnscae3

249 1829 320 1862 quo
348 1818 488 1852 scilicet
510 1819 692 1862 intelligas
715 1830 774 1852 me
814 1820 997 1852 dominum
1026 1819 1133 1852 deum
1158 1830 1235 1852 esse
1262 1818 1301 1851 in
1324 1818 1450 1861 terris,
1474 1819 1536 1864 qui
1565 1817 1693 1851 discri-

249 1876 330 1898 men
355 1866 452 1898 inter
487 1877 607 1898 meum
632 1872 807 1912 tuumque
840 1866 1015 1912 populum
1040 1866 1203 1911 ponam.”
1229 1865 1425 1899 secundum
1450 1864 1540 1899 haec
1563 1865 1692 1898 iterum

248 1913 366 1945 Moses
388 1912 495 1945 deum
521 1912 752 1957 deprecatur,
781 1914 845 1958 qui
871 1925 1008 1947 muscas
1045 1914 1126 1946 illas
1151 1913 1296 1946 caninas
1323 1923 1343 1945 a
1367 1911 1551 1946 Pharaone
1574 1922 1692 1956 popu-

249 1960 360 2003 loque
384 1960 497 2004 ipsius
533 1959 655 2003 abegit
678 1961 729 1993 ita
765 1966 807 1993 ut
829 1971 876 1993 ne
901 1972 971 1993 una
999 1959 1147 2005 quidem
1170 1961 1311 2006 reliqua
1336 1958 1439 1994 foret.
1465 1958 1528 1992 sed
1554 1958 1692 1991 Pharao

249 2012 323 2038 tum
353 2017 498 2051 quoque
522 2018 625 2039 suum
648 2007 882 2052 pertinaciter
907 2007 1100 2042 obduravit
1138 2007 1312 2049 animum,
1345 2017 1414 2040 nee
1435 2005 1610 2052 populum
1636 2004 1692 2038 ‹li-
1751 2036 1753 2038 .

249 2053 392 2086 mittere
417 2052 544 2087 voluit.

344 2100 472 2144 Itaque
496 2105 617 2133 secuta
653 2104 709 2133 est
742 2100 845 2145 plaga
878 2100 1030 2146 quinta,
1062 2099 1234 2134 videlicet
1255 2100 1494 2134 iumentorum
1522 2103 1559 2133 et
1583 2108 1692 2144 peco-

248 2156 326 2178 rum
340 2147 499 2178 omnium
516 2147 606 2180 lues.
634 2147 685 2179 sic
711 2148 806 2180 enim
830 2159 950 2181 sacrae
978 2148 1121 2182 litterae
1146 2151 1292 2180 narrant
1309 2146 1436 2187 (Exod.
1463 2156 1487 2189 9
1511 2145 1548 2190 3)
1575 2145 1693 2185 „dixit

248 2192 425 2225 Pharaoni
451 2193 587 2235 Moses,
613 2204 658 2226 en
682 2205 822 2227 manum
854 2206 953 2228 suam
977 2194 1142 2228 dominus
1167 2194 1205 2227 in
1229 2194 1348 2226 onmia
1372 2199 1435 2227 tua
1458 2194 1618 2226 iumenta
1642 2192 1692 2224 sic

248 2239 439 2281 immittet,
480 2245 522 2273 ut
552 2241 677 2284 ingens
716 2242 952 2275 subsecutura
987 2242 1041 2275 sit*
1066 2242 1154 2274 lues.
1183 2241 1342 2285 fecitque
1369 2240 1557 2280 dominus,
1593 2238 1693 2284 quod

250 2286 404 2319 minatus
448 2292 544 2328 erat,
578 2293 614 2320 et
655 2289 770 2321 omnis
795 2290 934 2333 generis
958 2288 1209 2334 Aegyptiorum
1235 2287 1424 2333 pecoribus
1447 2285 1622 2326 mortuis,
1645 2296 1693 2318 ne

251 2344 362 2366 unum
385 2332 531 2378 quidem
573 2334 772 2367 iumentum
805 2347 850 2368 ex
875 2336 920 2369 iis
946 2346 1038 2381 quae
1069 2335 1223 2368 Israelici
1260 2333 1496 2379 possidebant
1520 2333 1692 2366 interiit.''

250 2379 486 2413 nihilominus
512 2379 720 2414 obfirmatus
745 2387 799 2415 est
820 2382 1013 2416 Pharaonis
1030 2382 1180 2423 animus,
1204 2392 1272 2415 nec
1296 2380 1452 2414 abeundi
1475 2385 1691 2426 potestatem

251 2427 386 2472 populo
411 2427 507 2460 fecit.

346 2473 587 2519 Quamobrem
609 2474 747 2519 plagam
773 2475 861 2509 (leus
887 2481 1022 2510 sextam
1051 2475 1213 2516 immisit,
1246 2485 1339 2520 quae
1366 2473 1590 2519 pustularum
1616 2478 1692 2507 erat

252 2521 498 2562 exulceratio,
522 2521 616 2554 sicut
638 2527 762 2555 auctor
788 2522 958 2556 historiae
985 2534 1102 2557 sacrae
1126 2527 1257 2556 narrat.
1286 2520 1584 2568 quemadmodum
1599 2544 1609 2560 ‚
1634 2520 1692 2553 in-

252 2568 333 2611 quit
363 2567 487 2613 (Exod.
512 2578 535 2611 9
566 2570 641 2612 11),
679 2568 843 2602 dominus
867 2575 1118 2616 praeceperat,
1143 2569 1293 2614 sumpsit
1315 2569 1432 2601 Moses
1462 2567 1618 2600 favillam
1644 2566 1691 2600 de

252 2615 423 2655 calcaria,
449 2620 631 2660 spectante
656 2615 857 2658 Pharaone,
887 2624 996 2663 atque
1023 2617 1122 2650 illam
1147 2617 1185 2649 in
1204 2620 1286 2649 aera
1310 2615 1448 2660 sparsit.
1472 2621 1549 2647 tum
1570 2615 1690 2647 ulcera

252 2661 492 2705 pustulaeque
517 2662 694 2695 ferventes
720 2664 888 2696 exstitere
914 2671 985 2698 tam
1011 2664 1048 2696 in
1070 2663 1276 2696 hominibus
1299 2673 1403 2707 quam
1430 2662 1578 2695 caeteris
1602 2671 1689 2705 qua-

255 2707 475 2752 drupedibus
491 2735 499 2751 ‚
527 2709 617 2743 adeo
641 2715 682 2742 ut
706 2710 773 2755 ipsi
801 2711 907 2744 etiam
937 2711 1085 2746 venefici
1111 2710 1262 2756 amplius
1285 2715 1430 2755 propter
1460 2709 1579 2743 ulcera
1604 2718 1690 2741 con-
