1826 3120
653 146 937 188 ANNAmUM
979 148 1114 190 rins
1158 150 1210 189 11.
1529 127 1653 202 319⁴

189 263 319 305 φησιν
359 245 552 300 ,,ἔσονται
592 248 638 290 δὲ
666 245 693 303 ἦ
730 249 777 303 ιγ’
818 248 889 292 κατ’
916 247 940 305 ἦ
971 251 1024 292 ιδ’
1056 253 1130 292 τοῦ
1157 247 1288 305 Ἀδὰρ
1317 248 1455 306 ἡμέρα
1483 246 1646 307 ἑὸρτιος

189 317 249 365 εἰς
267 311 410 370 γενεὰς
440 314 622 356 αὕτῶν.”

291 381 341 423 Ὁ
374 379 524 435 Τωβὴτ
551 381 858 438 ᾐχμαλωτίσθη
886 383 932 424 ἐν
960 379 1139 438 ἡμέραις
1168 377 1442 439 Ἐνεμεσᾶρου
1474 385 1644 438 βασιλὲ-
1662 398 1689 432 c

186 463 244 497 ως
265 443 524 501 Ἀσσυρίων.
582 445 693 502 »ἐγώ
732 450 770 489 T
767 446 879 503 ωβῆτ
907 445 1018 497 ὁδοῖς
1047 448 1251 504 ἀληθείας
1283 447 1548 505 ἐπορευόμην
1578 453 1651 492 καί

149 511 455 568 5δικαιοσύνης
479 514 618 562 πάσας
647 511 725 563 τὰς
754 513 914 569 ἡμέρας
943 516 1018 569 τῆς
1058 516 1166 570 ζωῆς
1192 530 1290 569 μου.
1345 518 1419 558 καί
1446 513 1515 558 ὅτε
1541 515 1647 570 μετὰ
1662 524 1702 557 V.
1723 526 1783 559 132

185 579 360 635 Σάρρας
387 579 461 621 καὶ
501 581 665 634 Τωβίου
697 581 1030 637 ᾗχμαλωτίσθῆν
1058 583 1120 630 εἰς
1149 585 1323 636 Νινευί,
1352 581 1502 632 πάντες
1534 581 1572 625 οἱ
1602 585 1650 626 ἐκ

183 650 262 688 τοῦ
290 649 434 702 γένους
462 662 546 700 μου
587 641 736 701 ἤσθιον
773 641 928 701 ἄρτους
965 649 1051 689 τῶν
1079 650 1233 701 ἐθνῶν,
1263 649 1343 703 ἐγώ
1377 651 1424 692 δὲ
1454 643 1519 692 01’1‘.
1577 652 1652 692 καὶ

181 711 228 756 εἴ
247 729 360 763 τινας
390 712 600 754 ἀπέκτεινε
630 711 898 769 Σεναχηρείμ
926 710 949 754 ὅ
988 714 1215 768 βασιλεύς,
1247 712 1311 757 ὅτε
1340 711 1445 770 ἦλθε
1476 716 1649 772 φεύγων

183 781 236 821 ἐκ,
271 782 347 836 τῆς
383 779 615 831 Ἰουδαίας,
659 776 814 833 ἔθαψα
854 777 1015 829 αὐτούς
1059 783 1276 823 κλέπτων·
1330 781 1523 832 ’πολλοὺς
1562 781 1646 839 γάρ

120 862 170 890 ιο
183 846 421 889 ἀπέκτεινεν
462 847 506 888 ἐν
534 846 593 901 τῷ
622 846 752 902 θυμῷ
781 844 927 887 αὐτοῦ.
999 845 1073 888 καὶ
1094 844 1244 896 νυκτὸς
1274 846 1344 889 διὰ
1377 846 1515 904 φόβου
1543 853 1647 890 πολ..

180 912 284 963 λοῦς
315 911 514 955 ἔθαπτον.
572 907 674 953 ὅθεν
705 914 780 954 καί
808 909 1038 967 ἐκοιμήθην
1075 911 1194 969 παρὰ
1222 911 1267 955 τὸ
1298 919 1437 968 τεῖχος
1466 916 1539 970 τῆς
1567 916 1647 956 av'-

179 980 255 1035 λῆς
282 978 508 1036 ἀκαλύπτῳ
538 974 772 1035 προσώπῳ·
830 980 903 1019 καί
930 980 1006 1020 οὐκ
1031 974 1151 1036 ᾔδειν
1181 975 1245 1021 ὅτι
1273 979 1483 1035 στρουθία
1513 982 1558 1023 ἐν
1590 983 1647 1038 τῷ

176 1047 305 1103 τοίχῳ
334 1046 440 1087 ἐστι’.
517 1046 590 1086 καί
630 1044 932 1100 α’φοδεύσαντα
974 1043 1134 1100 θερμὸν
1174 1047 1234 1095 εἰς
1259 1046 1360 1095 τούς
1389 1046 1646 1102 ὀφθαλμούς

175 1127 285 1166 μου,
312 1110 492 1166 ἐγενήθη
520 1108 772 1164 λευκώματα
798 1112 842 1153 ἐν
885 1110 1045 1161 αὐτοῖς.
1103 1110 1130 1166 ἦ
1163 1113 1209 1153 δὲ
1238 1111 1341 1167 γυνή
1370 1129 1452 1166 μου
1482 1114 1691 1167 προσή-Ι)

116 1180 165 1222 15
176 1181 279 1234 γαγέ
306 1193 381 1232 μοι
426 1177 595 1234 ἔριφον,
621 1176 671 1220 ὂν
711 1179 772 1226 εἰς
798 1175 959 1231 μισθὸν
991 1179 1068 1220 τοῦ
1101 1177 1233 1219 κόπου
1261 1177 1423 1233 ἔλαβεν.
1482 1179 1562 1234 ἐγώ
1596 1182 1643 1222 δὲ

177 1247 311 1288 δοκῶν
350 1247 602 1298 κλεψιμαῖον
644 1240 754 1286 εἶναι
793 1246 870 1285 οὐκ
913 1243 1096 1300 ἔφαγον,
1139 1245 1212 1286 καί
1251 1245 1505 1301 ὠνειδίσθην
1542 1249 1642 1302 παρ’

175 1312 306 1366 αὐτῆς
335 1308 391 1360 ὥς
425 1311 556 1365 δῆθεν
588 1311 722 1365 μηδὲν
747 1305 1043 1366 ὠφελούμενος
1071 1312 1115 1362 ἐξ
1145 1307 1314 1367 ἀρετῆς.
1352 1311 1426 1354 καί
1453 1311 1642 1355 ἔκλαυσα

174 1376 284 1432 πρὸς
313 1377 459 1432 κύριον
483 1376 715 1419 ’λυσιτελεῖ
737 1393 810 1430 μοι
842 1378 1075 1419 α’ποθανεῖν
1102 1373 1131 1433 ἢ
1152 1379 1247 1432 ζῆν,
1280 1374 1343 1419 ὅτι
1371 1378 1641 1431 ὀνειδισμοὺς

175 1446 352 1498 ψευδεῖς
379 1439 570 1498 ἤκουσα]
642 1442 732 1484 τότε
763 1444 810 1484 δὲ
847 1443 919 1484 καί
950 1441 1096 1498 Σάρρα
1126 1443 1152 1498 ἦ
1182 1444 1260 1484 τοῦ
1283 1443 1491 1500 Ῥαγουὴλ
1519 1445 1639 1487 ὠνει-

109 1503 163 1552 ’20
177 1511 305 1566 δίσθη
339 1510 396 1560 ὥς
426 1511 557 1564 δῆθεν
590 1510 857 1560 α’ποπνίξασα
885 1507 958 1558 οὕς
986 1507 1135 1564 ἔλαβεν
1163 1506 1321 1565 ἄνδρας
1349 1507 1482 1553 ἑπτά·
1539 1512 1640 1554 τού-

173 1593 271 1627 τους
313 1578 360 1618 δὲ
389 1577 644 1628 Ἀσμοδαΐος
679 1573 727 1617 τὸ
769 1574 950 1630 πονηρὸν
971 1577 1206 1628 ,δαιμόνιον
1235 1576 1452 1620 ἀπέκτεινε
1485 1577 1584 1633 πρὶν
1610 1574 1640 1633 ἢ

172 1645 372 1700 γενέσθαι
409 1646 501 1697 μετ’
545 1643 696 1698 αὕτῆς,
740 1639 796 1692 ὦς
845 1644 920 1684 καί
952 1645 1216 1698 βουληθῆναι
1262 1643 1398 1700 αὕτῆν
1437 1646 1637 1687 ἐντεῦθεν

268 1756 301 1790 3.
324 1754 499 1803 μεσάρου
527 1755 566 1788 F.

172 1863 298 1897 decem
322 1862 487 1896 Ammani
511 1862 596 1895 filiis
624 1861 662 1894 in
688 1871 830 1894 crucem
856 1862 956 1896 actis.
987 1861 1081 1895 hanc
1107 1862 1154 1894 ob
1182 1873 1323 1896 causam
1348 1864 1553 1898 institutum
1579 1866 1634 1900 le-

170 1913 286 1958 gimus
310 1916 352 1944 ut
379 1911 418 1943 13
444 1915 482 1943 et
514 1909 553 1953 14
582 1908 706 1942 Adaris
736 1908 868 1941 mensis
894 1909 970 1942 dies
1004 1909 1147 1942 Iudaeis
1170 1916 1348 1955 perpetuo
1376 1912 1458 1944 sesti
1485 1912 1568 1946 sint.

262 1958 430 1991 Tobaeus
463 1958 663 2002 imperante
703 1956 919 1989 Enemesaro
945 1957 1169 2000 Assyriorum
1202 1969 1283 2001 rege
1323 1959 1361 1991 in
1386 1959 1632 2004 captivitatem

169 2006 346 2039 abductus
372 2011 436 2038 est.
461 2005 491 2038 is
515 2015 581 2050 per
608 2015 749 2037 omnem
774 2004 883 2036 vitam
909 2003 1070 2037 veritatis
1098 2009 1133 2038 et
1160 2005 1321 2038 iustitiae
1345 2006 1632 2042 studiosissimus

154 2054 260 2094 suit,
285 2064 437 2099 cumque
480 2052 643 2098 captivus
670 2051 833 2084 Nineven
877 2062 948 2084 una
977 2062 1060 2084 cum
1082 2062 1194 2084 uxore
1223 2052 1326 2085 Sarra
1352 2059 1389 2086 et
1413 2054 1528 2086 Tobia
1555 2055 1630 2090 filio

168 2101 364 2147 perductus
402 2105 513 2142 esset,
547 2099 706 2143 cognatis
743 2098 893 2131 caeteris
927 2109 1021 2143 pane
1060 2099 1220 2142 gentium
1254 2100 1485 2134 vescentibus
1513 2102 1558 2134 ab
1586 2114 1629 2136 eo

166 2160 312 2194 prorsus
337 2148 523 2181 abstinuit.
563 2146 697 2180 deinde
722 2152 868 2179 necatos
908 2157 928 2178 a
949 2157 1030 2189 rege
1059 2146 1338 2189 Senacherimo,
1366 2159 1438 2194 quo
1464 2155 1630 2195 tempore

168 2196 198 2230 is
224 2195 473 2229 revertebatur
495 2206 513 2228 e
538 2194 673 2227 Iudaea
698 2193 930 2239 profugiens,
968 2193 1092 2226 furtim
1120 2194 1345 2240 sepeliebat3
1375 2196 1439 2240 qui
1467 2208 1552 2230 sane
1582 2198 1626 2231 ab

134 2257 137 2258 ⁷
167 2243 259 2277 irato
285 2254 367 2288 rege
391 2254 465 2276 non
486 2242 594 2287 pauci
621 2247 706 2275 sunt
730 2241 925 2275 interfecti.
951 2241 1150 2285 quinetiam
1169 2248 1278 2275 noctu
1303 2243 1436 2276 multos
1462 2243 1508 2277 ob
1536 2246 1626 2289 regis

166 2296 300 2324 metum
319 2297 435 2325 terrae
449 2289 654 2323 mandabat.
679 2294 901 2335 quapropter
926 2287 1123 2333 aliquando
1149 2289 1280 2323 accidit
1305 2296 1346 2323 ut
1370 2291 1471 2324 vultu
1499 2299 1624 2336 aperto

167 2339 264 2371 iuxta
292 2339 465 2383 parietem
490 2338 699 2382 consopitus
736 2336 909 2377 cubaret,
935 2336 1099 2379 ignorans
1124 2336 1206 2370 istic
1229 2348 1390 2382 passeres
1418 2339 1456 2371 in
1484 2340 1624 2384 pariete

166 2386 381 2419 nidificasse.
405 2386 462 2418 illi
490 2395 573 2419 vero
593 2384 749 2418 calidum
775 2390 908 2416 stercus
934 2383 973 2416 in
998 2383 1122 2417 oculos
1146 2384 1222 2418 eius
1249 2391 1463 2426 excernunt‚
1483 2397 1526 2419 ex
1550 2398 1623 2431 quo

167 2433 291 2466 innata
315 2434 428 2479 ipsius
461 2433 576 2466 oculis
615 2438 669 2465 est
706 2431 850 2476 albugo.
893 2431 1131 2464 consimiliter
1157 2443 1236 2464 cum
1262 2443 1353 2465 uxor
1380 2432 1440 2466 die
1465 2433 1624 2478 quodam

167 2479 236 2524 ipsi
263 2479 419 2514 hoedum
450 2480 608 2514 adferret
633 2480 757 2513 datum
797 2478 866 2512 sibi
894 2477 1069 2511 mercedis
1093 2479 1257 2520 nomine,
1284 2479 1434 2513 nolebat
1456 2491 1499 2513 eo
1524 2482 1621 2514 vesci

166 2533 357 2572 propterea
396 2527 495 2574 quod
531 2527 704 2560 furtivum
741 2527 983 2566 existimaret,
1021 2536 1135 2571 eaque
1170 2526 1216 2560 de
1252 2538 1357 2560 causa
1391 2527 1531 2572 probris
1572 2530 1618 2562 ab

167 2585 278 2607 uxore
316 2576 563 2609 incessebatur
593 2580 635 2608 ut
668 2574 731 2619 qui
764 2574 917 2606 fructum
953 2585 996 2606 ex
1031 2574 1165 2607 virtute
1194 2574 1336 2607 nullum
1360 2581 1517 2619 caperet.
1542 2581 1619 2609 tum

167 2621 230 2654 ille
258 2622 416 2666 plorare,
442 2634 484 2656 ac
513 2622 661 2655 domino
687 2621 808 2654 dicere
833 2621 943 2654 satius
968 2619 1037 2653 sibi
1070 2621 1165 2662 fore,
1195 2622 1226 2654 si
1252 2622 1443 2662 moriatur,
1471 2624 1618 2667 quando

166 2669 265 2702 falsis
303 2670 442 2714 probris
473 2670 671 2703 adficiatur.
705 2669 831 2701 eodem
869 2668 938 2701 hoc
973 2673 1136 2713 tempore
1165 2668 1267 2702 Sarra
1296 2680 1444 2714 quoque
1469 2671 1620 2714 Ragueli

166 2715 240 2748 filia
264 2717 381 2750 verbis
410 2718 650 2751 contumeliae
675 2716 793 2761 plenis
819 2721 873 2749 est
892 2716 1089 2760 exagitata,
1115 2717 1219 2762 quasi
1241 2717 1333 2749 viros
1359 2722 1509 2761 septem,
1535 2720 1618 2763 qui-

168 2762 317 2796 buscum
341 2770 453 2810 nupta
480 2765 612 2806 suerat,
636 2766 853 2804 suffocasset,
879 2774 970 2809 quos
994 2768 1114 2797 tamen
1126 2763 1347 2798 Asmodaeu·
1372 2764 1436 2798 ille
1461 2776 1616 2812 nequam
