1826 3120
254 158 271 191 1
285 137 320 203 4
690 152 979 195 inm-mnus
1017 151 1234 194 GLYCAE

246 257 478 312 γενομένης,
508 255 636 307 πολλὴ
664 252 883 307 καπνώὸης
911 252 1199 306 ἀναθυμίασις
1225 253 1490 308 ἀναδίδοται,
1517 256 1588 300 καὶ
1616 258 1688 300 διὰ

159 324 368 377 Ρ.·;.τοῦτο
396 319 578 377 σφοδροὶ
608 316 751 372 ἄνεμοι
775 319 982 372 γίνονται,
1013 315 1037 358 ὅ
1064 335 1107 361 τε
1136 322 1295 376 βορρᾶς
1323 323 1394 363 καί
1419 320 1444 363 ὅ
1470 321 1601 373 νότος.
1645 324 1690 366 ἐν

243 391 294 438 ,δὲ
324 393 409 435 τοῖς
439 383 693 432 ἀνατολικοΐς
732 386 806 426 καί
831 385 1014 434 δυτικοῖς
1042 386 1221 441 χωρίοις
1246 384 1488 440 κινούμενος
1519 387 1542 429 ὅ
1573 386 1691 443 ἥλιος

243 450 319 495 οὔκ
347 454 398 509 ἐᾷ
425 454 552 504 ψῦξιν
600 451 796 503 γενέσθαι
831 448 1007 505 πολλήν,
1042 455 1116 493 καί
1165 450 1238 493 διὰ
1273 454 1397 494 τοῦτο
1434 448 1532 494 οὔτε
1557 454 1689 504 nonde:

242 517 363 567 ὖετὸς
390 521 544 572 γίνεται
573 511 670 557 οὔτε
701 515 832 571 πολλή
866 516 892 571 ἦ
923 515 1142 573 καπνώδης
1172 517 1485 572 ἀναθυμίασις,
1514 516 1590 562 ἅτε
1614 522 1725 576 τῆς5

241 588 316 639 γῆς
352 583 411 638 μή
463 583 802 636 ὃιαβρεχομένης.
877 580 998 625 ἔνθεν
1025 598 1092 625 τοι
1126 582 1200 626 καὶ
1224 584 1277 625 οὖ
1304 586 1485 640 σφοδροὶ
1505 586 1689 639 γίνονται

243 648 405 703 ἄνεμοι.
460 645 564 688 ἀλλὰ
592 646 665 688 καί
691 646 850 701 ἐτήσιοι
876 646 1038 704 βόρειοι
1065 643 1212 703 ἄνεμοι
1240 651 1423 704 γίνονται
1453 654 1553 702 μεθ’
1586 651 1690 706 ἦμέ-

244 731 322 770 ρας
350 714 478 756 εἴκοσι
504 716 576 768 τῆς
603 715 775 768 θερινῆς
793 715 963 770 τροπῆς,
991 713 1099 767 μετὰ
1126 714 1203 770 τὴν
1227 718 1306 757 τοῦ
1333 717 1569 771 κυνάστρου
1598 718 1689 760 ἑπι-

203 780 379 836 Βτολήν.
447 781 676 834 τηνικαῦτα
714 778 797 834 γάρ
838 781 914 834 τῆς
940 778 1088 834 χιόνος
1117 783 1321 836 λυομένης
1350 776 1482 836 αὖραι
1504 782 1690 836 γίνονται

241 846 411 903 ψυχραὶ
448 844 621 901 βόρειοι.
689 847 762 887 καί
788 844 940 887 τούτου
980 844 1111 902 χάριν
1139 845 1180 888 οἱ
1211 849 1515 904 ὃιαληφθέντες
1539 843 1687 903 ἄνεμοι
1706 863 1754 892 ιο

241 915 298 970 τῷ
339 913 472 970 καιρῷ
510 910 644 969 τούτῳ
685 913 781 952 καθ’
805 910 980 954 ἕκαστον
1009 909 1103 961 ἔτος
1143 911 1406 969 ἀπάρχονται
1429 919 1561 957 πνεῖν.
1618 914 1692 958 καὶ

153 981 341 1034 ν.6περι“
366 980 442 1030 μὲν
481 975 644 1020 τούτων
683 972 842 1026 οὕτως·
900 973 1053 1031 ἄνεμον
1082 979 1129 1019 δὲ
1161 981 1261 1034 παρ’
1285 977 1453 1038 Ὁμήρῳ
1482 981 1692 1035 καλούμε-

239 1061 308 1087 νον
337 1042 521 1086 θύελλαν
556 1040 577 1083 ὅ
610 1042 900 1098 Ἀριστοτέλης
931 1044 1108 1099 τυφῶνα
1136 1049 1273 1098 καλεῖ,
1308 1043 1376 1086 διὰ
1409 1044 1455 1088 τὸ
1486 1044 1600 1101 παχῦ
1629 1043 1690 1090 εἶ-

239 1128 308 1154 ναι
336 1108 380 1152 τὸ
410 1111 573 1161 πνεῦμα
598 1107 671 1150 καί
698 1107 826 1150 οἷονεί
852 1106 1025 1151 τύπτειν
1052 1110 1104 1165 τῇ
1131 1112 1251 1167 φωνῇ
1268 1108 1313 1152 τὸ
1338 1110 1592 1166 παρατυχόν.
1619 1113 1689 1155 αι’-

236 1176 308 1218 τία
340 1178 388 1218 δὲ
432 1176 510 1217 τοῦ
537 1173 729 1216 τοιούτου
769 1174 927 1227 ἀνέμου
961 1173 1084 1228 ἀτμίς
1113 1181 1270 1229 παχεῖα
1299 1171 1464 1219 ἄνωθεν
1492 1176 1575 1220 ἀπὸ
1602 1179 1688 1221 τῶν
1705 1181 1754 1222 15

195 1244 375 1298 (ζνεφῶν
406 1243 616 1298 φερομένη
636 1272 648 1294 ,
687 1240 771 1282 εἴτε
799 1238 903 1282 κατὰ
935 1241 1010 1295 γῆς
1053 1238 1134 1283 εἴτε
1172 1241 1280 1283 κατὰ
1311 1242 1554 1298 θαλάσσης,
1593 1240 1690 1299 ἥτις

234 1305 549 1364 προσπταίουσά
577 1323 658 1349 τινι
695 1305 910 1364 ἀντιτύπῳ
939 1307 1106 1360 σώματι
1138 1306 1424 1350 ἀναπάλλεται
1453 1310 1514 1358 εἰς
1531 1309 1688 1352 'rodnl-

234 1392 322 1428 σω,
352 1374 445 1416 ἐπεὶ
471 1375 516 1414 δὲ
547 1371 593 1414 τὸ
628 1373 974 1425 ἀναπαλλόμενον
1003 1370 1206 1415 κωλύεται
1238 1375 1297 1422 εἷς
1323 1370 1508 1416 τοῦπίσω
1533 1380 1689 1430 χωρεῖν
1722 1404 1725 1406 »

232 1439 316 1482 ὑπὸ
346 1442 424 1483 τοῦ
454 1433 631 1481 ἷῖπισθεν
661 1440 1058 1492 ἐπακολουθοῦντος,
1090 1440 1161 1481 ἐπὶ
1186 1438 1238 1482 τὰ
1266 1439 1422 1493 πλάγια
1451 1442 1686 1494 aemulatae,

233 1503 322 1548 εἶτα
365 1506 528 1547 κάκεῖσε
577 1502 788 1560 ἀντιτύπῳ
823 1503 1120 1558 συναντήσασα
1165 1502 1292 1545 πάλιν
1324 1504 1752 1562 δι(ισκορπι’ζεται,αο

232 1571 306 1613 καὶ
341 1573 498 1626 γίνεται
538 1567 715 1624 ἑλιξίτης
758 1568 975 1624 συστροφη
1025 1570 1103 1610 τοῦ
1141 1569 1300 1622 ἀνέμου
1319 1603 1331 1624 ‚
1374 1572 1688 1627 μετεωρίζουσα

232 1637 304 1680 καί
330 1635 413 1680 ἀπὸ
454 1638 529 1692 γῆς
577 1634 650 1677 καί
687 1631 770 1676 ἀπὸ
811 1632 1026 1689 θαλάσσης
1068 1632 1121 1676 τὰ
1165 1634 1462 1691 παρατυχόντα
1491 1635 1684 1691 σώματα.

324 1765 381 1787 21.
406 1752 586 1793 ἑλιξῖτιςί)

233 1848 278 1880 de
304 1846 437 1893 quibus
465 1844 588 1890 aquilo
616 1847 652 1875 et
674 1846 811 1883 auster,
846 1842 947 1875 venti
970 1841 1076 1885 longe
1101 1840 1408 1876 vehementissimi
1435 1844 1638 1889 gignuntur.
1664 1858 1685 1881 e

230 1895 372 1928 diverso
411 1904 491 1927 cum
526 1892 564 1924 in
594 1890 683 1922 locis
721 1888 970 1922 Orientalibus
1019 1894 1055 1921 et
1084 1887 1381 1922 occidentalibus
1415 1897 1594 1936 perpetuo
1629 1893 1685 1927 sol

228 1947 439 1982 moveatur,
479 1949 645 1983 magnum
673 1937 754 1969 istic
779 1936 889 1980 frigus
931 1935 1018 1967 oriri
1047 1945 1121 1967 non
1145 1936 1289 1980 patitur.
1319 1947 1391 1981 qua
1416 1936 1463 1970 de
1488 1949 1592 1972 causa
1616 1951 1686 1974 nee

229 1989 438 2032 frequentes
464 1987 517 2019 ibi
547 1984 692 2029 pluviae
718 1989 823 2023 sunt,
852 1993 921 2015 nee
940 1982 1213 2027 evaporationes
1237 1982 1328 2015 istae
1354 1983 1453 2017 fumo
1480 1986 1685 2021 consimiles

231 2036 454 2073 excitantur,
475 2043 554 2064 cum
570 2032 650 2075 ipsa
671 2030 776 2063 etiam
801 2036 894 2063 terra
915 2040 987 2063 non
1010 2028 1202 2062 admodum
1222 2029 1269 2061 sit
1292 2030 1436 2074 irrigua.
1462 2031 1559 2066 unde
1579 2034 1685 2080 sequi

229 2080 482 2114 animadvertis
520 2089 594 2110 non
618 2088 715 2109 acres
740 2078 1007 2121 impetuososve
1029 2081 1154 2110 ventos
1181 2076 1267 2108 inde
1294 2078 1495 2121 provenire.
1521 2086 1686 2124 praeter..

229 2139 271 2161 ea
312 2126 412 2161 venti
442 2124 590 2170 quidam
630 2124 886 2164 anniversarii,
926 2134 1017 2168 quos
1042 2123 1171 2156 etesias
1195 2123 1401 2167 appellant,
1428 2125 1530 2170 iique
1555 2127 1686 2162 borea-

229 2175 304 2215 les,
331 2172 460 2206 diebus
499 2171 543 2203 ab
570 2171 706 2203 aestiva
746 2172 832 2204 solis
861 2171 1096 2203 conversione
1121 2169 1273 2213 viginti,
1316 2171 1383 2203 sub
1407 2173 1528 2206 canini
1554 2174 1684 2209 sideris

231 2227 349 2254 ortum
378 2219 530 2252 existere
556 2217 684 2250 solent.
710 2228 792 2250 nam
819 2228 899 2251 cum
924 2217 963 2250 id
987 2216 1160 2261 temporis
1183 2217 1284 2250 nives
1311 2218 1594 2263 colliquescant,
1619 2233 1685 2255 au..

231 2279 292 2301 rae
323 2266 500 2312 quaedam
525 2264 674 2308 frigidae
714 2276 753 2296 ac
780 2265 945 2298 boreales
974 2263 1188 2297 efficiuntur.
1216 2275 1308 2309 quae
1337 2276 1440 2298 causa
1467 2272 1524 2300 est
1545 2273 1586 2302 ut
1607 2273 1684 2302 tum

230 2315 346 2354 venti,
384 2324 473 2357 quos
513 2311 770 2351 indicavimus,
805 2312 892 2345 flare
933 2311 1084 2355 singulis
1114 2310 1216 2344 annis
1242 2311 1430 2356 incipiant.
1460 2319 1570 2359 atque
1593 2314 1685 2358 haec

231 2361 277 2394 de
303 2361 358 2393 his
387 2360 482 2392 dicta
506 2363 623 2391 sunto.
649 2363 828 2391 caeterum
864 2363 1011 2391 ventum
1036 2358 1142 2390 illum
1167 2368 1275 2402 quem
1304 2358 1478 2402 thyellam
1506 2361 1684 2396 Homerus

230 2408 412 2453 appellat,
450 2404 662 2449 Typhonem
698 2411 803 2438 vocat
827 2405 1061 2447 Aristoteles,
1078 2404 1219 2451 (Latini
1244 2405 1466 2454 turbinem),
1491 2414 1684 2453 propterea

230 2454 329 2500 quod
353 2453 458 2486 flatus
486 2453 562 2496 ipse
600 2462 735 2484 crassus
765 2452 827 2493 sit⁷
857 2452 1033 2497 quasique
1067 2462 1156 2484 sono
1178 2463 1243 2484 suo
1269 2453 1436 2487 verberet
1458 2453 1497 2487 id
1521 2455 1559 2487 in
1583 2455 1683 2500 quod

229 2501 370 2534 incidit.
398 2500 475 2532 eius
508 2498 608 2532 venti
633 2509 737 2531 causa
764 2504 817 2531 est
855 2510 967 2543 vapor
995 2498 1141 2544 quidam
1169 2510 1341 2542 crassus,
1366 2512 1505 2534 sursum
1529 2507 1550 2534 e
1573 2503 1683 2536 nubi-

229 2547 298 2581 bus
334 2547 499 2586 delatus,
535 2546 608 2578 sive
641 2544 709 2577 hoc
751 2550 844 2578 terra
871 2546 934 2578 fiat
978 2546 1052 2580 sive
1080 2545 1190 2587 mari,
1228 2547 1291 2591 qui
1326 2547 1473 2592 quidem
1508 2559 1619 2593 vapor
1642 2549 1682 2583 in

230 2606 358 2639 corpus
395 2592 546 2637 aliquod
571 2592 726 2625 solidum
765 2598 801 2624 et
826 2592 1005 2625 obsistens
1041 2592 1158 2625 illisus
1183 2598 1280 2626 retro
1308 2599 1509 2639 torquetur.
1535 2601 1571 2629 et
1594 2597 1681 2641 quia

229 2653 294 2687 per
317 2641 389 2675 vim
426 2645 520 2672 retro
547 2644 646 2671 actus
672 2639 731 2670 hic
759 2650 867 2683 vapor
899 2639 1027 2671 cedere
1055 2640 1206 2684 nequit,
1233 2640 1434 2673 obsistente
1456 2641 1557 2674 illico
1581 2642 1682 2687 quod

230 2701 251 2721 a
275 2694 374 2732 tergo
403 2686 566 2731 sequitur
590 2691 698 2729 atque
727 2686 902 2726 imminet,
928 2686 1058 2718 iccirco
1082 2686 1196 2719 veluti
1221 2687 1354 2720 fractus
1378 2687 1417 2720 in
1442 2693 1682 2723 transversum

232 2736 359 2780 agitur.
395 2733 459 2766 ubi
494 2732 670 2766 consimili
692 2731 800 2765 modo
835 2738 1004 2777 exceptus
1030 2744 1050 2766 a
1074 2743 1225 2778 corpore
1261 2734 1434 2780 quopiam
1462 2735 1580 2768 solido
1604 2747 1684 2770 rur-
