1826 3120
688 134 971 177 ANNALmM
1014 135 1149 177 PARS
1194 137 1246 177 ιι.
1571 116 1604 171 3
1622 137 1678 192 ¹7

224 233 318 293 ριός
344 238 474 288 μου.”
529 236 601 277 καί
630 234 650 277 ὁ
689 236 944 294 Ὁλοφέρνης
973 236 1074 290 πρὸς
1099 233 1258 293 Ἀχιώρ
1291 238 1390 291 „nat”
1416 239 1478 287 τίς
1508 236 1530 279 ci
1560 235 1683 291 θεάς,

183 322 187 323 ’
227 304 268 344 εἰ
298 301 363 363 μή
394 302 799 357 Ναβουχοδονόσορς
844 299 966 352 οὗτος
1011 304 1234 346 α’ποστελεῑ
1270 303 1318 346 τὸ
1345 304 1498 360 κράτος
1527 303 1683 357 αὐτοῦ,

225 369 300 410 καί
339 365 628 422 ε’ξολεθρεύσει
675 367 834 418 αὐτοὺς
868 367 949 410 ἀπὸ
997 365 1222 422 προσώπου
1262 369 1338 424 τῆς
1381 371 1497 425 γῆς.”
1551 372 1618 426 ἐφ’
1649 365 1683 427 ᾧ

224 433 297 476 καί
324 430 550 488 ἀπετμήθη
589 432 665 489 τὴν
702 434 892 491 κεφαλὴν
924 430 1056 476 αὐτοῦ
1084 437 1228 491 σοφαῖς
1256 437 1316 493 τῷ
1343 428 1432 478 ὄντι
1461 438 1534 479 καί
1560 437 1683 490 εὐμε-

187 497 363 548 ὅθόὸως
391 496 506 552 παρὰ
538 497 738 553 γυναικὸς
764 501 840 554 τῆς
866 497 1062 555 ’lomb-9,
1091 499 1225 542 πάντα
1256 517 1302 543 τε
1331 499 1381 544 τοὶ
1411 501 1570 544 ἐκείνου
1601 519 1684 544 πα-

222 564 277 618 ρὰ
310 566 522 608 Ἰουὸαάυν
561 564 898 619 έσκυλεύθησαν.
971 565 1064 607 τότε
1104 564 1156 621 δὴ
1190 564 1280 608 τότε
1316 569 1389 610 καί
1420 567 1581 623 Ἀχιώρ
1611 585 1682 611 πι-

222 632 406 680 στεύσας
429 631 486 688 τῷ
512 633 600 686 θεῷ
619 630 692 672 καί
716 633 1016 684 περιτέμνεται.

330 699 394 740 Ἐν
423 703 514 747 ταῖς
542 694 723 752 ἡμέραις
748 698 830 740 τῶν
857 700 1009 753 κριτῶν
1050 700 1176 751 λιμοῦ
1205 701 1419 754 γεγονότος
1447 701 1607 758 ἆπῆρεν
1634 703 1680 745 ἐκ
1692 714 1727 749 Ρ.
1745 715 1814 759 169

226 767 423 821 Βηθλεὲμ
452 761 478 819 ἦ
517 765 679 816 Νοεμίν
713 762 793 806 σὺν
824 770 910 814 τοῖς
946 766 1094 807 παισὶν
1131 766 1263 820 αὐτῆς
1291 767 1337 807 ἐν.
1360 766 1478 825 οἷγρῷ
1503 770 1652 824 Μωάβ
1670 786 1679 797 ·

166 833 390 879 wudu-5506
431 827 602 887 νύμφας
640 827 793 883 ἔλαβον
819 830 1029 886 Ὀρφανὴν
1068 830 1142 872 καί
1162 830 1308 874 Ῥούθ.
1366 832 1468 885 μετὰ
1499 836 1600 876 δέκα
1634 837 1721 879 dic

222 896 296 952 ἔτη
322 899 406 940 τῶν
435 896 601 951 ἀνδρῶν
629 894 846 938 θανόντων
873 896 1139 951 ὑπέστρεψεν
1166 897 1192 952 ἦ
1222 898 1395 951 Νοεμίν.
1422 899 1681 955 ἠκολούθουν

222 965 333 1021 αὐτῇ
362 965 436 1004 καί
463 960 507 1004 αἱ
537 961 612 1003 δύο
643 962 826 1019 νύμφαι.
885 965 958 1005 καί
985 964 1010 1018 ἦ
1039 965 1119 1016 μὲν
1139 963 1326 1020 Ὀρφανὴ
1349 970 1570 1008 πεισθεῖσα
1594 973 1681 1017 τοῖς

221 1028 358 1084 λόγοις
376 1029 540 1082 Νοεμίν
566 1028 848 1084 ὑπέστρεψεν,
880 1029 904 1085 ἦ
933 1030 980 1071 δὲ
998 1032 1222 1084 θαυμασία
1236 1029 1372 1072 Ῥούθ
1389 1033 1465 1073 οὐκ
1491 1032 1680 1088 ἐπείσθη,

222 1098 401 1151 λέγουσα
429 1094 481 1150 „13
511 1093 613 1145 λαός
641 1111 717 1138 σου
750 1096 849 1145 λαός
881 1111 992 1149 μου,
1025 1095 1097 1138 καὶ
1136 1093 1157 1137 ὃ
1186 1097 1286 1146 θεός
1315 1113 1392 1140 σου
1424 1097 1524 1147 θεός
1553 1103 1681 1152 μου.”

160 1165 208 1206 15
221 1162 295 1205 καί
338 1163 606 1204 συνελθοῦσα
646 1161 768 1216 ἐμίγη
808 1163 868 1219 τῷ
894 1162 1041 1214 Βοώς,
1074 1161 1148 1205 καὶ
1183 1165 1324 1206 τέτοκε
1355 1162 1429 1207 τὸν
1452 1164 1583 1222 Ὀβὴδ
1608 1167 1682 1209 τὸν

220 1231 384 1283 πατέρα
406 1227 586 1280 Ἰεσσαί,
615 1228 692 1284 ἀφ’
723 1223 775 1269 οὗ
802 1229 958 1282 Δαβίὸ.
1629 1279 1638 1290 ⁸

333 1293 433 1336 Ἀπὸ
476 1295 858 1350 Ναβουχοδονόσορ
902 1295 1163 1349 αἰχμάλωτοι
1209 1298 1521 1353 ῙΙἸαρὸοχαΐος,
1557 1299 1679 1356 ’γυνή

213 1357 385 1416 Ἐσθήρ,
414 1363 487 1402 καί
513 1361 664 1414 λοιποί,
698 1362 741 1403 οἳ
765 1356 873 1415 ἦσαν
902 1361 972 1403 ἐπὶ
995 1362 1288 1417 Ἀρταξέρξου.
1347 1359 1467 1413 οὗτος
1492 1364 1513 1407 ὁ
1541 1368 1679 1421 Μαρ-

221 1430 393 1482 δοχαῖος
420 1428 472 1477 ,ἐν>
493 1428 544 1483 τῇ
578 1426 689 1483 αὐλῇ
716 1429 791 1468 τοῦ
819 1428 1026 1480 βασιλέως
1042 1428 1229 1478 οἰκούσας
1259 1429 1335 1471 δύο
1363 1426 1579 1486 εὐνούχων
1603 1446 1721 1485 ,us-D

156 1514 207 1540 20
221 1493 431 1536 λετώντων
461 1493 566 1534 κατὰ
596 1495 671 1534 τοῦ
697 1493 904 1546 βασιλέως
935 1493 1114 1550 ἀνέφερε
1144 1496 1243 1550 περὶ
1273 1494 1432 1539 τούτων
1462 1494 1603 1556 αὐτῷ·
1639 1500 1682 1542 οἵ

219 1562 291 1603 καί
317 1559 539 1602 ἀπώλοντο.
609 1557 763 1602 τούτων
791 1555 867 1601 οὖν
910 1561 1048 1602 ἕνεκεν
1081 1559 1102 1601 ὁ
1133 1559 1247 1615 παρὰ
1279 1564 1337 1620 τῷ
1367 1566 1542 1616 βασιλεῖ
1559 1567 1678 1620 μέγι-

222 1748 397 1782 vaderent
422 1747 558 1792 quippe
584 1758 690 1792 quam
715 1747 815 1781 hello
854 1746 952 1781 haud
981 1748 1093 1782 dubie
1119 1751 1259 1794 capturi
1285 1756 1424 1784 essent:
1451 1751 1506 1785 sin
1531 1757 1675 1794 autem,

222 1797 410 1830 consulere
445 1805 482 1827 se
518 1794 719 1839 Olopherni
759 1800 934 1840 tanquam
973 1795 1119 1829 domino
1156 1808 1241 1837 suo,
1283 1797 1384 1830 iliam
1417 1804 1458 1831 ut
1490 1800 1677 1834 nationem

222 1844 365 1877 missam
390 1842 537 1876 faceret.
566 1841 622 1874 his
648 1841 778 1875 auditis
806 1842 995 1875 Achiorem
1021 1843 1177 1876 vicissim
1194 1843 1420 1888 Olophernes
1445 1846 1676 1891 interrogare,

221 1897 414 1938 putaretne
450 1889 556 1922 deum
596 1889 801 1934 quempiam
843 1900 920 1922 esse
957 1896 1102 1935 praeter
1135 1890 1547 1926 Nabuchodonosorem:
1573 1894 1678 1928 illum

224 1939 364 1972 scilicet
389 1938 638 1981 ablegaturum
662 1937 784 1981 copias
809 1946 889 1969 suas
908 1962 917 1977 ‚
958 1942 995 1970 et
1016 1938 1198 1970 nationem
1224 1938 1322 1970 illam
1349 1939 1513 1973 funditus
1547 1942 1678 1975 exstir-

222 1991 400 2032 paturum.
424 1984 492 2017 hoc
519 1983 626 2017 modo
665 1984 798 2016 factum
840 1989 881 2016 ut
905 1983 1004 2016 bello
1028 1990 1126 2018 moto
1150 1991 1259 2031 caput
1284 1986 1316 2018 ei
1343 1986 1510 2020 Iudithae
1541 1989 1678 2022 mulie-

223 2034 271 2066 ris
297 2033 450 2066 consilio
469 2031 576 2077 plane
602 2030 734 2065 callido
752 2036 789 2064 et
811 2030 967 2064 feliciter
987 2031 1202 2065 succedente
1227 2034 1508 2078 praecideretur,
1533 2046 1677 2069 omnes-

223 2091 295 2126 que
320 2080 433 2128 ipsius
467 2090 553 2124 opes
579 2089 600 2111 a
623 2078 766 2112 Iudaeis
800 2077 1064 2124 diriperentur,
1090 2079 1242 2113 Achiore
1277 2080 1435 2115 divinam
1462 2082 1570 2116 fidem
1594 2095 1675 2117 cum

224 2127 497 2161 circumcisione
523 2126 699 2171 amplexo.

321 2175 507 2208 Caeterum
542 2185 614 2219 quo
653 2178 816 2218 tempore
851 2171 988 2207 iudices
1011 2172 1259 2207 Israelicorum
1292 2175 1430 2209 nationi
1462 2182 1676 2222 praeerant,

225 2222 353 2256 oborta
381 2222 475 2255 fame
499 2221 638 2254 Noema
672 2232 753 2253 cum
782 2219 866 2253 filiis
896 2221 968 2253 suis
1002 2219 1271 2255 Bethlehemam
1299 2223 1450 2268 reliquit
1475 2230 1511 2258 et
1531 2224 1677 2257 Moabi-

224 2276 338 2303 tarum
365 2270 403 2302 in
431 2275 562 2302 terram
586 2267 750 2314 profecta
781 2272 844 2300 est.
872 2266 924 2300 ibi
952 2279 1031 2301 cum
1057 2279 1184 2302 uxores
1210 2269 1276 2302 filii
1301 2269 1507 2314 duxissent,
1535 2271 1677 2317 Orpha-

225 2329 306 2350 nam
346 2317 486 2350 scilicet
521 2327 562 2349 ac
596 2315 774 2356 Rutham,
810 2315 986 2360 annisque
1024 2314 1147 2349 decem
1186 2318 1318 2351 exactis
1357 2319 1491 2352 mortui
1535 2325 1676 2360 essent,

226 2365 362 2398 Noema
399 2363 548 2397 nuribus
581 2363 654 2396 suis
696 2374 733 2396 se
771 2361 1024 2396 comitantibus
1058 2363 1096 2395 in
1134 2364 1287 2409 patriam
1317 2377 1415 2398 suam
1455 2377 1595 2400 reversa
1624 2372 1678 2400 est

225 2412 347 2455 (Ruth.
380 2423 389 2445 ι
439 2412 506 2455 16).
535 2411 688 2444 nolebat
725 2410 820 2443 enim
852 2410 886 2442 ei
923 2409 1064 2454 roganti
1094 2415 1135 2444 ut
1168 2411 1249 2445 istic
1282 2419 1471 2447 manerent
1507 2413 1677 2458 Orphana

226 2470 372 2504 parere,
404 2458 504 2503 quod
529 2469 566 2491 se
606 2457 743 2491 diceret
776 2462 917 2502 gentem
954 2457 1030 2491 eius
1054 2458 1252 2502 agnituram
1286 2472 1350 2505 pro
1382 2472 1467 2501 sua,
1494 2461 1678 2506 deumque

229 2506 341 2551 ipsius
367 2517 431 2550 pro
462 2512 530 2538 ‘suo
566 2504 633 2538 deo
670 2504 887 2538 habituram.
918 2503 988 2538 hoc
1013 2504 1118 2538 modo
1142 2507 1302 2551 profecta
1327 2519 1408 2540 cum
1433 2519 1536 2541 socru
1559 2509 1676 2542 Booso

226 2559 338 2598 nupta
365 2558 436 2593 est,
461 2564 501 2586 ac
528 2552 692 2586 Obedum
717 2553 834 2585 Iessae
856 2557 1015 2596 patrem,
1041 2552 1187 2587 Davidis
1213 2566 1317 2588 avum
1341 2555 1493 2600 peperit.

321 2601 419 2633 Inter
456 2600 547 2633 alios
586 2611 676 2645 quos
700 2598 1036 2632 Nabuchodonosor
1067 2601 1227 2645 captivos
1273 2601 1494 2645 abduxerat,
1531 2602 1678 2637 fuerunt

228 2646 489 2680 mardochaeus
517 2652 553 2680 et
578 2646 727 2680 Esther-'1
749 2647 887 2679 mulier.
915 2645 954 2679 hi
984 2657 1062 2680 cum
1088 2654 1261 2692 regnante
1287 2649 1481 2683 Artaxerxe
1505 2651 1678 2695 supersti-

230 2700 284 2726 tes
322 2694 438 2727 adhuc
474 2694 611 2735 forent,
653 2694 746 2727 forte
778 2693 910 2727 accidit
943 2698 984 2727 ut
1010 2705 1089 2727 cum
1121 2695 1381 2730 Mardochaeus
1408 2698 1446 2730 in
1470 2698 1553 2731 aula
1579 2699 1675 2739 regia

231 2740 379 2774 duorum
414 2741 659 2775 eunuchorum
694 2741 844 2774 consilia
889 2740 1188 2786 deprehendisset
1218 2743 1386 2778 adversus
1424 2755 1541 2790 regem
1566 2746 1672 2786 inita,
