1826 3120
261 151 336 208 68
700 163 984 207 MchAEus
1022 164 1236 208 omnim

260 266 622 327 προσαγορεύεται.
660 263 734 306 καὶ
758 265 901 320 ἐπειδὴ
931 266 1006 307 δύο
1027 264 1255 321 κοιλότητες
1283 268 1466 322 α’κριβῶς
1493 264 1690 321 ἀλλήλαις

213 335 622 392 Βπροσηρμοσμέναι
638 328 681 372 τὸ
699 325 865 384 ὄστρεον
893 329 1264 387 περιπτύσσονται,
1292 333 1525 394 α’ναγκαίως
1553 327 1690 387 ἅπρα·

257 403 347 443 κτοί
368 403 472 442 εἰσιν
505 397 548 439 αἱ
572 395 706 451 χηλαὶ
730 398 805 438 τοῦ
822 398 1028 453 καρκίνον.
1085 399 1130 439 τί
1158 392 1231 439 οὖν
1257 403 1391 450 ποιεῖ,-
1418 394 1516 441 &av
1546 396 1614 456 ἴδῃ
1645 399 1690 440 ἕν

256 467 482 521 ἀπηνέμοις
507 464 604 515 μεθ’
631 459 783 518 ἧδονῆς
825 463 1164 516 διαθαλπόμενον
1194 465 1267 504 καί
1292 461 1392 519 πρὸς
1419 463 1496 514 τὰς
1521 465 1689 513 οἷκτΐνας

254 534 329 572 τοῦ
357 530 475 584 ἡλίου
504 526 580 575 τοὶς
620 526 785 582 πτύχας
825 524 955 570 adro&
997 527 1317 582 διαπλεύσαντα,
1343 527 1434 571 τότε
1465 527 1516 584 δή
1546 527 1722 586 λάθραὸ

253 596 445 651 ψηφῖδας
473 592 753 646 παρεμβαλών
783 593 1005 636 διακωλύει
1026 594 1099 648 τῆν
1129 591 1376 648 σύμπτυξιν,
1401 593 1475 637 καὶ
1499 592 1688 650 εὖρίσκε-

252 677 321 703 ται
347 658 393 701 τὸ
438 661 622 701 ἐλλεῖπον
662 660 789 712 με’ρος
829 661 903 713 τῆς
950 659 1166 712 δυνάμεως
1203 658 1271 700 διὰ
1301 661 1375 714 τῆς
1401 662 1588 709 ἐπινοίας
1612 675 1687 702 πε-

252 724 504 780 ριεχόμενος.
563 721 670 779 αὕτη
696 724 720 779 ἦ
750 727 873 768 κακία
899 727 983 768 τῶν
1009 725 1114 782 μήτε
1135 723 1258 780 λόγου
1297 723 1402 781 μήτε
1430 729 1574 783 φωνῆς
1607 741 1685 780 με·

250 788 467 843 τεχόντων.

361 854 459 898 Οἵδε
501 854 554 898 τοὶ
584 855 683 911 κήτη
725 854 802 910 τήν
839 856 1138 913 ἀφωρισμένην
1182 853 1325 906 αὗτοῖς
1356 857 1470 915 παρὰ
1497 861 1571 914 τῆς
1599 856 1684 916 ‹1215-
1702 874 1748 902 ιο

246 939 353 972 σεως
381 923 556 969 δίαιταν.
626 921 700 977 τήν
740 920 817 972 ἔξω
846 924 928 966 τῶν
962 925 1212 976 οἰκουμένων
1254 926 1423 979 χωρίων
1465 925 1685 982 κατείληφε

245 987 487 1041 θάλασσαν,
527 986 604 1043 τήν
644 986 723 1039 ἔξω
757 986 912 1043 νήσων,
952 984 981 1045 ᾗ
1019 990 1203 1043 μηδεμία
1241 989 1347 1044 πρὸς
1387 991 1441 1046 τῇ
1481 990 1684 1045 ἄντίπερα

141 1066 175 1098 P.
191 1057 501 1109 36καθέστηκεν
540 1049 721 1109 ἤπειρος.
801 1053 941 1110 διόπερ
996 1051 1154 1104 ἄπλους
1194 1056 1326 1109 ἐστίν,
1371 1052 1469 1098 οὔτε
1495 1054 1684 1112 ἱστορίας

249 1117 342 1163 οὕτε
369 1119 478 1169 τινὸς
503 1122 651 1174 χρείας
674 1122 938 1173 κατατολμᾶν
979 1121 1108 1175 αὐτῆς
1134 1120 1233 1170 τούς
1259 1124 1478 1177 πλωτῆρας
1508 1122 1681 1164 α’ναπει-

134 1186 419 1242 ν.28θούσης.
455 1189 590 1229 ἐκεῖνα
617 1187 902 1240 καταλαβόντα
917 1185 967 1229 τὰ
997 1186 1095 1243 κήτη
1115 1193 1197 1237 τοῖς
1224 1187 1432 1242 μεγίστοις
1464 1191 1546 1230 τῶν
1573 1187 1682 1244 ὄρῶν
1698 1189 1745 1231 15

243 1252 347 1295 κατὰ
378 1250 423 1294 τὸ
454 1255 631 1307 μέγεθος
674 1250 859 1305 ἐοικότα,
897 1251 954 1301 ὥς
982 1253 1021 1294 οἱ
1065 1254 1308 1306 τεθεαμένοι
1338 1254 1465 1310 φασί,
1493 1254 1682 1314 μένειγέν

242 1324 328 1366 τοῖς
358 1319 520 1367 οἰκείοις
549 1315 687 1373 ὅροις,
729 1317 835 1372 μήτε
877 1324 968 1368 ταῖς
1013 1317 1154 1373 νήσοις
1191 1317 1297 1374 μήτε
1334 1326 1426 1369 ταῖς
1455 1321 1682 1375 παραλίαις

240 1383 387 1426 πόλεσι
413 1384 716 1437 λυμαινόμενα.
750 1381 858 1425 οὕτω
886 1386 967 1437 μὲν
994 1377 1068 1426 οὖν
1097 1386 1268 1426 ἕκαστον
1295 1386 1410 1439 γένος
1438 1382 1575 1441 ὥσπερ
1605 1382 1682 1426 πό-

240 1454 354 1492 λεσιν
392 1446 420 1505 ἢ
455 1453 649 1504 πατρίσιν
699 1449 899 1503 α’ρχαίαις
927 1455 1014 1499 τοῖς
1052 1450 1396 1504 οἷποτεταγμένοις
1430 1451 1572 1500 αὐτοῖς
1607 1449 1681 1505 τῆς

241 1512 457 1568 θαλάσσης
486 1517 657 1569 μέρεσιν
685 1516 959 1565 ἐναυλίζεται.
1016 1514 1102 1556 ἔστι
1128 1517 1207 1567 μὲν
1239 1511 1313 1556 οὖν
1340 1517 1414 1557 καί
1436 1518 1556 1570 κῆτος
1583 1517 1679 1571 πρί-
1693 1527 1745 1556 20

239 1596 298 1620 ων
327 1577 438 1621 οὕτω
462 1577 733 1631 καλούμενος·
793 1581 912 1620 τοῦτο
943 1577 1016 1620 ἐὰν
1043 1578 1111 1636 ἴδῃ
1140 1584 1281 1622 πλοῖον
1308 1581 1550 1635 ἆρμενίζον,
1580 1597 1681 1624 συν-

202 1646 457 1701 Βαρμενίζει
497 1643 572 1686 καί
596 1641 696 1687 αὐτὸ
745 1646 802 1702 τῷ
831 1645 974 1703 πλοίῳ.
1041 1647 1113 1687 καί
1139 1647 1258 1701 κῆτος
1288 1649 1430 1702 ἕτερον
1455 1648 1679 1702 οἷσπιδοχε-

336 1773 367 1804 7.
392 1760 683 1807 παρεχόμενοςῗ

243 1886 359 1921 eoque
383 1876 538 1910 solemus
562 1875 631 1910 hoc
654 1876 786 1909 animal
816 1877 1138 1918 ostracodermum,
1161 1878 1265 1922 quasi
1288 1881 1445 1911 testacea
1471 1883 1551 1913 cute
1575 1890 1678 1926 prae-

243 1923 381 1964 ditum,
415 1923 608 1968 appellare.
643 1934 795 1969 cumque
834 1924 925 1957 duae
960 1925 1195 1958 concavitates
1239 1930 1402 1959 accurate
1430 1925 1498 1958 sibi
1526 1927 1676 1961 invicem

243 1971 386 2002 iunctae
409 1975 566 2002 ostreum
586 1970 703 2015 ipsum
729 1971 1030 2015 complectantur,
1067 1970 1267 2004 necessario
1294 1970 1418 2004 chelae
1445 1974 1561 2006 cancri
1585 1975 1679 2008 nihil

245 2016 387 2049 efficere
416 2021 575 2060 possunt.
600 2017 688 2061 quid
713 2029 795 2062 ergo
821 2017 993 2051 molitur?
1018 2029 1096 2050 cum
1119 2022 1274 2050 ostreum
1297 2018 1335 2050 in
1358 2017 1445 2051 locis
1468 2026 1576 2052 vento
1604 2032 1679 2054 non

246 2062 417 2107 expositis
435 2074 515 2095 cum
528 2063 713 2108 voluptate
735 2064 978 2109 percalescere
995 2074 1146 2109 suasque
1161 2063 1271 2107 plicas
1289 2064 1335 2096 ad
1353 2065 1472 2098 radios
1490 2067 1576 2100 solis
1591 2078 1677 2112 ape-

246 2109 316 2141 rire
339 2109 449 2150 videt,
474 2114 550 2142 tum
580 2121 663 2143 vero
689 2111 889 2143 clanculum
926 2112 1060 2144 iniecto
1076 2110 1223 2151 calculo,
1239 2112 1430 2155 quominus
1456 2123 1514 2146 eas
1539 2125 1678 2147 rursum

246 2154 411 2196 claudat,
440 2155 611 2200 impedit3
638 2157 808 2202 quodque
832 2157 966 2190 viribus
1003 2157 1154 2202 nequit,
1178 2157 1324 2190 solertia
1349 2158 1502 2203 quadam
1529 2161 1678 2205 perfice-

246 2212 284 2234 re
313 2200 605 2245 deprehenditur.
646 2214 688 2236 ea
724 2204 882 2238 versutia
919 2210 973 2238 est
1014 2203 1240 2245 animalium,
1265 2215 1358 2249 quae
1382 2217 1501 2251 neque
1525 2207 1675 2242 rationis

245 2259 364 2293 neque
396 2250 492 2282 vocis
528 2260 631 2282 usum
658 2250 805 2283 habent.

326 2295 480 2328 'Norunt
518 2296 588 2328 ceti
624 2298 881 2341 praescriptum
911 2308 931 2329 a
954 2301 1081 2330 natura
1104 2295 1172 2328 sibi
1204 2295 1322 2329 locum
1338 2322 1347 2338 ,
1372 2298 1410 2331 in
1435 2310 1507 2344 quo
1535 2299 1675 2345 degant.

245 2352 326 2373 nam
350 2352 446 2374 mare
483 2342 581 2386 quod
604 2349 701 2376 extra
724 2344 803 2376 loca
831 2344 1044 2376 mortalibus
1078 2342 1280 2376 inhabitata
1306 2355 1382 2377 sese
1404 2346 1590 2390 protendit
1615 2358 1677 2380 ex-

246 2393 372 2432 traque
407 2388 540 2421 insulas
577 2390 685 2422 situm
722 2396 792 2431 est,
831 2395 1026 2435 occupant3
1064 2387 1126 2420 ubi
1148 2389 1249 2421 nulla
1273 2397 1383 2424 restat
1407 2392 1557 2426 ulterius
1582 2399 1675 2426 terra

248 2434 455 2476 continens,
485 2446 575 2479 quae
603 2436 799 2469 fluitationi
827 2448 948 2469 eorum
980 2437 1027 2469 sit
1050 2435 1316 2479 impedimento.
1343 2448 1410 2470 nec
1437 2439 1512 2472 ulla
1533 2439 1590 2472 vel
1619 2439 1676 2472 hi-

249 2481 360 2512 storia
384 2481 443 2514 vel
469 2492 551 2514 usus
575 2484 781 2527 navigantes
808 2483 964 2528 impellit
986 2487 1027 2515 ut
1047 2482 1185 2525 aliquid
1210 2482 1377 2517 adversus
1406 2496 1447 2517 ea
1470 2485 1674 2519 moliantur.

247 2525 316 2557 hoc
339 2527 446 2570 igitur
467 2539 563 2560 mare
587 2530 770 2562 consecuti
794 2531 887 2571 ceti,
921 2527 1165 2573 magnitudine
1190 2540 1251 2561 sua
1275 2531 1333 2563 vel
1357 2532 1518 2564 maximis
1542 2533 1676 2566 monti-

249 2570 316 2603 bus
347 2574 548 2606 consimiles
564 2600 573 2615 ,
610 2582 650 2608 ut
675 2577 795 2616 aiunt,
836 2577 899 2621 qui
924 2586 984 2608 eos
1012 2573 1194 2615 viderunt,
1220 2587 1301 2609 suos
1324 2577 1417 2610 intra
1440 2578 1571 2612 limites
1597 2590 1674 2613 ma·

250 2622 358 2658 nent,
385 2630 502 2663 neque
529 2622 722 2655 maritimas
747 2623 792 2655 ad
820 2622 925 2655 urbes
953 2620 1148 2662 accedunt,
1175 2621 1236 2654 sed
1263 2623 1300 2655 in
1324 2623 1451 2668 priscis
1474 2625 1547 2658 illis
1571 2626 1675 2659 attri-

250 2662 329 2695 buti
369 2664 437 2696 sibi
463 2668 567 2700 maris
610 2670 769 2712 partibus
804 2668 963 2702 haerent.
995 2667 1089 2700 inter
1113 2673 1270 2701 caeteros
1296 2675 1415 2703 autem
1440 2677 1536 2705 cetos
1564 2678 1619 2706 est
1640 2673 1674 2706 is

250 2709 313 2754 qui
351 2710 454 2754 prion
482 2714 704 2756 appellatur:
731 2714 790 2748 hic
815 2715 845 2748 si
869 2715 986 2748 navim
1013 2720 1134 2747 cernat
1161 2715 1239 2748 vela
1267 2716 1441 2760 pandere,
1465 2716 1533 2752 hoc
1557 2719 1673 2766 ipsum
