1826 3120
612 146 897 188 ANNALmM
936 145 1073 189 mus
1115 146 1187 189 m.
1496 129 1571 186 38
1585 150 1602 185 ι

145 247 359 304 βασιλεῖαι
398 250 472 292 καί
519 245 558 291 οἱ
599 247 680 290 dvo}
726 250 856 303 μέσον
885 249 1027 293 αὐτῶν
1057 246 1250 304 πόλεμοω
1301 247 1335 306 ἦ
1357 250 1436 293 οὐκ
1462 246 1610 304 offane,-

145 315 323 373 ὁπηνίκα
371 317 507 358 ταῦτα
551 314 886 371 ἑπροφητεύετο,
933 312 1057 368 ἄλλος
1098 318 1177 370 μὲν
1219 317 1292 373 τῆς
1321 317 1613 372 Ἰερουσαλὴμ,

143 381 339 439 ἐκράτει,
383 376 509 431 ἄλλος
552 382 601 423 δὲ
639 384 716 436 τῆς
745 385 1017 440 Σαμαρειῖις,
1062 386 1136 426 καί
1175 383 1317 439 ἕτερος
1348 385 1654 438 Μωαβιτῶν.1)

143 453 224 493 τοῦ
254 451 301 492 δὲ
317 449 515 505 Χριστοῦ
543 446 652 490 κατὰ
683 449 823 503 σάρκα
852 452 1123 504 γεννηθέντος
1151 448 1236 492 ὑπὸ
1267 451 1344 506 τὴν
1370 449 1612 506 Ῥωμαϊκὴν

106 514 280 573 ὅσι’ρχὴν
313 515 360 558 αἱ
388 517 618 570 ἐθναρχιάι
655 516 790 556 πᾶσαι
820 516 1048 570 γεγόνασιν.
1109 517 1260 560 οὐκοῦν
1288 515 1368 559 α’πό
1396 518 1469 573 τῆς
1499 519 1611 560 οἰκο-

143 584 279 639 δομῆς
317 580 629 638 Ἰερουσαλήμ,
676 578 772 636 ἥτις
812 581 970 636 ἐγένετο
1011 583 1084 625 eim*
1116 585 1304 637 Νεεμίου
1335 579 1611 639 memsam,

141 652 296 706 μέχρις
318 648 521 704 Ὑρκανοῦ
549 649 799 690 τελευταίου
829 644 1094 704 ἀρχιερέως,
1122 647 1171 691 ὃν
1193 649 1391 706 ζΗραίὸης
1419 647 1611 704 ἀνεῖλεν,

140 715 166 758 ὅ
190 717 278 759 τῶν
306 713 365 769 ξβ
395 716 502 757 ε’τῶν
526 711 711 767 α’ριθμὸς
749 715 1083 769 συμπληροῦται.
1141 713 1281 759 ἔκτοτε
1310 717 1358 759 δὲ
1383 718 1458 759 καί
1480 719 1614 771 μέχρι

141 784 219 838 τῆς
247 782 293 825 ἒν
333 783 391 839 τῷ
423 776 627 837 Ἰορδάνῃ
679 780 933 836 ἐπιφανείας
972 783 1050 822 τοῦ
1078 781 1230 835 κυρίου
1260 781 1307 824 αἱ
1324 782 1481 826 ’λοιπαὶ
1506 780 1611 825 ἑπτα

78 845 375 904 ιοὲβδομάδες
410 844 515 889 κατὰ
543 845 619 902 τήν
645 847 721 888 τοῦ
756 845 924 901 Δανιὴλ
953 848 1191 903 πρόρρησιν
1221 847 1295 904 τήν
1326 844 1436 891 οὕτω
1465 852 1612 905 λέγου-

137 931 221 959 σαν
245 912 310 969 ,,ο’
351 911 585 968 ἓβδομάδες
612 911 937 968 συνετμήθησαν
965 915 1042 955 τοῦ
1071 918 1309 958 καταλῦσαι
1355 913 1507 971 ὅρασιν
1534 918 1611 958 καί

137 981 358 1038 προφήτην
389 978 462 1022 καὶ
488 981 565 1022 τοῦ
605 981 841 1035 χρισθῆναι
869 975 990 1034 ἅγιον
1021 980 1154 1036 ἁγίων
1169 984 1211 1035 ,”
1238 984 1454 1024 τουτέστιν
1480 982 1611 1026 αὐτὸν

135 1047 209 1091 τὸν
235 1045 427 1104 Χριστὸν
465 1044 540 1089 τὸν
571 1045 668 1089 υἱὸν
703 1047 781 1088 τοῦ
812 1048 922 1088 θεοῦ
950 1049 1024 1090 καὶ
1050 1048 1166 1093 θεὸν.
1222 1048 1330 1102 μετὰ
1360 1051 1505 1102 μέντοι
1534 1049 1734 1105 τῆνΡ.206

135 1115 354 1172 ἀναίρεσιν
396 1115 475 1157 τοῦ
507 1113 714 1169 ζΥρκοινοῦ
759 1112 1017 1169 παρανόμως
1057 1113 1097 1157 οἱ
1141 1115 1356 1172 α’ρχιερεΐς
1398 1117 1606 1171 ἐγίνοντο·

77 1181 240 1227 ιόοὕδὲ
266 1180 345 1237 γὰρ
376 1182 421 1230 ἐξ
448 1181 608 1222 ἐκείνου
639 1176 876 1233 κατήγοντο.

247 1249 435 1302 Λέγεται
477 1248 525 1288 δὲ
573 1247 648 1288 καί
677 1247 801 1288 τοῦτο
839 1245 940 1301 περὶ
970 1247 1046 1288 τοῦ
1071 1242 1330 1301 Αὐγούστου
1361 1248 1606 1306 Καίσαρος,

134 1311 204 1358 ὅτι
227 1314 431 1369 ὄξύχολος
461 1314 540 1367 μὲν
568 1308 644 1368 ἧν,
673 1312 956 1366 μετεβάλλετο
992 1314 1040 1355 δὲ
1079 1311 1277 1368 τάχιστα.
1346 1310 1468 1365 οὗτος
1495 1317 1602 1359 naui

134 1382 301 1424 πολλῶν
335 1396 379 1423 τε
421 1378 661 1436 ἀνθρώπων
714 1378 961 1436 ἀπεφήνατο
1010 1379 1216 1422 θάνατον·
1285 1381 1418 1439 σοφὸς
1467 1385 1514 1425 δέ
1542 1401 1605 1433 τις

133 1450 220 1491 κατ’
249 1449 379 1490 ἐκεῖνο
407 1449 562 1502 καιροῦ
589 1445 727 1504 χάρτῃ
757 1443 930 1502 γράψας
957 1445 1136 1489 ἐνώπιον
1168 1446 1372 1500 ἀκοντίζει
1392 1452 1471 1491 τοῦ
1484 1451 1602 1493 ’Καί-

69 1533 121 1562 20
134 1529 280 1570 σαρος.
314 1513 367 1557 τὰ
399 1515 446 1556 δὲ
469 1513 697 1569 γράμματα
727 1511 843 1568 ἔλεγε
876 1513 1053 1568 ,,ὸ”η’μιε,
1085 1516 1251 1557 παῦσαι
1278 1518 1466 1568 κρύιων.”
1493 1518 1596 1559 ταῦ-

132 1598 187 1624 τα
218 1576 294 1624 οὖν
323 1580 347 1623 ὅ
374 1584 549 1635 Καῖσαρ
580 1579 782 1636 α’ναγνούς
813 1581 1031 1633 ἐξίσταται
1058 1582 1134 1623 τοῦ
1161 1581 1342 1638 θρόνου,
1391 1585 1468 1627 καί
1493 1585 1598 1626 α’κιὲ-

228 1708 261 1742 8.
286 1705 540 1776 ἔκξληροῦῐαι
566 1705 613 1739 Μ.
788 1716 837 1738 12.
865 1707 1106 1752 προφητείαν
1129 1716 1248 1751 margo
1275 1706 1311 1740 P.
1462 1710 1511 1744 ¹8.
1538 1709 1592 1758 u]

227 1765 344 1789 ποτε.

132 1878 211 1903 rum
247 1867 433 1912 regionum
459 1865 685 1912 principibus
711 1870 822 1911 atque
848 1864 990 1910 regibus
1022 1866 1132 1899 etiam
1165 1865 1282 1907 bella,
1321 1877 1414 1912 quae
1432 1868 1529 1902 inter
1554 1880 1594 1904 se

131 1915 322 1961 gerebant,
363 1915 524 1948 extincta
561 1919 656 1950 sunt.
692 1913 774 1959 quis
800 1913 896 1946 enim
932 1914 1075 1958 ignorat
1108 1913 1173 1946 illo
1198 1913 1369 1956 saeculo,
1397 1926 1470 1960 quo
1493 1921 1594 1951 vates

129 1963 316 1998 oraculum
340 1962 410 1996 hoc
433 1961 586 2003 edebat,
610 1961 723 1994 alium
748 1960 1007 2003 Hierosolymis
1037 1971 1202 2005 regnasse
1220 1986 1230 2002 ‚
1256 1961 1367 1994 alium
1395 1963 1592 2007 Samariae,

127 2011 241 2045 alium
266 2010 365 2056 apud
380 2009 594 2043 Moabitas?
632 2014 670 2042 at
700 2019 784 2041 vero
812 2019 893 2041 cnm
921 2008 1103 2049 Christus,
1145 2007 1246 2054 quod
1270 2020 1412 2043 carnem
1437 2011 1592 2055 attinet,

127 2065 236 2093 natus
262 2064 334 2099 est,
359 2068 484 2091 omnes
522 2057 683 2090 omnium
708 2055 896 2089 nationum
926 2055 1132 2090 dominatus
1159 2057 1311 2101 imperio
1341 2058 1500 2092 Romano
1525 2070 1590 2105 pa-

128 2107 268 2141 rebant.
297 2105 380 2139 heic
401 2104 495 2138 illud
524 2106 632 2138 etiam
658 2102 1016 2137 animadvertendum
1033 2129 1043 2145 ,
1069 2103 1114 2136 ab
1139 2103 1394 2138 aedificatione
1417 2106 1590 2142 Hieroso-

128 2153 269 2199 lymae,
309 2164 415 2200 quam
444 2151 635 2186 Nehemias
662 2157 699 2185 et
723 2150 850 2184 Esdras
882 2151 1138 2192 instituerunt,
1170 2162 1286 2196 usque
1313 2152 1360 2185 ad
1383 2151 1589 2197 Hyrcanum

127 2202 296 2236 ultimum
318 2201 549 2247 pontificem,
576 2211 685 2246 quem
712 2197 875 2231 Herodes
898 2199 1101 2240 interemit,
1129 2209 1317 2232 numerum
1340 2200 1386 2233 62
1410 2212 1588 2237 annorum

126 2249 313 2295 compleri.
339 2249 510 2293 deinceps
524 2258 607 2281 vero
637 2251 776 2292 septem
802 2246 966 2290 reliquae
992 2256 1106 2292 usque
1132 2246 1178 2278 ad
1203 2245 1340 2280 domini
1363 2247 1587 2293 baptismum

127 2296 168 2330 in
192 2296 346 2330 Iordane
373 2301 628 2336 recensentur,
654 2296 756 2327 iuxta
778 2294 925 2326 Danieli
962 2294 999 2339 (9
1023 2294 1083 2339 24)
1106 2294 1315 2327 vaticinium
1330 2320 1340 2336 ,
1367 2296 1471 2329 cuius
1497 2296 1587 2331 haec

126 2343 238 2378 verba
263 2349 348 2377 sunt
381 2344 635 2388 „septuaginta
667 2342 891 2387 septimanae
926 2340 1154 2375 abbreviatae
1187 2347 1269 2375 sunt
1299 2341 1345 2375 ad
1382 2343 1586 2378 tollendam

126 2392 301 2425 visionem
325 2402 367 2423 ac
391 2391 686 2425 vaticinationem
706 2395 742 2422 et
767 2389 813 2422 ad
829 2387 1035 2433 ungendum
1058 2394 1264 2422 sanctorum
1290 2390 1587 2433 sanctissimum‚’'

127 2437 198 2472 hoc
225 2444 280 2472 est
304 2440 419 2484 ipsum
447 2438 626 2471 Christum
652 2438 711 2470 dei
737 2437 852 2469 filium
891 2442 928 2470 et
954 2435 1073 2470 deum.
1097 2441 1182 2482 post
1204 2436 1437 2471 interfectum
1464 2444 1586 2473 autem

127 2486 333 2529 Hyrcanum
366 2486 558 2531 pontifices
602 2491 726 2518 contra
757 2485 844 2528 legis
885 2485 1144 2530 praescriptum
1180 2483 1479 2529 designabantur:
1510 2499 1586 2521 non

130 2533 227 2567 euim
253 2533 308 2566 illi
335 2533 639 2579 praeficiebantur
665 2532 728 2578 qui
754 2532 798 2564 ab
826 2532 905 2576 ipso
935 2532 1075 2575 generis
1104 2532 1277 2576 originem
1304 2532 1489 2566 ducerent.

223 2580 390 2614 Ceterum
430 2580 475 2614 de
509 2582 670 2625 Augusto
700 2580 807 2613 etiam
833 2578 903 2611 hoc
926 2580 1120 2612 memoriae
1146 2579 1329 2625 proditum
1355 2581 1586 2625 accepimus,

131 2627 242 2661 fnisse
266 2627 438 2662 videlicet
461 2628 643 2661 hominem
670 2638 823 2672 pronum
851 2626 897 2659 ad
924 2627 1033 2668 iram,
1063 2626 1127 2660 sed
1156 2627 1220 2672 qui
1244 2626 1418 2660 facillime
1445 2639 1585 2663 rursum

128 2675 344 2721 placaretur.
384 2675 470 2709 hine
494 2676 629 2709 factum
671 2680 712 2707 ut
736 2685 814 2707 cum
851 2673 1047 2719 aliquando
1076 2674 1209 2708 multos
1245 2675 1416 2708 mortales
1457 2677 1584 2721 capitis

130 2722 355 2763 damnasset,
395 2724 448 2755 vir
473 2722 618 2769 quidam
645 2722 788 2766 sapiens
831 2732 873 2753 eo
897 2726 1059 2767 tempore
1084 2721 1241 2755 chartam
1268 2721 1399 2755 litteris
1424 2728 1584 2757 notatam

129 2780 251 2806 versus
275 2770 462 2805 Caesarem
497 2771 748 2805 eiacularetur.
790 2780 831 2803 ea
858 2769 897 2804 in
922 2768 1045 2804 charta
1070 2770 1308 2817 perscriptum
1333 2775 1409 2805 erat
1435 2770 1583 2813 „desine
