1826 3120
251 121 269 154 Ι
292 121 307 156 1
326 121 352 155 2
696 116 981 158 MICHAELIS
1021 115 1238 158 GLYCAE

242 216 434 271 σώμασιν
463 217 536 259 ι’ὁν.
590 217 788 269 τριπλοῦν
817 217 863 257 δὲ
892 216 1082 269 λέγουσιν
1110 210 1220 256 εἶναι
1247 212 1295 256 τὸ
1328 211 1438 266 εἶδος
1457 219 1543 261 τῶν
1564 218 1692 262 ἀσπί-

245 285 352 336 δων,
398 285 421 339 ἦ
454 283 649 337 λεγομένη
694 297 738 323 τε
775 280 979 337 χερσαία,
1022 280 1047 335 ἦ
1083 281 1361 337 χελιδοναία,
1410 285 1484 326 καὶ
1527 281 1636 340 αὕτη
1663 284 1691 342 ἧ

242 348 390 398 πτυάς.
416 347 569 390 τούτων
596 344 658 388 {vl
683 349 765 388 τῶν
790 349 919 403 τριῶν
943 346 1020 401 την
1047 347 1244 400 βασιλίδα
1267 347 1544 405 Κλεοπάτραν
1571 351 1692 393 α’ναι-

246 416 431 469 ρεθῆναί
452 429 583 469 φασι,
609 415 757 455 λαθεῖν
780 416 1063 468 βουληθεῖσαν
1090 412 1190 462 τούς
1221 411 1535 469 φυλάσσοντας,
1565 417 1691 470 ταχέ-

245 496 300 528 ως
330 495 375 521 τε
404 478 478 519 καί
507 477 753 528 α’νυπόπτως
785 479 1028 520 ἀποθανεῖν.
1074 475 1094 518 ὅ
1128 476 1204 533 γάρ
1237 474 1487 533 Αὔγουστος
1513 483 1729 538 Καῖσαρ5

245 544 428 599 νενίκηκε
453 545 628 599 ταύτην,
681 545 753 586 καί
778 547 1001 600 βουληθείς
1025 543 1231 602 Ἀντωνίῳ
1258 547 1527 601 παραδοῦναι
1557 547 1688 605 αὐτῇ,

137 619 174 652 Ρ.
188 619 231 661 59
245 609 347 666 πρὸς
376 612 422 652 δὲ
446 612 520 651 καί
544 612 914 666 θριαμβευθῆναι,
966 606 1015 651 οὗ
1044 608 1171 652 καλὸν
1196 610 1307 668 αὐτῇ
1334 613 1586 667 προυξένησε
1610 611 1691 667 μό-

243 692 330 732 ρον,
386 682 560 718 συνεῖσα
588 676 666 732 γὰρ
689 675 898 732 ἐκείνητὸ
934 678 1103 732 δρᾶμα,
1133 676 1362 718 κάντεῦθεν
1381 679 1426 728 ἐξ
1456 675 1692 734 ἀνθρώπων

241 744 434 796 γενέσθαι
475 744 637 785 δίκαιον
680 743 884 798 κρίνασα,
926 742 998 784 διά
1026 759 1150 785 τινων
1189 743 1263 784 δύο
1293 746 1505 797 γυναικῶν
1531 739 1688 799 αῧτῆς,

242 810 431 864 Ναείρας
471 808 543 850 καί
572 810 842 865 Χαρμιόνης,
889 807 961 851 τὸν
1000 806 1152 863 ἑαυτῆς
1188 808 1368 851 θάνατον
1393 810 1558 868 μελετᾷ.
1616 809 1685 852 dui
1706 824 1753 851 10

239 876 339 929 γοῦν
387 876 645 916 καλαθίσκον
683 873 790 924 τινὸς
830 877 938 917 σῦκα
973 876 1046 917 καί
1090 873 1311 932 σταφυλάς
1340 874 1535 930 ἔχοντος,
1559 873 1689 931 χάριν

239 943 315 982 τοῦ
345 944 490 983 λαθεῖν
535 940 634 990 τοὺς
681 939 816 996 αὖτην
847 939 1165 997 φυλάσσοντας,
1193 941 1405 995 εἰσάγεται
1432 940 1477 984 τὸ
1510 944 1685 998 θηρίον·

242 1009 316 1048 καί
341 1009 487 1062 πρῶτα
521 1010 598 1060 μὲν
639 1004 741 1049 αὕτὸ
791 1013 883 1056 ταῖς
915 1009 1086 1060 γυναιξί
1122 1004 1368 1061 δοκιμάζει,
1410 1003 1503 1050 εἶτα
1530 1010 1689 1063 γνοῦσα

241 1070 297 1122 ὦς
338 1070 410 1123 ὄξῦ
453 1071 499 1114 τὸ
545 1075 696 1128 θηρίον
743 1074 802 1123 εἰς
832 1074 1073 1127 ἀναίρεσιν,
1113 1074 1299 1115 θέλουσα
1343 1072 1487 1116 δὲκαὶ
1513 1073 1690 1130 εὐγενῶς

241 1140 470 1181 α’ποθανεῖν
492 1172 504 1192 ,
541 1137 614 1193 τήν
660 1137 884 1193 βασιλικὴν
922 1137 1114 1180 ἐνδύεται
1151 1143 1330 1194 στολην,
1372 1141 1446 1181 καί
1469 1137 1606 1190 οὕτως
1636 1139 1683 1182 τὸ
1707 1142 1754 1185 15

126 1213 168 1248 V.
182 1214 227 1258 46
239 1205 387 1261 θηρίον
413 1206 709 1260 προσβαλοῦσα
728 1207 785 1262 τῷ
812 1205 1020 1262 α’ριστεριῇ
1036 1205 1159 1263 μαζῷ
1187 1200 1299 1261 (ᾔδει
1324 1204 1405 1261 γάρ
1434 1207 1568 1248 ἐκεῖσε
1591 1205 1688 1249 νεύ-

198 1284 224 1316 Β
241 1288 301 1313 ειν
329 1271 404 1327 την
433 1271 626 1327 καρδίαν)
663 1273 887 1324 βασιλικῶς
927 1269 1207 1325 α’ποθνήσκει·
1275 1272 1349 1313 καί
1384 1269 1466 1327 γὰρ
1497 1273 1689 1326 λέγουσιν

241 1339 369 1392 αὐτῆς
398 1335 626 1392 εὑρεθῆναι
655 1336 731 1392 τήν
759 1335 898 1387 δεξιάν
913 1343 1037 1391 χεῖρα
1058 1338 1319 1392 ἐπικειμένην
1349 1340 1400 1395 τῇ
1429 1341 1590 1396 κεφαλῇ
1617 1339 1691 1382 καὶ

238 1404 286 1445 τό
317 1404 505 1459 διάδημα
553 1406 818 1460 κρατοῦσαν,
858 1402 926 1445 ἵνα
954 1405 1083 1458 μέχρι
1121 1402 1216 1445 τότε
1249 1409 1334 1453 τοῖς
1363 1403 1493 1459 ὁρῶσι
1520 1405 1688 1460 βασιλίς

237 1465 345 1512 οὖσα
374 1473 587 1524 βλέπηται.
642 1468 805 1511 τούτων
842 1471 984 1522 μέντοι
1012 1470 1093 1510 τῶν
1120 1470 1284 1524 θηρίων
1324 1468 1632 1525 ἐμνημόνευσεν
1664 1470 1752 1512 620

234 1534 444 1591 Γαληνός,
474 1534 550 1590 την
582 1537 626 1586 ἐξ
655 1531 755 1576 δ’λου
780 1534 857 1577 τοῦ
885 1533 1075 1588 σώματος
1095 1535 1234 1576 αὐτῶν
1263 1536 1472 1577 διδάσκων
1503 1537 1685 1593 διαφθο-

237 1600 342 1657 ράν,
374 1603 448 1643 καί
489 1601 545 1651 ὠς
590 1601 639 1642 οὐ
671 1599 756 1657 χρὴ
797 1603 855 1658 τῷ
884 1600 1120 1658 φαρμάκῳ,
1159 1603 1213 1658 τῇ
1254 1604 1443 1659 θηριακῇ
1471 1602 1684 1658 δηλονότι,

328 1703 361 1735 6.
387 1700 524 1744 αὕτὴνὶ)

236 1804 400 1850 aspidum
436 1815 546 1848 genus
572 1814 650 1837 esse
678 1803 835 1848 triplex,
857 1802 1020 1849 fquarlim
1045 1805 1137 1838 aliae
1163 1804 1327 1838 dicantur
1354 1810 1539 1841 terrestres
1556 1833 1566 1849 ‚
1590 1808 1683 1842 alivae

236 1852 514 1892 chelidonaeae,
548 1851 648 1896 q'uasi
686 1849 784 1884 dicas
827 1850 1081 1893 hirundineas,
1119 1852 1211 1885 aliae
1251 1852 1423 1897 ptyades‚
1463 1853 1508 1887 de
1549 1855 1684 1899 quibus

236 1900 382 1932 dictum.
422 1895 474 1930 ex'
503 1897 557 1930 his
585 1897 701 1930 tribus
742 1909 813 1930 una
837 1899 981 1942 reginae
1009 1899 1218 1944 Cleopatrae
1256 1905 1406 1932 mortem
1432 1900 1574 1943 attulit,
1602 1913 1682 1935 cum

235 1947 360 1978 fallere
387 1945 553 1978 custodes
591 1944 774 1977 adhibitos
810 1945 880 1978 sibi
913 1946 1025 1979 vellet
1059 1958 1102 1979 ae
1124 1945 1290 1978 celeriter
1316 1947 1475 1992 citraque
1504 1949 1682 1993 suspicio-

233 2004 314 2025 nem
340 2003 482 2025 omnem
508 1992 610 2024 mori.
632 1992 769 2025 vicerat
795 1993 891 2025 enim
925 1993 1018 2025 hanc
1042 1993 1217 2037 Augustus
1246 1993 1399 2035 Caesar,
1425 2005 1578 2041 cumque
1603 1996 1681 2030 vel..

234 2041 286 2073 let
310 2051 386 2073 eam
410 2050 488 2072 sese
519 2050 599 2071 cum
623 2038 779 2071 Antonio
811 2040 943 2072 dedere
959 2065 968 2081 ,
995 2051 1066 2085 quo
1102 2039 1146 2072 de
1170 2040 1247 2084 ipsa
1271 2040 1520 2085 triumpharet,
1545 2041 1592 2075 ad
1620 2054 1682 2087 ge-

233 2099 300 2119 nus
324 2086 391 2119 hoc
415 2087 539 2119 mortis
565 2085 836 2129 excogitandum
862 2087 1048 2120 mulierem
1071 2086 1200 2131 adegit.
1226 2098 1307 2119 nam
1333 2087 1397 2120 ubi
1420 2088 1508 2133 quid
1532 2089 1682 2124 molire-

233 2139 294 2166 tur
318 2135 497 2178 Augustus
531 2132 791 2174 intellexisset,
829 2133 987 2179 ideoque
1025 2139 1119 2167 recte
1145 2144 1182 2166 se
1219 2133 1392 2167 facturam
1418 2136 1622 2178 statuisset,
1649 2137 1680 2170 si

235 2182 496 2225 quamprimum
528 2181 636 2213 vitam
670 2179 917 2225 abrumperet,
957 2180 1105 2214 duarum
1139 2180 1362 2225 quarundam
1387 2183 1679 2217 muliercularum

235 2239 355 2272 opera,
382 2228 549 2259 nimirum
575 2226 706 2259 Nairae
732 2238 771 2258 ac
796 2227 1049 2270 Charmiones,
1077 2226 1123 2260 ad
1147 2233 1298 2260 mortem
1324 2229 1394 2261 sibi
1418 2229 1678 2264 conciliandam

235 2275 357 2306 utitur.
381 2276 505 2319 itaque
531 2272 683 2306 fallendi
701 2274 866 2308 custodes
886 2286 991 2308 causa
1007 2276 1044 2308 in
1063 2274 1227 2320 quasi110,
1250 2286 1322 2319 quo
1339 2277 1395 2308 fici
1413 2281 1450 2309 et
1474 2287 1564 2310 uvae
1593 2288 1679 2310 con-

232 2321 453 2361 tinebantur,
479 2320 523 2353 ad
539 2331 616 2353 eam
634 2321 728 2364 aspis
750 2320 914 2354 infertur.
936 2322 1010 2354 eius
1025 2322 1096 2354 vim
1123 2321 1276 2365 primum
1297 2323 1334 2354 in
1352 2323 1574 2356 mulierculis
1589 2324 1676 2368 ipsis

235 2368 406 2412 explorat.
440 2367 573 2401 deinde
607 2367 748 2411 cognito
773 2367 962 2402 bestiolam
989 2368 1035 2402 ad
1060 2367 1258 2401 necandum
1285 2369 1559 2403 efficacissimam
1587 2381 1675 2412 esse,

233 2415 338 2448 simul
377 2415 538 2459 extingui
564 2424 735 2458 generose
764 2414 1008 2461 nobiliterque
1035 2415 1178 2455 volens,
1204 2415 1299 2459 regio
1324 2427 1362 2449 se
1388 2422 1515 2449 ornatu
1543 2416 1674 2452 induit.

232 2466 340 2505 atque
366 2461 434 2494 hoc
459 2461 565 2494 modo
602 2461 784 2494 sinistrum
811 2461 856 2494 ad
880 2463 974 2496 latus
992 2488 1001 2503 ,
1030 2473 1100 2507 quo
1125 2461 1275 2494 tendere
1301 2474 1360 2496 cor
1385 2463 1533 2507 propius
1556 2465 1674 2506 sciret,

233 2506 396 2540 adhibita
437 2508 592 2541 bestiola
619 2508 714 2552 regia
749 2508 900 2552 quadam
927 2521 1006 2542 cum
1037 2508 1212 2552 dignitate
1236 2509 1399 2544 moritur.
1438 2510 1542 2543 aiunt
1579 2512 1674 2544 enim

232 2559 410 2597 repertam
442 2566 585 2588 manum
621 2555 733 2599 ipsius
765 2554 924 2589 dextram
953 2556 1156 2600 impositam
1180 2556 1305 2600 capiti,
1335 2567 1405 2601 qua
1429 2556 1596 2590 diadema
1618 2563 1674 2592 te—

232 2605 345 2640 neret,
371 2606 411 2632 ut
434 2607 508 2634 tum
537 2612 681 2646 quoque
710 2603 954 2645 spectantibus
979 2603 1134 2646 reginam
1159 2613 1196 2635 se
1216 2602 1433 2635 ostenderet.
1457 2603 1581 2637 harum
1604 2605 1674 2649 igi-

233 2652 291 2678 tur
314 2645 508 2680 bestiarum
534 2648 692 2680 Galenus
718 2649 936 2682 mentionem
965 2649 1072 2688 fecit,
1101 2660 1171 2693 quo
1198 2654 1302 2693 pacto
1328 2650 1551 2693 perniciosae
1577 2651 1672 2693 sint,

234 2703 275 2725 ex
302 2698 379 2726 toto
409 2704 554 2737 corpore
582 2694 786 2729 declarans.
813 2696 991 2741 simulque
1023 2696 1225 2739 significans
1250 2707 1320 2729 nou
1348 2695 1479 2730 debere
1505 2698 1674 2743 pharma-
