1826 3120
246 135 266 170 1
282 133 308 169 2
321 133 348 167 2
680 127 964 170 MICHAELIS
1002 124 1218 167 GLYCAE

238 235 310 291 τῆς
339 234 469 289 ὑγρᾶς
502 233 648 279 ου’σίας
667 246 679 257 ·
734 226 757 269 ὅ
792 230 838 270 δέ
863 243 910 281 γε
933 227 1113 282 Ῥοῦφος
1137 227 1418 279 μελαγχολίας
1449 226 1591 274 αὐτοῖς
1616 218 1679 266 εἶ-

240 302 310 350 δος
355 299 400 341 τό
445 299 628 340 τοιοῦτον
666 294 910 350 ἀπεφήνατο
957 291 1175 348 γίνεσθαι,
1222 293 1299 333 τοῦ
1335 293 1404 333 ιὀὕ
1442 290 1514 334 τὸν
1535 289 1678 346 χυμόν

238 367 391 408 ἐκεῖνον
431 362 721 417 μιμησαμένου
765 362 859 402 καθ’
885 357 933 402 ὃν
961 355 1068 400 ἄλλα
1107 356 1377 414 πεφόβηνται.
1429 355 1572 399 καίοτί
1592 354 1675 412 χρῆ

135 433 225 477 P-64
241 429 368 471 πολλὰ
397 431 552 483 λέγεινς
593 425 640 468 ὃν
668 425 747 480 γὰρ
787 424 942 480 τρόπον
978 423 1049 465 ἐπὶ
1086 426 1170 466 ταῖν
1194 423 1505 476 μελαγχολικῶν
1530 420 1573 466 οὶ
1597 423 1676 476 μὲν

239 491 368 550 ἄλογα
415 496 502 545 ζῶα
543 494 737 535 δοκοῦσιν
769 489 877 534 εἶναι
904 491 1128 532 κάντεῦθεν
1155 487 1228 538 τὰς
1256 488 1422 531 ἐκείνων
1447 489 1714 542 μιμοῦνται5

238 561 404 617 φωνάς,
432 557 469 601 οἱ
499 561 546 601 δὲ
565 556 691 613 σκεύη
721 559 913 600 δοκοῦσιν
933 554 1041 598 εἶναι
1067 554 1291 610 ὀστράκινα
1312 555 1391 596 κάκ
1417 552 1573 596 τούτου
1594 569 1676 597 ικα-

235 628 431 681 τεαγῆναι
469 627 543 666 καί
587 622 697 666 πάνυ
737 625 1033 675 δειλαίνονται,
1072 623 1203 676 ἕτεροι
1233 619 1304 662 τὸν
1322 617 1533 662 ”Ariana
1559 621 1677 672 νομί-

235 695 377 743 ζουσιν
404 691 542 734 ἐπάνω
569 693 735 733 πίπτειν
766 691 908 732 αὐτῶν
936 691 1010 731 καί
1037 687 1107 729 διά
1135 690 1258 729 τοῦτο
1284 688 1391 740 μέγα
1416 687 1519 740 βοᾶν
1546 686 1676 740 α’ναγ-

232 757 453 810 κάζονται,
483 754 592 799 οὕτω
619 759 691 799 καί
713 759 784 799 ε’πί
809 757 891 798 τῶν
917 751 1203 810 λυσσοδῆκτων
1232 752 1341 795 ἔστιν
1370 753 1486 797 ἰδεῖν.
1539 750 1564 794 ὅ
1590 750 1673 808 γὰρ

231 825 305 865 τοῦ
333 823 456 872 κυνὸς
486 821 569 876 ἰός,
602 820 793 876 καθάπερ
822 837 885 870 τις
908 819 1047 875 χυμὸς
1077 819 1317 875 μοχθηρός,
1345 817 1417 860 τὸν
1445 818 1675 874 ἐγκέφαλον
1693 835 1742 862 ιιο

232 890 368 932 αὐτῶν
396 887 619 942 κατασχών
653 891 881 944 φοβεῖσθαι
906 892 1022 928 ποιεῖ’
1041 884 1085 928 τὸ
1114 884 1232 941 ὕδωρ
1263 884 1434 937 αύτούς,
1466 885 1678 941 φοβουμέ-,

232 970 332 1004 νους
360 956 407 997 δὲ
449 954 519 997 τὸν
548 953 728 997 δακόντα
765 954 869 996 κύνα
898 950 1210 1009 φαντάζεσθαι,
1241 953 1312 993 καί
1340 948 1450 992 οὕτω
1482 952 1675 993 σπᾶσθαι

232 1023 306 1062 καί
333 1023 542 1062 τελευτᾶν.
595 1017 724 1076 ταύτῃ
759 1035 824 1061 τοι
858 1021 932 1061 καί
957 1019 1091 1072 σοφόν
1115 1034 1208 1060 τινα
1240 1014 1519 1072 λυσσόδηκτον
1542 1018 1677 1059 εἰσελ-

232 1090 325 1128 θεῖν
349 1087 392 1128 ἐν
420 1088 624 1143 βαλανείῳ
656 1087 848 1140 λέγουσι,
878 1085 951 1127 καί
973 1083 1116 1127 ἰδόντα
1141 1083 1213 1126 τὸν
1242 1082 1347 1125 κύνα
1377 1083 1421 1124 ἐν
1447 1083 1500 1139 τῇ
1525 1081 1674 1141 λεκάνῃ

196 1154 307 1193 Βκαί
330 1151 388 1206 μὴ
421 1154 760 1206 καταπτοηθέντα
778 1153 909 1194 εἰπεῖν
935 1154 1010 1205 ,,τι’
1032 1149 1126 1193 κυνὶ
1155 1151 1293 1193 κοινόν
1325 1150 1416 1192 ἐστι
1444 1147 1518 1192 καὶ
1539 1152 1674 1203 βαλα-
1692 1154 1742 1196 15

234 1219 373 1277 vec'eg›,·”
402 1216 475 1260 καὶ
500 1216 597 1273 περὶ
621 1219 700 1270 μὲν
728 1217 891 1260 τούτων
919 1214 1063 1266 οὕτως,

337 1284 395 1325 ‘H
421 1284 468 1325 δέ
497 1298 543 1336 γε
574 1278 725 1337 ἄρκτος
750 1282 887 1338 σάρκα
927 1281 1054 1325 τίκτει
1081 1280 1186 1337 μήτε
1215 1279 1346 1324 τύπον
1374 1282 1478 1337 μήτε
1505 1281 1677 1339 μορφήν

123 1347 443 1403 Ἶ.5οέχουσαν,
489 1351 548 1407 τῷ
588 1351 634 1390 δὲ
663 1349 845 1402 στόματι
889 1351 1090 1403 λείχουσα
1124 1345 1268 1403 ἄρθρα
1307 1350 1508 1394 duona-st.
1566 1349 1674 1392 ἀλλὰ

235 1417 308 1456 καί
333 1413 370 1456 οἱ
398 1412 574 1467 σκύμνοι
602 1417 734 1469 αὐτῆς
761 1412 809 1456 οὗ
830 1412 1089 1470 θηλάζουσι,
1117 1417 1328 1468 μυζῶντες
1359 1416 1406 1456 δὲ
1429 1413 1524 1465 τούς
1542 1413 1676 1464 πόδας

234 1481 374 1522 αὐτῶν
412 1481 608 1522 ἐντεῦθεν
646 1478 887 1531 αυξάνουσι.
955 1483 1080 1523 τίκτει
1123 1482 1168 1522 δὲ
1198 1479 1276 1535 πρὸ
1302 1482 1379 1521 τοῦ
1405 1482 1584 1536 καιροῦ,
1607 1480 1743 1522 &aaa

230 1548 284 1603 τῷ
319 1542 467 1601 ἄρρενι
494 1548 760 1601 συνέρχηται.
816 1545 924 1588 ἀλλὰ
965 1545 1039 1588 καί
1063 1548 1108 1588 ἐν
1134 1548 1192 1603 τῷ
1214 1548 1364 1588 τίκτειν
1390 1545 1622 1588 κινδυνεύει
1650 1545 1674 1602 ἦ

228 1606 390 1668 ἄρκτος.
421 1613 466 1653 ἐν
497 1613 543 1653 δὲ
563 1613 680 1654 νυκτί
707 1608 917 1655 ὠδίνουσα
935 1613 1131 1668 προσέχει
1155 1613 1211 1669 τῷ
1236 1613 1308 1666 τῆς
1336 1607 1488 1667 ἄρκτου
1517 1606 1674 1670 ἄστρῳ,

329 1709 539 1759 17.‘H]‘0
558 1711 594 1745 P.

230 1817 332 1850 hibet
373 1818 526 1863 speciem
556 1818 819 1853 melancholiae
856 1819 1034 1866 quandam
1059 1821 1110 1854 eis
1136 1821 1318 1862 accidere,
1341 1819 1508 1854 nimirum
1531 1829 1672 1856 veneno

230 1863 414 1898 humorem
450 1865 554 1898 illum
589 1866 753 1899 imitante
778 1867 824 1899 ob
851 1879 956 1912 quem
989 1869 1051 1901 alii
1077 1869 1148 1901 alia
1172 1873 1346 1902 metuunt.
1375 1874 1412 1901 et
1435 1867 1524 1923 quid
1548 1868 1671 1902 multis

230 1911 309 1945 heic
335 1911 453 1945 verbis
477 1923 567 1957 opus
595 1913 672 1946 est?
698 1914 999 1958 quemadmodum
1025 1916 1120 1949 enim
1142 1916 1179 1947 in
1206 1914 1674 1950 melancholimsusuveni-

230 1969 267 1991 re
290 1958 451 1991 videmus
474 1965 515 1992 ut
538 1959 601 1992 alii
625 1960 769 2004 quidem
793 1962 963 1995 animalia
987 1962 1091 1996 bruta
1114 1961 1185 1995 sibi
1208 1961 1396 1995 videantur
1422 1972 1498 1995 esse
1522 1973 1562 1995 ac
1587 1973 1672 2007 pro-

228 2010 352 2049 pterea
375 2016 479 2039 voces
504 2016 626 2039 eorum
655 2007 857 2049 imitentur,
895 2010 956 2042 alii
982 2021 1019 2043 se
1052 2020 1136 2044 vasa
1171 2019 1246 2042 esse
1280 2013 1437 2042 testacea
1462 2008 1610 2042 credant
1635 2014 1672 2043 et

229 2051 357 2084 iccirco
394 2051 627 2086 vehementer
656 2060 818 2088 metuant
855 2067 901 2089 ne
934 2057 1223 2101 confringantur,
1264 2056 1325 2088 alii
1350 2065 1456 2101 supra
1484 2067 1522 2089 se
1547 2055 1670 2089 delabi

230 2098 409 2131 Atlantem
439 2100 642 2133 existiment
664 2100 820 2146 ideoque
845 2104 974 2136 mirum
998 2105 1036 2136 in
1058 2102 1203 2136 modum
1221 2103 1386 2144 clament,
1410 2103 1461 2136 ita
1483 2103 1671 2136 consimile

230 2146 415 2189 quippiam
442 2157 586 2179 cernere
615 2147 700 2180 licet
727 2149 833 2181 etiam
859 2150 901 2183 iis
927 2150 1086 2184 accidere
1110 2161 1199 2196 quos
1225 2161 1330 2183 canes
1360 2149 1491 2184 rabiosi
1515 2161 1671 2182 momor-

231 2190 370 2224 derunt.
411 2193 543 2237 quippe
569 2205 746 2227 venenum
773 2197 889 2238 canis,
928 2209 992 2231 ceu
1017 2197 1145 2231 noxius
1172 2196 1319 2236 humor,
1346 2207 1468 2229 eorum
1494 2202 1668 2241 occupato

231 2238 377 2272 cerebro
416 2239 503 2271 fucit
535 2245 576 2272 ut
606 2252 734 2285 aquam
765 2249 946 2287 metuant3
977 2245 1015 2277 in
1052 2255 1123 2290 quo
1146 2249 1244 2276 metu
1272 2243 1390 2284 canis,
1417 2255 1437 2276 a
1461 2254 1532 2289 quo
1560 2242 1668 2277 morsi

230 2290 332 2325 sunt,
368 2286 574 2330 imaginatio
598 2287 713 2330 subit3
750 2300 864 2334 eoque
898 2297 1002 2336 pacto
1027 2292 1213 2336 ringuntur
1241 2296 1278 2324 et
1303 2289 1447 2323 tandem
1470 2301 1549 2323 cum
1573 2301 1669 2323 mor-

229 2336 266 2365 te
293 2332 401 2365 vitam
429 2339 658 2367 commutant.
682 2335 893 2379 perhibetur
915 2338 1060 2384 quidem
1089 2337 1282 2382 aliquando
1308 2336 1544 2382 philosophus
1570 2337 1671 2383 quis-

229 2378 344 2424 piam,
369 2379 431 2424 qui
458 2386 552 2413 esset
578 2381 758 2414 admorsus
787 2394 806 2415 a
842 2396 928 2418 cane
952 2385 1092 2419 rabioso
1108 2410 1118 2426 ,
1147 2384 1317 2417 balneum
1357 2385 1556 2428 ingressus,
1581 2395 1669 2417 con-

231 2431 351 2470 specto
375 2426 413 2459 in
438 2427 532 2471 pelvi
558 2438 644 2461 cane
664 2428 755 2461 nihil
779 2433 967 2466 exterritus
984 2432 1114 2466 dixisse
1138 2430 1252 2477 „quid
1270 2431 1350 2464 cani
1375 2441 1562 2464 commune
1589 2442 1669 2465 cum

230 2471 388 2506 balneo?
413 2473 478 2506 sed
503 2473 547 2506 (le
574 2474 628 2507 his
655 2476 750 2508 satis.

321 2521 428 2553 Ursus
457 2530 596 2553 carnem
625 2522 759 2566 gignit,
796 2535 887 2569 quae
915 2536 1032 2571 neque
1057 2525 1203 2569 figuram
1225 2535 1346 2570 neque
1371 2525 1519 2557 sormam
1546 2523 1667 2558 habet.

229 2576 350 2598 verum
391 2566 560 2613 deinceps
593 2579 653 2601 ore
686 2569 843 2605 lambens
872 2573 1041 2606 articulos
1080 2573 1118 2604 in
1154 2582 1195 2605 ea
1221 2571 1336 2604 efficit.
1373 2570 1529 2604 eiusdem
1558 2571 1667 2605 catuli

229 2622 304 2645 non
326 2613 501 2647 lactantur
525 2614 695 2648 uberibus
711 2641 719 2657 ,
741 2616 804 2649 sed
841 2618 998 2662 sugendo
1033 2619 1142 2664 pedes
1177 2629 1258 2651 suos
1283 2624 1485 2662 augescunt.
1515 2624 1551 2651 et
1573 2619 1669 2664 parit

232 2663 314 2691 ante
342 2665 481 2705 tempus
508 2673 601 2702 ursa,
626 2673 696 2706 quo
722 2675 800 2696 cum
827 2676 922 2698 mure
949 2665 1208 2710 congrediatur.
1235 2665 1311 2709 ipso
1340 2666 1375 2697 in
1398 2670 1500 2710 partu
1525 2666 1668 2711 pericu-

233 2705 269 2739 lo
291 2717 364 2741 nou
388 2713 503 2750 caret,
530 2708 686 2754 ideoque
714 2717 822 2744 noctu
850 2713 1052 2758 parturiens
1079 2714 1188 2747 Ursae
1215 2711 1310 2745 sidus
1338 2711 1573 2757 inspectando
1601 2711 1667 2746 oh·-
