1826 3120
593 138 878 182 ANNALmM
919 139 1057 183 PARS
1100 142 1172 181 111.
1241 185 1243 187 ,
1481 119 1598 195 379

405 333 837 412 ΤΜΗΓΜΛι
891 331 1317 383 ΤΡιΤοΝ.

102 481 210 541 Τ
184 517 211 544 α
243 501 291 542 δὲ
331 516 418 543 των
455 499 681 554 ΗΡωμαιων
709 499 934 556 πράγματα
979 501 1171 559 διωκεῖτο
1199 501 1344 557 πρώην
1370 500 1455 543 υπὸ
1483 497 1647 548 timi-P.
1655 513 1725 557 ²04

129 583 214 610 των
238 567 311 610 ἐπι
334 565 409 622 ἔτη
438 565 493 618 τξ’
524 584 596 610 και
626 565 661 609 δ’
689 570 768 617 ἓως
795 567 983 610 ”Ιουλιου
1016 570 1238 623 Καίσαρος
1266 569 1345 610 τοῦ
1370 566 1430 624 μὴ
1455 579 1653 622 γεννη-ν.
1674 579 1736 613 158

130 635 299 682 θέντος·
355 635 431 689 τῆς
460 632 541 689 γάρ
557 631 723 689 μητρὸς
761 635 893 676 αιῖτοῦ
914 635 1127 689 θανούσης
1155 636 1199 676 ἐν
1228 635 1288 691 τῶ
1308 633 1465 692 ἑννάτῳ
1497 632 1601 689 μηνὶ
1631 675 1636 679 ,

94 700 208 753 ὄτῆς
235 699 484 754 ε’γκυμονίας
524 700 678 755 αὐτῆς,
721 698 798 755 τὴν
838 702 1002 742 κοιλίαν
1043 700 1178 755 αὐτῆς
1215 696 1499 753 οἷναιέμνουσι
1527 701 1603 742 καί

130 767 242 808 σαῖον
271 764 401 808 αὐτὸν
429 767 592 813 ἐκεῖθεν
621 767 928 819 ἐκβάλλουσιν,
963 761 1064 807 ὅθεν
1094 769 1269 821 Καῖσαρ
1299 768 1462 821 ἐλέγετο
1481 800 1494 820 ,
1523 766 1600 822 εἶφ’

133 826 187 877 οὖ
210 833 286 876 καί
327 829 478 881 πάντες
512 829 552 874 οἱ
589 831 812 885 Ῥωμαίων
842 835 1032 885 βασιλεῖς
1061 834 1283 887 Καίσαρες
1315 831 1602 888 προσηγορεύ-

131 901 295 954 θησαν·
350 897 457 941 κατὰ
494 898 576 953 γὰρ
621 897 698 954 τήν
722 899 945 952 Ῥωμαίων
965 900 1158 953 γλῶτταν
1187 898 1376 955 α’νατομὴ
1407 898 1452 941 τὸ
1487 902 1602 942 Καΐ-

131 981 216 1020 σαρ
260 965 443 1019 λέγεται.
513 959 634 1014 οὗτος
673 963 696 1006 ὅ
723 965 913 1016 Ἰούλιος,
948 967 1121 1021 Καῖσαρ
1156 964 1361 1020 δικτάτωρ
1391 967 1601 1018 ἐκαλεῖτο,

69 1047 119 1075 10
132 1032 329 1075 τουτέστι
369 1029 611 1087 μονάρχης·
687 1029 817 1082 αὐτὸς
851 1030 933 1087 γὰρ
969 1031 1098 1085 μόνος
1124 1033 1198 1074 καί
1226 1033 1392 1088 πρῶτος
1418 1030 1473 1073 -τὸ
1495 1032 1601 1074 Ῥω-

128 1096 515 1157 μαϊκὸνὶἐκράτησε
544 1100 753 1155 σκῆπτρον
781 1096 850 1154 ἔτη
879 1099 946 1154 ιη’.
1005 1096 1049 1148 ὃς
1079 1100 1153 1141 καί
1194 1096 1353 1151 νόμους
1374 1098 1602 1152 Ῥωμαίοις

71 1201 78 1214 ⁴.
131 1160 288 1218 ἔδωκε,
320 1165 402 1207 ’καί
437 1163 514 1215 τὰς
562 1167 771 1214 ι’νὸίκτους
813 1164 888 1207 καί
912 1164 984 1208 τὸν
1021 1169 1212 1219 βίσεκτον
1242 1164 1393 1221 ἔφερε,
1424 1164 1499 1210 καί
1525 1165 1602 1208 τὸν

129 1233 246 1287 μῆνα
268 1230 450 1275 Ἰούλιον
488 1229 686 1285 ὠνόμασε
714 1232 922 1288 πρότερον
951 1234 1166 1274 Κιντίλιον
1193 1231 1431 1286 λεγόμενον.

241 1296 369 1340 Μετὰ
396 1299 444 1340 δὲ
472 1298 646 1342 Ἰούλιον
676 1299 949 1352 ἑβασιλευσεν
978 1297 999 1341 ὅ
1028 1301 1074 1342 ἐκ
1086 1301 1277 1378 βρέφους
1302 1300 1383 1352 μὲν
1406 1298 1648 1352 Ὀκτὰβι-Ρ
1661 1314 1734 1348 205.

69 1365 119 1409 15
133 1379 202 1418 ος,
234 1361 483 1419 Αυγουστος
510 1366 558 1408 δὲ
587 1366 658 1407 διὰ
689 1364 766 1421 τήν
797 1364 1073 1422 λαμπρότητα
1098 1363 1296 1421 ὕστερον,
1327 1381 1365 1407 ει
1393 1368 1472 1407 καί
1491 1381 1601 1412 τινες

131 1429 262 1474 αὕτόν
290 1433 424 1486 ’ἕτεροι
452 1433 646 1486 λέγουσιν
675 1433 894 1486 Ὀκταβίου
924 1430 1034 1485 υἱόν,
1064 1430 1138 1486 ἔτη
1169 1430 1200 1474 ν’
1235 1448 1306 1474 και
1332 1430 1378 1482 ς’.
1437 1432 1516 1488 εἶφ’
1544 1427 1599 1473 ου

74 1545 76 1547 ,
131 1500 206 1541 καί
243 1498 443 1554 σεβαστοί
478 1515 551 1542 και
590 1494 840 1554 Av‘yovowt
888 1497 928 1541 οἱ
957 1498 1183 1553 ΗΡωμαιων
1223 1502 1437 1552 βασιλεῖς,
1469 1514 1540 1541 και
1574 1514 1597 1540 ο

724 1679 903 1721 PARS
939 1681 1011 1722 111.

428 1784 514 1827 AB
564 1784 879 1828 IMPERIO
937 1782 1299 1829 CAESARIS

332 1899 517 1947 USQUE
541 1901 612 1934 AD
651 1900 1111 1935 CONSTANTINUM
1135 1901 1398 1937 MAGNUM.

130 2008 233 2069 Res
258 2035 437 2068 Romanae
464 2047 484 2068 a
521 2036 734 2069 consulibus
773 2035 1046 2071 administratae
1071 2041 1156 2071 sunt
1181 2036 1249 2081 364
1274 2038 1380 2072 annis
1406 2049 1522 2085 usque
1551 2040 1596 2073 ad

130 2084 261 2117 Iulium
274 2083 483 2124 Caesarem,
508 2085 571 2129 qui
598 2089 702 2128 partu
743 2090 905 2117 materno
942 2084 981 2117 in
1008 2085 1124 2117 lucem
1152 2084 1270 2119 editus
1297 2086 1409 2119 fuisse
1433 2092 1597 2131 negatur.

131 2142 214 2165 nam
238 2141 317 2164 cnm
339 2136 454 2164 mater
471 2110 585 2176 ipsius
609 2142 710 2164 mens
714 2142 732 2164 e
756 2143 865 2172 nono,
894 2142 937 2164 ex
964 2143 1037 2176 quo
1062 2142 1261 2176 praegnans
1289 2134 1429 2175 fuerat,
1457 2145 1477 2166 e
1505 2135 1596 2169 vivis

132 2179 355 2219 excessisset,
378 2184 482 2211 utero
508 2184 606 2212 secto
633 2179 735 2212 vivus
752 2185 788 2212 et
804 2179 996 2212 incolumis
1015 2179 1100 2212 iude
1126 2185 1297 2224 sumptus
1318 2192 1396 2215 esse
1421 2181 1597 2227 perhibe-

132 2231 200 2259 tur.
230 2231 339 2271 atque
363 2224 449 2259 hine
460 2226 622 2260 Caesaris
646 2226 678 2259 ei
704 2237 837 2259 nomen
856 2226 980 2259 datum
1004 2227 1124 2268 aiunt,
1150 2227 1250 2272 quod
1275 2227 1446 2274 deinceps
1470 2241 1596 2263 omnes

132 2274 373 2306 Romanorum
397 2274 633 2318 imperatores
669 2279 908 2319 1:13urparunt
935 2273 1104 2307 nimirum
1129 2273 1252 2319 lingua
1277 2277 1442 2309 Romana
1459 2276 1598 2310 factum

133 2325 188 2353 est
212 2319 253 2352 id
274 2320 491 2354 vocabulum
518 2332 538 2354 a
562 2320 768 2361 caedendo,
794 2321 894 2367 quod
918 2320 1046 2354 suisset
1075 2322 1214 2356 excisus
1243 2333 1287 2357 ex
1312 2323 1394 2357 alvo
1418 2329 1595 2358 materna.

132 2367 248 2400 lulius
289 2373 410 2401 autem
446 2368 577 2402 Caesar
614 2369 803 2402 dictatoris
837 2368 1124 2414 appellationem
1159 2375 1373 2404 consecutus
1412 2376 1485 2412 est,
1523 2383 1597 2416 qua

133 2414 356 2458 significatur
390 2416 419 2448 is
450 2416 513 2460 qui
543 2416 642 2450 solus
684 2416 876 2460 imperium
910 2415 1061 2450 obtinet.
1095 2417 1233 2462 quippe
1269 2418 1407 2463 primus
1433 2419 1595 2452 omnium

134 2462 232 2494 solus
257 2473 333 2495 rem
358 2462 542 2507 publicam
569 2475 750 2496 romanam
779 2463 1045 2497 administravit
1066 2465 1170 2497 annis
1204 2475 1256 2499 12.
1283 2465 1381 2510 leges
1405 2465 1512 2506 tulit,
1538 2466 1597 2499 in-

135 2507 312 2542 dictiones
335 2521 376 2543 ae
401 2510 580 2543 bissextos
611 2510 878 2544 ordi12avit.ab
906 2510 1033 2544 eodem
1058 2512 1193 2546 mensis
1217 2505 1332 2547 Iu‘lius
1358 2512 1510 2554 dictus,
1532 2514 1597 2559 qui

135 2561 241 2589 antea
266 2556 463 2601 Quinctilis
487 2557 690 2590 vocabatur

226 2603 310 2636 Post
336 2604 466 2637 Iulium
494 2605 644 2649 irnperio
670 2605 807 2649 politus
835 2608 890 2637 est
912 2603 1101 2638 Octavius·
1128 2604 1197 2638 hoc
1222 2606 1318 2639 enim
1340 2617 1360 2638 a
1390 2615 1503 2650 puero
1527 2615 1597 2639 no-

134 2660 218 2682 men
241 2649 391 2692 hahuit,
416 2651 587 2696 deinceps
623 2651 670 2684 ob
697 2663 814 2684 rerum
838 2658 1017 2695 gestarum
1051 2651 1280 2697 splendorem
1309 2659 1418 2698 atque
1443 2653 1597 2697 gloriam

134 2702 362 2751 nuncupatus
380 2698 582 2743 Augustus,
610 2710 690 2732 cum
716 2703 829 2739 esset,
855 2704 894 2732 ut
928 2699 1094 2744 plerique
1123 2700 1293 2740 tradunt,
1318 2699 1458 2733 Octavii
1484 2700 1594 2737 filius.

135 2744 295 2789 regnavit
337 2755 448 2781 annos
474 2746 528 2781 56.
565 2745 608 2781 ab
636 2757 678 2781 eo
719 2747 957 2783 Romanorum
990 2747 1224 2795 imperatores
1248 2748 1401 2793 Augusti
1423 2752 1509 2783 suut
1528 2759 1595 2794 ap-
