1826 3120
584 126 870 168 ‘ANNALitiM
910 127 1044 170 PARS
1085 129 1119 169 1.
1460 131 1556 165 1¹71

1500 168 1513 186 Ι

121 222 245 277 σῶμα
261 222 351 266 τότε
373 224 561 266 θανάτου
584 228 658 268 καί
677 229 846 283 φθορᾶς
862 223 1032 281 ἄμεινον
1050 229 1274 283 ἐγερθῆναι
1289 225 1564 284 ὡμολόγηται,

120 291 195 332 καί
217 294 390 344 βεβαιοῖ
412 290 486 332 τὸν
517 287 636 346 λόγον
666 292 689 333 ὅ
718 293 940 349 πάμμεγας
974 297 1151 344 Παῦλος
1181 291 1288 336 οὕτω
1313 296 1441 350 λέγων
1471 297 1573 348 »δεῖ

119 355 165 399 τὸ
187 354 380 412 φθαρτὸν
395 358 517 400 τοῦτο
545 357 808 401 ἐνδύσασθαι
827 360 1077 416 α’φθαρσίαν
1102 362 1174 402 καί
1202 358 1246 403 τὸ
1265 359 1421 416 θνητὸν
1440 363 1566 402 τοῦτο

119 421 383 465 ἐνδύσασθαι
425 423 718 477 οἷθανασώιν,”
759 419 934 480 εὔδηλον
964 423 1126 475 πάντως
1155 422 1218 468 ὅτι
1252 426 1326 468 καί
1351 426 1398 468 τὸ
1445 429 1568 480 σῶμα

83 489 268 541 fiskaha,
289 490 392 543 λέγω
421 487 472 544 δὴ
492 488 538 532 τὸ
559 489 736 544 πρώτως
762 489 844 532 ὑπὸ
875 492 983 532 θεοῦ
1010 495 1196 546 ποιηθέν,
1227 493 1439 535 ἀθάνατον
1465 489 1569 547 ἄλη-

120 556 209 603 θῶς
234 554 400 610 ὑπῆρχε
427 557 499 597 καί
523 551 768 611 ἄφθαρτον,
803 555 861 605 ὦς
888 551 969 612 ἤδη
998 557 1196 607 πολλάκις
1223 558 1460 614 εἰρήκαμεν.
1493 559 1569 600 αὕ-

119 618 168 661 τὸ
207 621 327 662 τοῦτο
354 622 582 676 παρίστησι
620 620 695 663 καί
727 621 953 671 Νυσσαεὺς
991 626 1108 672 θεῖος
1149 627 1190 666 Γ
1189 623 1406 679 ρηγόριος,
1447 623 1674 680 ἧνίκαΡ.90

120 687 195 726 καί
218 686 376 738 μᾶλλον
417 683 592 741 εὕρηται
634 686 681 728 τό
711 690 787 730 τοῦ
811 689 1170 744 Ἐκκλησιαστικοῦ
1198 689 1324 746 ῥητὸν
1351 689 1570 746 ἐπεξηγού-

119 765 243 804 μενος
263 749 310 793 τὸ
357 752 644 806 διαλαμβάνον
681 749 811 802 οὕτως
837 755 882 796 ἐν
912 756 1047 806 λέξεσι
1072 755 1151 809 ,,τι’
1173 755 1220 800 τὸ
1250 755 1437 810 γεγονός,·
1467 756 1570 799 αὐτὸ

61 834 108 862 10
121 817 166 860 τὸ
193 817 483 872 γενησόμενον.
541 819 614 861 καί
639 820 685 861 τί
707 818 753 861 τὸ
786 823 1099 876 πεποιημένονς
1129 821 1232 864 αὐτὸ
1261 821 1308 863 τὸ
1329 813 1683 878 ’ποιηθησό-Ἷ.7ο

120 889 284 938 μενον.”
313 886 420 939 λέγει
444 883 525 940 γάρ
557 882 622 927 ὅτι
651 885 771 941 χειρὶ
798 888 906 928 θεοῦ
933 891 1204 943 πεποιημένος
1237 883 1460 945 ἄνθρωπος
1492 891 1572 943 οὐχ

122 949 147 991 ὃ
177 951 253 992 νῦν
283 949 373 992 ἐστι’
407 949 477 992 διὰ
510 950 587 1007 τὴν
617 949 856 1007 ἁμαρτίαν,
894 948 1024 1008 ἤγουν
1051 952 1223 1011 τρεπτὸς
1254 955 1329 997 καί
1355 955 1573 1012 φθαρτὸς,

119 1019 244 1058 τοῦτο
275 1010 326 1070 ἦν
361 1013 432 1058 ἄπ’
461 1017 619 1072 α’ρχῆς,
663 1020 752 1061 ἄλλ’
781 1016 806 1060 ὃ
832 1018 1107 1075 ποιηθήσεται
1135 1017 1338 1078 ὕστερον,
1370 1017 1573 1076 ἄτρεπτος

123 1080 311 1138 δηλονότι
340 1084 413 1124 καί
434 1077 673 1140 ἄφθαρτος.
733 1085 848 1141 εἴπερ
884 1082 960 1127 οὖν
989 1086 1011 1128 ὃ
1032 1086 1133 1138 θεὸς
1161 1089 1228 1130 ἐπ’
1249 1088 1473 1145 ἀφθαρσίᾳ
1500 1087 1574 1130 τὸν

62 1143 346 1204 ιόἅνθρωπον
375 1148 530 1203 ἔκτισε,
574 1153 663 1193 κατ’
699 1148 840 1194 εἰκόνα
878 1155 952 1207 τῆς
988 1149 1225 1209 ἆϊδιότητος
1265 1153 1417 1207 αὐτοῦ,
1456 1153 1572 1196 καθά

121 1230 228 1271 φησι
255 1213 477 1268 Σολομῶν·
535 1214 649 1272 εἴπερ
680 1212 756 1259 οὖν
784 1216 916 1269 ἔδειξε
947 1217 993 1260 τὸ
1026 1221 1175 1262 οἰκεῖον
1196 1219 1418 1276 φιλότιμον
1445 1236 1572 1273 μετα-

122 1279 225 1330 δούς
253 1277 368 1338 aire?
405 1284 550 1338 ψυχῆς
578 1286 727 1339 νοερᾶς
769 1285 824 1333 ὠς
854 1281 960 1326 εἶναι
985 1288 1058 1328 καί
1086 1284 1300 1328 ἀθάνατον
1331 1288 1373 1336 ἐς
1401 1286 1448 1328 τὸ
1480 1289 1568 1342 διη-
1583 1298 1609 1329 Β

121 1349 259 1400 νεκές,
289 1345 346 1396 ὥς
380 1347 402 1390 ὅ
451 1351 641 1405 χρυσοῦς
679 1350 756 1404 τὴν
793 1349 978 1404 γλῶττάν
1006 1368 1156 1408 φησιν·
1213 1353 1326 1408 εἴπερ
1359 1348 1433 1395 οὖν
1463 1355 1571 1407 ζωῆς

122 1413 295 1455 αἰωνίου
324 1412 557 1456 ἀπόλαυσιν
586 1418 815 1470 ἐχαρίσατο
847 1418 903 1473 τῷ
927 1418 1136 1475 α’νθρώπῳ
1163 1421 1252 1460 κατ’
1281 1417 1420 1473 ἆρχάς
1448 1418 1469 1459 ὃ
1498 1423 1571 1460 θε-

60 1496 109 1522 20
123 1476 192 1532 ός,
225 1478 282 1528 ὥς
311 1479 334 1520 ὅ
362 1482 493 1534 μέγας
522 1480 628 1537 φησί
653 1484 900 1532 Βασίλειος·
929 1481 1045 1538 εἴπερ
1075 1480 1150 1525 οὖν
1178 1483 1203 1540 ἦ
1234 1482 1376 1540 πρώτη
1405 1485 1568 1540 ποίησις

121 1546 198 1586 τοῦ
224 1544 361 1599 Ἀδάμ
393 1542 616 1603 ἄφθαρτος
643 1543 713 1604 ἧν,
744 1545 799 1597 ὧς
827 1547 849 1591 ὃ
876 1550 1071 1605 Σιναΐτης
1101 1552 1206 1606 φησί
1228 1554 1342 1599 θεῖος
1363 1551 1568 1593 Ἀναστά-

121 1627 236 1662 σιος·
270 1611 385 1669 εἴπερ
427 1607 502 1654 οὖν
535 1614 701 1668 α’ξίωμα
732 1617 887 1658 δέδωκε
927 1617 984 1674 τῷ
1023 1617 1232 1675 ἀνθρώπῳ
1261 1623 1350 1660 κατ’
1379 1615 1518 1674 ἀρχάς
1547 1618 1569 1659 ὅ

124 1808 298 1842 advertas.
337 1808 366 1842 si
391 1809 455 1842 tali
481 1810 689 1843 suscitatum
733 1815 787 1844 est
811 1811 919 1855 quale
945 1811 989 1844 ab
1012 1812 1118 1845 initio
1150 1817 1249 1851 erat,
1275 1813 1342 1846 etsi
1366 1824 1493 1858 corpus
1521 1815 1567 1847 il-

122 1855 199 1897 lud,
225 1854 324 1901 quod
352 1859 537 1898 excitatur,
562 1858 612 1890 sic
640 1857 803 1890 suscitari
828 1864 968 1891 constat
997 1864 1036 1891 ut
1064 1870 1168 1902 supra
1191 1864 1340 1891 mortem
1366 1861 1570 1894 interitum-¹

124 1915 194 1948 que
223 1903 381 1947 positum
407 1904 471 1944 sit,
512 1904 611 1949 quod
651 1905 766 1949 ipsum
798 1916 944 1949 magnus
970 1905 1033 1937 ille
1062 1905 1191 1937 Paulus
1217 1907 1403 1940 confirmat
1427 1908 1458 1953 (ι
1489 1909 1567 1942 Cor.

131 1951 168 1983 15
198 1951 257 1996 53)
284 1950 381 1983 hisce
404 1951 523 1983 verbis
547 1957 714 1996 „oportet
739 1951 806 1984 hoc
832 1952 1067 1996 corrupffliile
1088 1953 1354 1997 incorruptibili
1380 1960 1507 1987 natura
1533 1962 1570 1989 et

124 1997 194 2030 hoc
217 1998 367 2030 mortale
391 1998 661 2032 immortalitate
686 1998 820 2039 induis
848 1999 956 2043 plane
975 1999 1200 2044 perspicuum
1228 2006 1282 2033 est
1306 2001 1413 2034 etiam
1442 2014 1570 2047 corpus

125 2044 231 2085 illud,
257 2043 357 2090 quod
374 2051 428 2078 est
451 2047 607 2078 omnium
627 2047 740 2090 primo
766 2046 898 2078 factum
923 2057 942 2078 a
967 2046 1048 2087 deo,
1077 2057 1197 2079 revera
1224 2048 1425 2080 immortale
1450 2060 1491 2082 ac
1513 2050 1572 2082 in·-

124 2091 254 2124 teritus
279 2102 404 2136 expers
441 2093 573 2134 fuisse,
612 2094 717 2126 sicuti
749 2093 819 2125 iam
856 2104 963 2137 saepe
1002 2093 1166 2127 diximus.
1201 2094 1296 2127 idem
1323 2101 1360 2127 et
1383 2095 1570 2139 Nyssensis

124 2138 390 2183 illeGregorius
417 2140 538 2181 tradit,
556 2140 615 2172 ubi
632 2141 766 2174 dietum
790 2139 882 2172 illud
906 2140 1139 2174 Ecclesiastae
1165 2142 1194 2188 (ι
1217 2142 1253 2187 9)
1279 2141 1449 2184 declarat,
1469 2145 1571 2176 cuius

125 2184 214 2218 haec
237 2185 346 2219 verba
374 2192 457 2220 sunt
498 2187 611 2232 „quid
638 2194 691 2220 est
717 2186 814 2232 quod
847 2187 941 2220 fuit?
973 2187 1068 2220 idem
1104 2188 1197 2221 illud
1234 2189 1333 2233 quod
1374 2191 1453 2223 erit.
1481 2190 1571 2236 quid

126 2232 285 2267 factum?
323 2233 418 2266 idem
451 2234 543 2267 illud
581 2235 680 2279 quod
709 2235 803 2267 fiet.”
830 2235 949 2279 inquit
978 2235 1071 2268 enim
1095 2234 1163 2268 hoc
1188 2237 1268 2269 loco
1296 2248 1404 2269 manu
1432 2237 1491 2270 dei
1517 2238 1572 2271 fa-

125 2285 223 2313 ctum
248 2280 446 2321 hominem,
476 2293 550 2315 non
577 2282 675 2326 quod
704 2293 800 2315 nunc
824 2287 970 2326 propter
996 2289 1181 2327 peccatum
1211 2289 1274 2324 est,⁷
1296 2284 1465 2317 nimii-um
1492 2297 1572 2318 mu-

125 2327 255 2359 tationi
295 2333 331 2361 et
364 2328 524 2361 interitui
563 2329 759 2370 obnoxius,
797 2329 840 2361 ab
870 2329 974 2362 initio
1007 2329 1143 2371 fuisse,
1172 2330 1236 2363 sed
1278 2331 1376 2375 quod
1402 2331 1572 2377 deinceps

128 2373 326 2416 efficietur,
355 2386 479 2419 expers
505 2376 644 2409 scilicet
670 2375 881 2409 mutationis
919 2381 954 2408 et
978 2376 1156 2412 interitus.
1182 2384 1401 2422 quapropter
1429 2379 1460 2412 si
1484 2379 1573 2412 deus

127 2420 167 2453 in
200 2427 295 2454 statu
320 2422 486 2455 interitus
516 2430 662 2468 experte
688 2423 850 2456 condidit
874 2422 1052 2456 hominem
1091 2425 1135 2457 ad
1161 2425 1352 2468 imaginem
1377 2427 1573 2459 aeternita-

127 2467 174 2500 tis
202 2479 305 2510 suae,
343 2470 645 2514 quemadmodum
678 2471 820 2503 Solonio
859 2469 1036 2515 loquitur3
1073 2472 1102 2504 si
1129 2471 1302 2504 honorem
1332 2473 1364 2504 ei
1391 2473 1573 2517 proprium

129 2512 273 2556 detulit,
298 2518 556 2550 communicata
582 2530 661 2550 cum
687 2518 764 2562 ipso
794 2517 910 2549 anima
935 2518 1197 2562 intelligentiae
1221 2519 1256 2552 vi
1281 2519 1470 2564 praedita,
1498 2531 1572 2564 quo

128 2566 303 2605 perpetuo
328 2563 538 2597 immortalis
556 2570 660 2605 esset,
690 2563 990 2610 quemadmodum
1008 2565 1276 2609 Chrysostomus
1306 2567 1372 2607 ait3
1401 2565 1430 2598 si
1455 2572 1572 2599 aeter-

129 2617 196 2640 nae
219 2609 313 2641 vitae
344 2610 552 2644 fruitionem
590 2612 737 2656 largitus
771 2618 824 2645 est
848 2611 985 2645 homini
1012 2612 1056 2646 ab
1088 2613 1194 2646 initio
1222 2613 1331 2654 deus,
1360 2618 1401 2646 ut
1425 2624 1572 2658 magnus

132 2654 194 2687 ille
217 2655 369 2689 Basilius
405 2659 585 2703 loquitur3
621 2660 649 2692 si
675 2658 799 2691 Adami
835 2658 948 2703 prima
974 2661 1105 2694 creatio
1130 2661 1296 2694 interitus
1325 2665 1401 2693 erat
1427 2671 1571 2706 expers,

131 2707 171 2735 ut
192 2701 398 2737 Anastasius
427 2704 490 2739 ille
518 2706 672 2739 Sinaites
701 2706 839 2752 inquit3
874 2706 903 2739 si
931 2705 1139 2752 (lignitatem
1166 2707 1257 2742 hanc
1281 2706 1327 2741 ab
1353 2708 1457 2742 initio
1485 2707 1572 2742 deus
