1826 3120
607 147 890 190 ANNAmUM
931 148 1067 190 PARS
1092 151 1144 190 ιι.
1163 160 1169 166 v
1483 133 1595 206 259
1633 160 1643 173 “

145 242 275 286 αὐτοῦ
313 243 474 301 α’ρετήν.
539 250 704 303 σπείρει
735 250 781 291 δὲ
809 250 961 306 κριθην
1000 250 1022 292 δ
1049 249 1218 305 Ἰσαάκ,
1248 248 1319 294 καὶ
1342 250 1596 308 παραδόξως

142 309 416 356 ἑκατοστεύει.
487 316 527 357 εἰ
572 317 619 357 δὲ
661 314 705 358 τὸ
733 321 995 373 καταβληθὲν
1036 321 1096 368 εἰς
1122 314 1271 362 ἑκατὸν
1299 319 1539 375 παρέδωκεν
1569 318 1594 376 ἦ

141 381 216 432 γῆ,
261 381 350 428 πῶς
377 377 399 420 ὁ
429 383 559 423 ποιῶν
591 381 873 438 ἐλεημοσύνην
904 383 975 426 καί
1002 390 1092 434 ταῖς
1120 387 1196 426 τοῦ
1222 387 1328 427 θεοῦ
1355 389 1483 442 χερσί
1513 402 1595 428 πα-

143 445 331 498 ρατιθείς
371 446 416 488 τὸ
463 447 677 501 διδόμενον
716 445 1227 493 ἑκατονταπλασίονατὸν
1253 451 1412 506 μισθὸν
1441 449 1492 494 οὖ
1519 451 1596 508 λη’-

104 513 295 564 5ψεται;
331 514 374 555 εἰ
407 512 488 570 γάρ
537 516 725 557 ἐνταῦθα
764 514 810 557 τὰ
855 518 898 558 ἓν
935 513 1221 571 immania,
1257 521 1396 578 πολλῷ
1433 521 1596 573 μᾶλλον

140 593 286 620 εκεισε.

244 645 292 687 Ὁ
318 648 365 688 δὲ
386 646 532 691 Ἰσαὰκ
561 644 629 688 ὅτε
658 645 728 688 τὸν
752 643 904 702 Ἰακώβ
927 647 1169 705 ηὔλόγησεν,
1200 650 1303 692 ὦσεί
1320 648 1468 694 ἑκατὸν
1492 649 1595 707 χρό-

139 726 222 752 νων
251 707 328 766 ἧν·
386 710 456 754 <hd
485 711 563 768 γὰρ
594 716 715 755 τοῦτο
745 716 820 756 καί
848 715 948 764 τούς
978 715 1231 772 ὀφθαλμοὺς
1258 717 1510 774 ἐπεπήρωτο.
1567 718 1594 774 ἦ

137 779 284 829 μέντοι
306 778 478 832 Ῥεβὲκα
508 778 611 831 μετὰ
644 778 719 835 τήν
748 781 967 836 ἐπαινετὴν
993 784 1067 837 τῆς
1095 784 1284 838 ε’ὕλογιάς
1313 783 1470 839 κλοπὴν
1495 802 1596 827 συν-

79 857 126 883 10
138 842 359 897 εβούλευσε
401 849 459 902 τῷ
495 845 643 901 Ἰακώβ
672 846 775 902 πρὸς
800 846 952 902 Λάβαν
979 848 1194 902 α’πελθεΐν,
1224 847 1336 899 ὅπως
1359 849 1406 892 τὸ
1440 852 1631 905 ἀκμαῖ-Ῑς

137 925 184 952 ον
224 913 298 966 τῆς
337 913 414 953 τοῦ
453 914 592 954 'Humi
631 911 794 972 ἐκφύγῃ
829 915 1022 973 μανίας.Δ
1073 914 1394 972 ἀποδιδράσκων
1420 913 1496 959 οὖν
1521 916 1597 960 τὸν

133 977 274 1020 Ἠσαῦ
316 975 337 1018 ὃ
374 977 524 1032 Ἰακώβ
554 979 757 1036 ἐκοιμήθη
796 985 896 1028 καθ’
930 974 1031 1024 ὁδὸν
1073 981 1146 1024 καί
1172 980 1449 1039 ἑνυπνιάσθη.
1524 985 1599 1026 καί

135 1042 228 1086 ἰδοῦ
261 1048 412 1097 κλΐμαξ
450 1048 726 1102 ἑστηριγμένη
764 1049 808 1090 ἐν
851 1051 901 1104 τῇ
930 1051 1006 1106 γῇ,
1050 1043 1100 1104 ἧς
1130 1050 1155 1105 ἦ
1184 1049 1346 1106 κεφαλή
1378 1052 1595 1107 α’φικνεΐτο

135 1112 197 1159 εἰς
221 1110 292 1153 τὸν
323 1112 513 1166 οὐρανόν.
572 1112 644 1154 καί
670 1113 708 1155 οἱ
739 1109 903 1168 ἄγγελοι
933 1117 1009 1156 τοῦ
1037 1118 1142 1157 θεοῦ
1171 1115 1391 1170 ἀνέβαινον
1419 1118 1493 1159 καί
1520 1134 1594 1159 κα-

74 1174 123 1218 15
137 1180 327 1230 τέβαινον
359 1180 423 1219 ἐπ’
457 1178 615 1233 αὐτήν,
648 1176 668 1219 ὁ
701 1181 747 1222 δὲ
781 1180 925 1234 κύριος
955 1179 1221 1236 ἑπεστήρικτο
1250 1184 1406 1238 αὐτῆς,
1436 1184 1507 1225 καί
1535 1179 1595 1225 εἶ-

134 1259 210 1285 πεν
239 1242 349 1298 ,,ἑγώ
381 1245 468 1297 εἰμι
495 1244 601 1298 μετὰ
631 1249 731 1300 σοῦ,
761 1249 832 1288 καί
857 1246 916 1302 μη
951 1250 1122 1303 φοβοῢ,”
1164 1247 1201 1289 οἱ
1232 1250 1278 1291 δὲ
1305 1246 1495 1298 α’νιόντες
1522 1250 1597 1290 καί

133 1309 345 1358 κατιόντες
385 1310 463 1366 την
504 1314 709 1365 unquam,
745 1313 868 1354 καθα
898 1316 972 1355 καί
999 1314 1022 1354 ὅ
1055 1315 1190 1369 μέγας
1219 1316 1325 1371 φησί
1354 1314 1591 1370 Κύριλλος,

133 1375 209 1430 τὴν
235 1378 357 1420 &slav
381 1376 557 1431 ἐδήλουν
578 1381 817 1420 διακονίαν·
848 1383 947 1434 περί
973 1383 1130 1422 τούτων
1157 1380 1236 1436 γὰρ
1269 1380 1343 1422 καί
1369 1381 1391 1421 ὅ
1411 1383 1592 1431 Παῦλος

132 1441 216 1498 ἔφη
254 1445 386 1497 „ov'ygi
411 1444 556 1493 πάντες
589 1444 673 1486 εἰσί
701 1447 959 1500 λειτουργικὰ
990 1444 1232 1500 πνεύματα,
1280 1450 1340 1496 εἰς
1372 1448 1589 1490 διακονίαν

65 1522 119 1548 20
133 1509 467 1563 α’ποστελλόμενα
511 1511 581 1552 διὰ
625 1510 723 1560 τούς
762 1515 986 1564 μέλλοντας
1029 1517 1300 1569 κληρονομεῖν
1326 1513 1627 1570 σωτηριάν,·”(1

770 1580 787 1588 υ
835 1574 853 1590 (Ι

129 1574 284 1627 ἔδειξεν
299 1572 374 1618 οὖν
397 1575 467 1618 διὰ
485 1575 644 1620 τούτων
660 1594 810 1634 σαφως
830 1594 895 1620 οτι
912 1577 1140 1633 δυνάμεσιν
1157 1581 1394 1635 α’γγελικαῑς
1412 1580 1465 1623 τὰ
1484 1579 1586 1623 πάν-

132 1757 337 1791 hominibus
361 1758 473 1791 virtus
501 1758 612 1803 ipsius
639 1759 889 1794 innotesceret.
922 1762 1062 1795 Isaacus
1088 1768 1207 1795 autem
1234 1762 1362 1796 hordei
1386 1769 1583 1798 sementem

131 1806 242 1846 fecit,
268 1804 366 1850 quod
390 1805 555 1839 inaudito
579 1806 734 1851 quodam
759 1808 866 1840 modo
893 1808 1046 1842 fructum
1074 1810 1284 1854 centuplum
1311 1810 1437 1844 edidit.
1464 1811 1583 1856 quod-

130 1855 159 1886 si
185 1853 363 1889 deiectum
397 1852 492 1886 illud
512 1864 634 1886 semen
665 1854 703 1886 in
728 1865 764 1887 se
793 1860 887 1888 terra
915 1857 1054 1889 ratione
1083 1857 1253 1901 centupla
1282 1857 1462 1898 reddidit,
1489 1869 1582 1903 quo-

129 1913 209 1934 nam
238 1901 317 1943 fieri
343 1906 449 1945 pacto
485 1906 606 1945 potest
630 1907 671 1934 ut
694 1902 756 1947 qui
779 1901 1039 1946 benignitatem
1072 1903 1111 1935 in
1144 1909 1290 1948 egentes
1323 1915 1368 1937 ex
1392 1906 1582 1939 commise-

130 1949 268 1982 ratione
291 1948 402 1981 animi
438 1954 580 1981 exercet
617 1960 657 1981 ac
685 1960 814 1982 munus
843 1950 960 1994 ipsum
987 1950 1026 1983 in
1048 1961 1174 1984 manus
1199 1950 1259 1984 dei
1283 1950 1459 1996 deponit,
1485 1964 1581 1986 mer-

129 1996 254 2029 cedem
279 1995 449 2041 centuplo
481 1996 654 2029 maiorem
692 2007 766 2029 non
801 1996 979 2042 accipiat?
1007 2009 1088 2030 nam
1123 1999 1154 2031 si
1179 2010 1290 2032 unum
1315 1998 1398 2032 heic
1423 2000 1580 2035 fructum

129 2044 200 2077 fert
226 2044 453 2088 centuplum,
479 2044 594 2076 multo
620 2045 731 2088 magis
758 2049 795 2076 et
820 2045 901 2077 istic
928 2044 1025 2077 idem
1053 2046 1255 2079 usuveniet.

221 2090 409 2138 Caeterum
440 2102 520 2124 cum
558 2092 699 2124 Isaacus
738 2091 866 2124 Iacobo
902 2091 1106 2125 felicissima
1146 2104 1312 2140 quaeque
1344 2099 1579 2139 precaretur,

129 2149 239 2171 annos
270 2150 332 2171 100
356 2139 438 2183 plus
464 2140 580 2171 minus
604 2145 710 2172 natus
741 2144 836 2180 erat,
876 2138 921 2171 ob
948 2150 1054 2184 quam
1077 2140 1191 2185 ipsam
1216 2141 1344 2174 aetatis
1371 2142 1578 2186 provectio-

129 2197 209 2218 nem
235 2186 311 2219 eius
341 2186 437 2219 oculi
468 2187 715 2230 caligaverant.
765 2186 924 2219 Rebecca
947 2192 1031 2231 post
1052 2187 1273 2221 laudabilem
1298 2188 1390 2222 hane
1419 2189 1577 2223 felicita-

126 2234 238 2266 tionis
271 2233 567 2267 interversionem
615 2233 653 2266 id
691 2234 833 2268 consilii
876 2233 1006 2266 Iacobo
1049 2234 1149 2269 dedit
1187 2242 1226 2269 ut
1249 2235 1430 2280 flagrantis
1456 2236 1576 2270 adhuc

129 2280 207 2314 Esai
235 2281 363 2314 furoris
392 2282 502 2325 gratia
526 2287 641 2314 semet
665 2281 711 2314 ad
735 2281 916 2314 Labanem
943 2282 1126 2327 reciperet.
1166 2283 1400 2328 quamobrem
1423 2283 1574 2318 Iacobus

129 2334 269 2373 arrepta
308 2328 412 2373 suga,
447 2328 585 2362 vitandi
615 2329 695 2361 Esai
721 2340 847 2369 causa,
888 2329 1025 2373 sopitus
1050 2330 1088 2363 in
1113 2330 1243 2364 itinere
1268 2332 1445 2364 somnium
1471 2331 1574 2365 vidit.

127 2386 210 2408 nam
237 2376 332 2409 scala
357 2375 533 2421 quaedam
557 2382 673 2409 terrae
699 2376 822 2409 innixa
849 2381 947 2417 erat,
971 2377 1071 2410 cuius
1098 2383 1223 2411 vertex
1251 2379 1393 2411 coelum
1418 2379 1574 2423 attinge-

129 2428 203 2463 ret,
239 2435 279 2456 ac
306 2423 419 2456 divini
452 2423 570 2468 angeli
609 2435 674 2468 per
711 2435 786 2456 eam
824 2423 1092 2458 adscendebant
1126 2436 1168 2458 ac
1192 2426 1350 2466 vicissim
1375 2425 1573 2459 descende-

127 2468 224 2503 bant.
252 2470 373 2504 eidem
395 2471 585 2504 imminens
612 2471 700 2503 deus
730 2472 780 2504 sic
805 2470 1021 2515 loquebatur
1055 2471 1159 2517 (Gen.
1181 2473 1314 2519 28'13)
1339 2485 1429 2517 „ego
1453 2478 1571 2505 tecum

128 2528 226 2550 sum:
253 2529 326 2551 non
362 2523 418 2551 est
441 2518 539 2563 quod
561 2518 766 2552 formides.”
791 2524 900 2564 atque
925 2517 965 2551 hi
989 2524 1060 2552 tam
1086 2519 1347 2555 adscendentes
1373 2531 1479 2565 quam
1506 2519 1572 2552 de·

127 2563 338 2598 scendentes
364 2566 501 2609 angeli,
529 2565 831 2610 quemadmodum
861 2571 896 2599 et
923 2577 1069 2611 magnus
1096 2567 1160 2600 ille
1186 2568 1339 2612 Cyrillus
1366 2569 1436 2608 ait,
1461 2567 1571 2600 mini-

126 2612 274 2644 sterium
303 2612 460 2646 divinum
487 2613 746 2657 significabant.
768 2625 848 2646 nam
878 2612 922 2645 de
956 2615 1090 2658 angelis
1121 2620 1156 2648 et
1180 2615 1310 2648 Paulus
1338 2614 1458 2659 inquit
1480 2614 1569 2661 (He-

127 2657 179 2691 hr.
213 2670 220 2691 ι
257 2660 310 2704 14)
337 2671 479 2701 „nonne
507 2667 590 2694 sunt
618 2672 740 2694 omnes
767 2660 968 2694 administri
994 2661 1151 2706 spiritus,
1176 2663 1239 2706 qui
1267 2661 1312 2694 ad
1329 2662 1569 2695 ministerium

127 2707 340 2750 ablegantur
366 2713 513 2752 propter
538 2719 597 2741 eos
627 2708 690 2753 qui
718 2708 868 2741 salutem
902 2706 1067 2754 adepturi
1092 2710 1222 2743 sunt?’¹
1248 2708 1477 2753 quamobrem
1502 2709 1568 2742 de·-

125 2767 166 2788 us
194 2765 259 2798 per
291 2753 378 2788 haee
413 2755 518 2788 nobis
558 2751 651 2789 clare
676 2755 837 2789 ostendit
871 2755 991 2790 omnia
1015 2767 1052 2790 se
1079 2767 1143 2801 per
1166 2761 1363 2802 potestates
1388 2756 1567 2802 angelicas
