1826 3120
596 146 880 186 ANNAMUM
919 144 1055 185 PARS
1096 146 1129 184 1.
1485 125 1588 180 183

138 247 325 305 ἡμετέρῳ
355 245 485 289 πάθει
521 246 621 299 θεὸς
662 245 880 302 γενόμενος
912 241 1171 298 ἄνθρωπος.”
1229 239 1337 286 dud
1369 248 1594 300 προσέχειν

137 314 329 357 ἐνταῦθα
369 317 617 369 παρακαλῶ.
687 315 727 356 εἰ
770 313 851 368 γὰρ
895 313 1044 368 ὑφεῖλε
1084 311 1156 353 τὸν
1189 305 1440 366 ἄνθρωπον,
1489 310 1545 362 ὥς
1571 312 1593 355 ὁ

137 378 336 434 θεολόγος
365 379 497 436 φησί,
527 379 598 422 διὰ
629 383 701 436 τῆς
732 378 896 434 α’πάτης
924 377 946 419 ὃ
977 377 1176 430 θάνατος,
1210 379 1406 433 φαίνεται
1432 376 1597 428 πάντως
1639 432 1642 435 ,

137 442 202 490 ὅτι
227 445 307 502 πρὸ
337 447 410 501 τῆς
438 442 603 502 οἷπάτης
623 443 838 489 ἀθάνατον
863 441 951 498 εἶχε
971 441 1079 485 κατὰ
1100 442 1144 485 τὸ
1179 446 1301 497 σῶμα
1327 444 1400 487 τὸν
1427 441 1595 500 ἄνθρω-

102 515 217 557 5πον
245 510 266 554 ὃ
294 516 410 562 θεῖος
447 507 570 563 οὗτος
596 512 717 568 οἷνῆρ.
774 514 814 554 εἰ
857 513 903 552 δὲ
930 511 1078 563 τοῦτο,
1113 513 1201 559 πῶς
1229 509 1367 565 ἔλεγεν
1391 511 1489 564 »ἵνα
1516 512 1596 553 πά-

136 595 221 637 σχῃ
259 581 332 622 καί
369 577 543 633 πάσχων
580 577 950 633 ὑπομιμνήσκηται
988 578 1061 618 καί
1095 577 1397 633 παιδεύηται,·”
1432 577 1477 621 τὸ
1514 578 1594 633 γὰρ

138 641 352 689 ἀθάνατον
384 647 458 704 οἴῳ
487 645 541 700 δή
557 662 638 688 τινι
658 643 799 701 τρόπῳ
830 642 1010 697 πάσχειν
1037 642 1087 684 οὔ
1116 646 1292 700 πέφυκε.
1347 647 1420 686 καί
1446 649 1491 688 τί
1510 646 1596 701 χρὴ

137 711 269 754 πολλοὶ
309 715 470 767 λε’γεινς
507 711 591 768 εἴγε
623 711 696 753 καί
722 711 907 753 πάθεσιν
935 711 1142 752 ὑπέκυπτε
1172 709 1252 763 πρὸ
1283 714 1357 765 τῆς
1385 709 1634 766 ἁμαρτιάςΒ

138 777 161 818 ὃ
191 774 438 835 ἄνθρωπος,
467 781 542 821 καί
568 776 745 836 ῥευστὸς
773 780 817 829 ἐξ
844 777 1021 831 ἀνάγκης
1047 772 1113 832 ἦν·
1147 778 1187 818 εἰ
1209 778 1254 819 δὲ
1285 777 1460 832 ῥευστὸς
1492 782 1597 820 ἐκεῖ·

77 862 126 890 ιο
142 860 232 897 νος,
274 839 446 900 εἷδηλον
490 841 556 887 ὅτι
583 845 656 886 καὶ
698 844 871 899 θνητός.
925 845 965 885 εἰ
1004 844 1051 885 δὲ
1077 842 1232 899 θνητὸς
1261 844 1333 885 ἀπ’
1358 845 1495 899 α’ρχῆς
1523 841 1595 900 ἦν,

140 908 190 953 οὗ
237 910 307 954 διὰ
339 913 558 967 παρακοῆς
603 910 752 953 λοιπὸν
784 906 811 965 ἦ
838 926 882 952 τε
933 908 1078 967 φθορὰ
1108 912 1180 953 καί
1208 910 1230 950 0‘
1258 910 1447 959 θάνατος.
1505 913 1595 954 αλλ’

137 977 212 1020 οὐκ
237 973 314 1031 ἅν,
347 977 403 1027 ὥς
432 973 576 1031 οἶμαι,
608 979 735 1019 τοῦτο
765 976 876 1019 εἴποι
907 995 971 1027 τις
998 979 1202 1031 λογισμοῦ
1234 975 1378 1031 κύριος
1406 973 1478 1022 ὤν.
1508 981 1598 1028 πῶς

134 1043 239 1100 γάρ,
269 1041 353 1098 εἴγε
377 1045 450 1085 καί
464 1043 701 1097 ἆναθέματι
727 1043 824 1093 τοὺς
855 1041 965 1086 οὕτω
1000 1043 1264 1099 φρονοῦντας
1294 1043 1316 1098 ἦ
1347 1045 1599 1101 ὃιαληφθεῖ-

135 1127 192 1153 σα
226 1108 542 1164 καθυποβάλλει
569 1109 670 1165 ἁγία
696 1108 885 1160 σύνοδος,
941 1105 1079 1159 ἄλλως
1103 1125 1148 1151 τε
1188 1111 1227 1151 εἰ
1254 1109 1507 1165 πρόσκαιρον
1538 1108 1597 1154 εἶ-

78 1179 125 1223 15
139 1193 210 1219 ναι
252 1174 334 1232 πρὸ
378 1177 453 1231 τῆς
480 1179 764 1232 παραβάσεως
800 1172 901 1235 ᾤετο
941 1175 1013 1219 τὸν
1055 1175 1213 1229 Ἀδάμ,
1250 1179 1339 1225 πῶς
1369 1175 1499 1219 αὐτὸν
1527 1180 1600 1221 ἐπὶ

137 1244 275 1298 κέρδει
303 1245 448 1296 λαβεῖν
477 1241 592 1298 ἔλεγε
619 1243 692 1285 τὸν
713 1244 897 1286 θάνατον
922 1240 1121 1297 ὕστερονς
1150 1244 1218 1284 ἵνα
1246 1242 1323 1298 γὰρ
1355 1243 1412 1300 μὴ
1441 1241 1486 1286 τὸ
1523 1262 1595 1286 κα-
1610 1255 1701 1301 V.75

138 1308 213 1352 κὸν
241 1306 459 1351 ἀθάνατον
487 1304 538 1366 ᾗ,
570 1308 640 1351 διὰ
670 1310 787 1352 τοῦτο’
820 1326 925 1366 φησι
962 1309 1134 1367 θανάτῳ
1163 1307 1237 1351 τὸν
1262 1309 1398 1363 Ἀδάμ
1429 1327 1598 1364 συγχω-

143 1377 331 1430 ρηθῆναι
357 1381 514 1420 πεσεῖν.
572 1372 680 1417 ἀλλὰ
711 1374 931 1417 κάνταῦθα
960 1376 1183 1431 προσέχειν
1214 1371 1341 1427 ἄξιον.
1400 1380 1638 1433 φαιίἐταιΟ

138 1439 218 1496 γάρ
250 1439 318 1483 ὅτι
354 1441 434 1497 πρὸ
485 1444 560 1497 τῆς
602 1443 812 1498 ἁμαρτίας
857 1442 877 1485 ὁ
909 1438 1131 1496 ἄνθρωπος
1160 1441 1368 1491 ἀθάνατος
1395 1438 1471 1497 ἦν,
1507 1446 1600 1485 ἐπεὶ

74 1525 128 1552 20
141 1509 230 1557 πῶς
273 1505 485 1550 ἀθάνατον
525 1507 672 1562 ἒζιιελλε
698 1515 841 1562 μεῖναι
880 1509 925 1551 τὸ
959 1510 1107 1562 κακόν,
1152 1512 1192 1551 εἰ
1217 1510 1276 1562 μή
1308 1526 1351 1563 γε
1392 1512 1464 1550 καί
1492 1509 1597 1562 μετὰ

139 1573 214 1629 τήν
241 1571 406 1630 ἀπάτην
447 1574 470 1616 ὁ
507 1571 730 1631 ἅνθρωπος
779 1576 995 1632 ἀθανασίᾳ
1025 1577 1160 1630 συζῆν
1187 1574 1358 1629 spedas,
1401 1577 1513 1617 καθὰ
1545 1575 1596 1630 δή

141 1643 214 1683 καί
239 1639 283 1683 τό
318 1642 544 1696 πρότερον,·
574 1641 892 1698 συγκεχώρηται
935 1641 1078 1684 λοιπὸν
1108 1640 1128 1684 ὃ
1158 1641 1396 1696 ἀθάνατος,
1427 1643 1484 1693 ὠς
1518 1639 1597 1698 ἤδη

141 1841 339 1877 adficitur.”
365 1853 459 1888 quae
494 1852 578 1875 sane
613 1840 720 1874 verba
760 1840 978 1875 considerari
1007 1845 1146 1874 attente
1172 1840 1288 1885 cupio.
1314 1851 1396 1872 nam
1423 1839 1452 1872 si
1479 1851 1596 1882 mors,

141 1891 195 1925 uti
219 1897 343 1924 noster
379 1889 438 1923 hic
469 1889 657 1933 theologus
695 1889 880 1933 loquitur,
917 1888 1099 1921 hominem
1123 1887 1207 1921 dolo
1238 1887 1514 1931 circumscripsit
1541 1893 1597 1921 at-

141 1949 212 1984 que
237 1937 431 1983 surripuit,
469 1938 616 1970 omnino
655 1941 757 1981 patet
789 1936 1006 1968 existimasse
1044 1934 1202 1968 divinum
1238 1933 1334 1966 hunc
1362 1934 1475 1967 virum
1511 1941 1595 1968 aute

141 1985 306 2019 fraudem
342 1985 442 2018 illam
483 1984 642 2029 corporis
681 1984 789 2016 etiam
826 1984 966 2015 ratione
1004 1981 1187 2015 hominem
1212 1981 1447 2014 immortalem
1474 1982 1596 2015 fuisse.

141 2033 271 2079 quodsi
297 2032 434 2073 demus,
463 2043 535 2077 quo
562 2031 707 2065 tandem
735 2036 839 2075 pacto
868 2030 961 2063 dixit
985 2035 1049 2071 „ut
1074 2030 1240 2074 patiatur,
1268 2034 1304 2062 et
1328 2030 1469 2074 patiens
1498 2040 1596 2062 com-

140 2081 324 2121 monemur,
347 2085 566 2125 propterque
594 2078 879 2123 magnitudinem
905 2083 1109 2121 arroganter
1136 2076 1204 2110 sibi
1229 2077 1374 2121 placens
1401 2077 1597 2121 castigetur

142 2140 184 2162 ac
211 2128 396 2162 erudiatur
409 2127 445 2161 ?''
476 2127 613 2173 quippe
639 2125 737 2171 quod
762 2131 815 2158 est
840 2125 1057 2166 immortale,
1085 2135 1314 2169 nequaquam
1337 2125 1386 2157 sic
1413 2135 1596 2169 compara-

142 2181 219 2210 tum
245 2181 299 2209 est
337 2181 378 2209 ut
403 2175 480 2207 ullo
517 2174 625 2207 modo
663 2174 738 2219 pati
771 2173 893 2218 possit.
922 2172 1013 2217 quid
1046 2171 1168 2205 multis
1194 2171 1314 2204 verbis
1340 2182 1429 2216 opus
1458 2171 1538 2205 est?
1565 2172 1596 2204 si

141 2222 372 2269 passionibus
399 2221 509 2255 homo
535 2222 606 2255 fuit
633 2227 716 2254 ante
743 2226 928 2266 peccatum
953 2219 1142 2260 obnoxius,
1170 2219 1277 2252 etium
1305 2219 1507 2252 necessario
1537 2230 1596 2252 se·-

143 2271 266 2316 quitur
289 2282 370 2303 eum
400 2269 509 2303 fuisse
534 2269 668 2302 fluxum
704 2273 740 2301 et
766 2267 960 2309 caducum3
1000 2267 1027 2299 si
1051 2266 1166 2299 fluxus
1192 2271 1286 2308 erat,
1313 2267 1501 2311 perspicue
1530 2278 1596 2311 pa-

143 2323 198 2351 tet
218 2318 405 2351 mortalem
430 2328 575 2362 quoque
602 2317 734 2358 fuisse3
773 2316 802 2348 si
829 2321 903 2347 erat
926 2315 1085 2347 mortalis
1112 2314 1155 2347 ab
1180 2314 1308 2355 initio,
1332 2319 1444 2347 restat
1467 2314 1597 2346 interi-

143 2370 220 2398 tum
243 2371 351 2410 atque
386 2370 537 2398 mortem
575 2375 620 2397 ex
653 2362 902 2396 inobedientia
942 2373 1014 2394 non
1048 2373 1123 2394 esse
1159 2367 1286 2397 ortam.
1323 2361 1361 2394 id
1382 2372 1490 2401 vero,
1517 2372 1595 2393 mea

143 2412 288 2457 quidem
312 2413 504 2457 opinione,
528 2422 633 2444 nemo
659 2411 805 2444 rationis
831 2421 976 2453 compos
1001 2408 1153 2450 dixerit,
1183 2408 1328 2454 quando
1357 2409 1408 2441 sic
1432 2409 1595 2441 sentien-

142 2464 197 2492 tes
219 2459 376 2493 indicata
404 2458 561 2503 synodus
588 2458 823 2491 exsecrationi
860 2456 1015 2490 subiicit.
1043 2455 1174 2501 quodsi
1199 2456 1392 2500 Gregorius
1420 2455 1594 2488 Adamum

145 2512 228 2539 ante
263 2507 579 2552 transgressionem
616 2506 769 2551 putabat
794 2503 962 2549 caducum
991 2503 1118 2544 fuisse,
1142 2504 1204 2548 qui
1231 2504 1272 2536 fit
1294 2509 1335 2536 ut
1364 2503 1398 2535 ei
1424 2501 1593 2547 deinceps

145 2559 295 2587 mortem
319 2555 411 2587 lucri
437 2554 622 2587 cuiusdam
647 2556 759 2586 instar
783 2551 971 2584 accessisse
994 2550 1114 2584 dicat?
1139 2552 1188 2584 sic
1213 2551 1307 2583 enim
1336 2550 1520 2594 loquitur:
1546 2561 1593 2583 ne

145 2600 276 2634 malum
310 2607 522 2646 perpetuum
555 2602 647 2634 foret
665 2626 673 2641 ,
707 2599 843 2634 Adamo
870 2597 957 2631 deus
999 2599 1173 2632 concessit
1194 2604 1234 2631 ut
1262 2609 1325 2642 per·
1351 2601 1502 2630 mortem
1530 2609 1594 2630 ex-

147 2648 379 2692 tingueretur.
420 2660 511 2694 quae
539 2649 616 2693 ipsa
652 2658 796 2692 quoque
824 2645 931 2678 verba
960 2645 1177 2679 considerari
1203 2645 1375 2678 attentius
1399 2651 1592 2678 merentur.

146 2706 228 2729 nam
257 2706 300 2727 ex
326 2696 376 2728 eis
400 2702 546 2740 apparet
575 2696 686 2728 fuisse
724 2694 907 2727 hominem
937 2698 1020 2726 aute
1044 2699 1228 2738 peccatum
1253 2691 1501 2725 immortalem.
1528 2692 1592 2737 qui

150 2741 244 2776 enim
264 2742 396 2777 malum
420 2749 632 2788 perpetuum
656 2743 815 2776 futurum
842 2745 929 2781 erat,
953 2741 985 2774 si
1010 2739 1116 2774 homo
1136 2746 1219 2785 post
1239 2739 1490 2787 deceptionem
1518 2751 1591 2773 non
