1826 3120
271 150 391 223 398
721 162 1007 205 MmuAms
1051 161 1266 203 omna-2

241 268 359 323 Βγάρ
390 268 585 310 §ruf-an
622 264 678 313 ὥς
721 263 796 304 οὐκ
822 264 932 308 ἔστιν
961 263 1096 306 αὐτοῦ
1136 264 1292 316 μείζων
1320 262 1498 315 ov’d'u'cgs
1529 261 1602 304 καὶ
1620 263 1726 318 περὶ

277 337 356 388 μὲν
384 330 539 374 τούτων
569 328 711 380 οὕτως.
915 335 919 342 ‘
1705 367 1710 377 ,Δ

379 399 427 441 Ὁ
455 400 500 439 δὲ
529 395 674 450 κύριος
703 396 822 450 ἡμῶν
869 398 1031 452 Ἰησοῦς
1058 394 1247 451 Χριστὸς
1272 392 1379 448 μετά
1409 394 1456 436 τό
1486 396 1722 449 βαπτισθῆ-

275 483 346 509 ναι
374 463 446 507 καί
480 466 555 506 τοῦ
598 467 957 518 θαυματουργεῖν,
1005 463 1061 512 ὡς
1103 462 1372 518 προείρηται,
1402 460 1474 504 καὶ
1499 460 1722 521 τοῇριρά·

274 548 388 574 σκειν
437 528 702 584 α’πάρχεται,
750 531 820 585 ἐφ’
861 522 895 586 ᾧ
937 531 1008 571 καί
1045 528 1148 570 λαὸν
1189 527 1266 569 οὐκ
1306 526 1448 582 ὀλίγον
1485 528 1759 584 ε’φέλιςεηαι.5

274 598 407 654 ταύτῃ
436 613 497 638 τοι
534 598 606 638 καί
634 598 867 652 φθονοῦσιν
892 597 1008 651 αὐτῷ
1045 593 1084 637 οἱ
1118 595 1330 648 ἀρχιερεῖς
1359 593 1433 636 καί
1456 592 1721 648 οἱ-γραμμᾳ,

272 670 355 712 τεῖς
373 681 384 690 ·
459 660 560 704 ὅθεν
587 659 738 717 ὕβρεσι
770 659 973 703 πλύνουσι
1002 663 1077 703 καί
1101 659 1277 715 ,ιιώμους
1314 660 1426 718 αὐτῷ
1453 661 1722 717 noemma&

270 733 419 783 βουσι,
460 729 724 784 Σαμαρείτην
765 728 1073 776 ἀποκαλοῦντες
1110 729 1184 768 καί
1227 729 1488 780 ὃαιμονῶντα
1516 726 1652 782 φάγον
1678 741 1723 774 τε

269 795 347 838 καί
372 794 588 850 οἰνοπότην
616 795 758 837 αὐτόν.
817 792 922 836 ἄλλα
953 795 1024 835 καί
1055 796 1192 843 λίθοις
1219 791 1436 847 βάλλουσι,
1464 792 1535 835 καί
1563 794 1722 846 μᾶλλον

273 862 396 916 ἡνίκα
436 859 720 916 τετραήμερον
760 855 900 915 ἤγειρε
928 859 1000 902 τὸν
1033 861 1238 914 Λάζαρον
1267 862 1310 901 ἐκ
1339 861 1506 914 νεκρῶν.
1582 859 1787 906 οὕκέτιιο

237 927 421 972 Ολοιπὸν
451 930 664 984 παρρησίᾳ
698 927 939 982 περιεπάτει
964 928 1009 968 ἐν
1026 933 1111 976 τοῖς
1136 927 1378 978 Ἰουὸαιοις,
1415 925 1509 967 ἀλλ’
1534 926 1723 980 ἀπῆλθεν

277 997 337 1043 εἰς
363 993 441 1049 τήν
473 991 621 1048 χώραν
652 992 774 1048 ἐγγυς
816 995 890 1047 τῆς
919 991 1077 1046 ἐρήμου
1107 994 1166 1041 εἰς
1188 993 1370 1048 Ἐφραὶμ
1397 993 1619 1046 λεγομένην
1644 989 1722 1037 πό,-

138 1068 181 1102 V.
202 1072 263 1105 166
276 1065 365 1113 λιν,
412 1061 532 1102 κάκεῖ
562 1060 741 1114 διέτριβε
782 1058 891 1112 μετὰ
922 1062 1005 1100 τῶν
1031 1060 1235 1112 μαθητῶν
1263 1058 1414 1111 αὐτοῦ,
1443 1053 1498 1107 ὥς
1522 1055 1722 1113 Ἰωάννης

275 1128 396 1183 φησί.
464 1128 561 1178 μεθ’
607 1125 768 1180 ἡμέρας
807 1127 853 1166 δέ
896 1140 1010 1173 τινας
1067 1122 1226 1165 ἐκεῖθεν
1266 1121 1456 1177 ἔρχεται,
1485 1121 1578 1166 -καί
1611 1121 1718 1176 μετὰ

271 1193 407 1247 βαΐων
444 1194 789 1247 προσυπαντεῦσιν
831 1191 945 1248 αὐτῷ
985 1191 1062 1231 τοῦ
1105 1188 1208 1231 κατὰ
1249 1189 1321 1232 τὸν
1362 1188 1566 1244 Λάζαρον
1599 1191 1719 1240 ἕνεκα
1736 1193 1787 1238 '15

272 1260 507 1312 θαύματος.
563 1259 608 1300 ἑν
638 1259 685 1298 δὲ
713 1273 759 1310 γε
786 1259 833 1314 τῇ
860 1255 1017 1314 μεγάλῃ
1055 1256 1218 1310 τετράδι
1250 1255 1365 1310 παρὰ
1393 1256 1555 1309 Σίμωνι
1579 1253 1722 1303 Zona?

270 1342 341 1367 ται
369 1326 425 1382 τῷ
467 1323 596 1378 πατρί
638 1325 715 1365 τοῦ
752 1320 987 1376 Λαζάρου,
1028 1319 1074 1364 ὂν
1114 1322 1242 1371 αὐτὸς
1270 1325 1342 1376 τῆς
1370 1325 1524 1377 λέπρας
1551 1321 1720 1365 ἰάσατο.

270 1391 360 1434 τότε
392 1389 440 1445 δὴ
478 1388 566 1432 τότε
605 1389 631 1445 ἦ
661 1388 763 1444 γυνή
799 1389 931 1444 πόρνη
961 1390 1010 1445 τῇ
1038 1391 1201 1445 κεφαλῇ
1242 1389 1373 1430 αὐτοῦ
1400 1387 1533 1444 μύρον
1562 1389 1723 1442 ἑπιχὲει

273 1455 512 1509 πολύτιμον.
579 1451 660 1510 ὅρα
695 1458 741 1497 δὲ
781 1457 987 1508 νουνεχῶς
1024 1451 1090 1496 ὅτι
1123 1455 1167 1496 αἱ
1205 1462 1395 1508 γυναῖκες
1437 1452 1483 1496 αἱ
1521 1452 1565 1496 τὸ
1584 1450 1721 1508 μύρον

275 1522 506 1576 ἀλείψασαι
549 1521 623 1564 τόν
657 1520 800 1576 κύριον
844 1528 953 1576 τρεῖς
981 1519 1026 1563 αἱ
1069 1523 1202 1563 πᾶσαι
1232 1523 1351 1563 εἰσίν.
1410 1515 1515 1575 ἄλλη
1539 1522 1619 1574 μὲν
1640 1519 1718 1575 γάρ
1733 1536 1786 1565 20

230 1591 387 1632 Βὲστιν
415 1588 441 1644 ἦ
484 1587 601 1645 παρὰ
631 1590 689 1645 τῷ
722 1586 926 1648 Ἰωάννῃ·
993 1586 1115 1641 τιμία
1157 1589 1204 1630 δὲ
1237 1584 1368 1642 αὕτη,
1404 1588 1477 1629 καί
1500 1584 1719 1644 ἧάὸελφὴ

277 1761 414 1794 hannes
441 1759 504 1792 ille
530 1758 799 1801 Chrysostomus
826 1758 887 1791 ait.
915 1758 1050 1803 quippe
1075 1757 1104 1790 si
1128 1768 1193 1802 pro
1219 1755 1355 1790 laboris
1381 1757 1436 1790 sui
1464 1756 1604 1790 ratione
1626 1763 1721 1789 mer-

276 1820 334 1842 ces
361 1808 467 1840 etiam
494 1807 690 1850 unicuique
716 1806 915 1845 tribuetur,
943 1811 980 1838 et
1005 1806 1034 1838 si
1059 1804 1181 1838 nullus
1207 1804 1351 1837 illorum
1376 1804 1458 1849 plus
1483 1804 1593 1836 Paulo
1617 1803 1720 1837 labo-

277 1855 380 1896 ravit,
408 1854 513 1900 quid,
544 1853 709 1893 obsecro,
735 1852 952 1885 dicendum?
978 1853 1204 1897 perspicuum
1232 1851 1318 1884 hine
1340 1851 1502 1897 profecto
1527 1856 1583 1884 est
1604 1851 1721 1884 nemi—

276 1914 359 1936 nem
386 1913 428 1934 eo
453 1901 621 1933 maiorem
647 1910 733 1932 esse.
769 1899 813 1932 de
839 1899 894 1932 his
919 1899 1105 1932 hactenus.

369 1949 543 1982 Dominus
581 1952 700 1979 autem
744 1952 868 1980 noster
896 1948 995 1979 Iesus
1035 1945 1196 1980 Christus
1234 1949 1467 1990 posteaquam
1498 1942 1719 1990 baptissatus

278 2001 389 2037 esset,
416 2002 493 2029 tum
516 1994 687 2027 miracula
710 1993 885 2039 quaedam
912 1993 1018 2026 edere
1034 2020 1042 2034 ,
1078 2004 1142 2026 ceu
1165 1993 1263 2038 prius
1288 1991 1554 2032 iudicabamus,
1578 1992 1718 2037 coepit,

275 2049 353 2077 tum
379 2041 532 2076 docendi
558 2041 644 2074 fecit
683 2041 838 2074 initium.
865 2052 937 2086 quo
973 2040 1106 2073 factum
1143 2045 1184 2072 ut
1206 2039 1379 2085 populum
1415 2038 1461 2071 ad
1487 2049 1524 2071 se
1548 2050 1621 2072 non
1642 2039 1721 2072 exi-

277 2102 383 2135 guum
412 2087 658 2135 pertraheret,
681 2099 787 2133 quam
812 2099 884 2121 rem
917 2088 1127 2133 pontificum
1155 2092 1191 2119 et
1214 2085 1408 2119 scribarum
1435 2085 1572 2118 invidia
1596 2091 1720 2129 secuta

279 2143 344 2171 est.
372 2136 458 2170 hinc
483 2136 694 2168 iniuriarum
735 2134 984 2180 adspersiones
1022 2140 1059 2168 et
1096 2133 1414 2179 reprehensionum
1441 2133 1717 2177 usurpationes,

278 2184 410 2229 quibus
449 2194 529 2216 eum
577 2181 823 2227 exagitabant,
857 2182 1115 2215 Samaritanum
1152 2180 1376 2226 appellantes
1412 2185 1449 2213 et
1483 2180 1588 2224 genio
1621 2180 1716 2214 malo

278 2231 540 2271 obnoxiumlet
563 2229 795 2262 comedonem
824 2234 860 2262 et
896 2229 1145 2262 temulentum.
1174 2228 1371 2272 quinetiam
1396 2226 1578 2271 lapidibus
1600 2226 1717 2272 ipsum

276 2277 471 2324 petebant,
496 2288 535 2308 ac
569 2282 646 2309 tum
670 2277 880 2321 praesertim
915 2287 995 2308 cum
1024 2276 1192 2310 Lazarum
1224 2279 1302 2307 toto
1325 2273 1446 2307 triduo
1470 2279 1650 2306 mortuum
1679 2274 1719 2308 in

278 2326 386 2359 vitam
412 2329 621 2357 revocasset.
647 2334 757 2368 quare
782 2334 856 2356 non
884 2323 954 2356 iam
976 2323 1125 2367 amplius
1149 2321 1318 2354 audacter
1339 2321 1434 2354 inter
1460 2320 1612 2354 Iudaeos
1635 2330 1722 2354 ver-'

280 2372 444 2411 sabatur,
472 2370 534 2403 sed
559 2371 597 2403 in
621 2371 772 2403 vicinam
789 2370 979 2403 solitudini
999 2370 1196 2414 regionem,
1220 2368 1284 2401 ubi
1312 2367 1483 2413 oppidum
1511 2373 1587 2401 erat
1610 2379 1718 2413 quam

278 2419 513 2463 Ephraemam
539 2416 727 2458 dicebant,
755 2417 964 2458 secedebat,
989 2417 1114 2462 ibique
1143 2427 1220 2448 cum
1249 2415 1432 2460 discipulis
1458 2415 1530 2448 suis
1552 2415 1718 2459 aliquan-

279 2466 365 2507 diu,
391 2477 455 2498 ceu
479 2463 656 2496 Iohannes
685 2465 739 2508 (11
772 2465 830 2509 54)
852 2465 1047 2497 memoriae
1068 2462 1253 2508 prodidit,
1279 2461 1441 2506 degebat.
1466 2467 1548 2506 post
1575 2462 1716 2507 aliquot

279 2513 357 2546 dies
385 2511 579 2546 revertenti
612 2512 809 2555 palmarum
843 2523 922 2544 cum
948 2511 1054 2543 ramis
1083 2514 1294 2550 occurrunt,
1326 2510 1402 2542 eius
1427 2509 1589 2542 miraculi
1611 2519 1716 2542 causa

279 2559 378 2605 quod
409 2560 447 2592 in
482 2558 723 2591 resuscitando
761 2559 890 2592 Lazaro
928 2557 1098 2590 ediderat.
1124 2556 1209 2589 inde
1234 2567 1360 2600 magna
1383 2556 1447 2588 illa
1473 2561 1599 2601 quarta
1625 2556 1715 2592 feria

278 2606 376 2651 apud
420 2607 598 2639 Simonem
634 2605 754 2637 Lazari
795 2611 955 2650 patrem,
1001 2605 1100 2637 cuius
1136 2605 1271 2648 lepram
1309 2609 1509 2643 sanaverat,
1549 2603 1714 2636 convivio

280 2654 477 2697 exeipitur3
514 2663 585 2697 quo
622 2652 659 2684 in
686 2653 847 2685 convivio
885 2651 1014 2685 mulier
1038 2651 1211 2696 quaedam
1227 2677 1236 2690 ,
1261 2661 1351 2695 quae
1375 2660 1521 2694 corpore
1551 2659 1615 2682 suo
1638 2660 1715 2682 me-

279 2701 431 2738 ruisset,
468 2704 648 2742 unguento
687 2699 828 2731 maximi
863 2699 969 2743 pretii
1012 2704 1117 2743 caput
1157 2699 1231 2730 eius
1270 2696 1465 2741 perfundit.
1497 2702 1606 2741 atque
1634 2695 1714 2729 heic

278 2745 474 2792 prudenter
499 2746 676 2782 advertito
701 2745 800 2790 quod
822 2746 990 2780 mulieres
1020 2757 1111 2791 quae
1136 2745 1312 2778 Christum
1337 2749 1517 2788 unguento
1543 2743 1714 2791 perfude-
