1826 3120
606 101 890 142 ANNALIUM
930 101 1065 144 PARS
1102 104 1133 143 1.
1519 107 1579 162 71

151 195 296 255 ὄρθιον
331 198 504 256 ἔρχεται
549 203 694 257 σχῆμα
734 203 809 258 τῆς
834 205 1069 260 συναφείας
1107 199 1194 246 οἷον
1235 204 1589 259 ὲναπολαύσασα,

148 262 273 308 ποίαν
304 260 432 320 ἇκοὴν
459 265 536 307 ούκ
564 267 790 324 ἐμπίπλησι
819 269 1039 322 θαύματος
1056 286 1070 322 ;
1117 263 1438 313 ἄτοποντοίνυν
1468 271 1591 313 οὐδὲν

149 333 223 374 καί
245 330 292 375 τό
324 330 400 387 τὴν
428 329 584 389 νάρκην
613 340 747 376 ποιεῖν
777 340 862 383 τοῖς
889 333 1123 390 θηρεύουσι
1151 334 1299 386 πάθος.
1602 342 1627 374 Β

259 399 354 441 Καὶ
382 397 452 440 διὰ
486 401 533 441 τί
555 398 594 442 οἷ
623 401 702 454 μὲν
729 395 844 442 ἄλλοι
874 398 1024 454 ἰχθύες
1052 403 1151 456 περί
1174 402 1246 445 τὸν
1276 401 1442 446 Πόντον
1470 403 1590 458 ἑνδη-
1602 412 1642 447 V.
1659 423 1704 455 29

110 465 321 518 5μοῦσιν,
359 464 382 507 ὅ
431 466 479 508 δὲ
521 466 733 516 πολύπους
774 464 847 508 τὸν
881 465 1044 522 βόρειον
1080 469 1387 526 ἀποστρέφεται
1413 469 1590 523 κόλπονς

148 531 251 572 διότι
296 530 346 573 τιὶ
374 532 454 585 μὲν
497 533 577 573 τῶν
609 530 773 586 ἰχθύων
807 531 974 586 ψύξεως
1018 535 1175 587 δεῖται,
1222 533 1301 578 ὅσα
1329 551 1408 577 που
1436 534 1510 577 καί
1536 533 1589 578 τὰ

146 596 302 651 πότιμα
326 595 595 640 ἐπιδιώκουσι
623 598 810 652 νάματα,
845 598 896 640 τὰ
926 601 971 640 δὲ
1001 599 1255 656 θερμότητος
1284 603 1362 658 ἐρᾷ
1389 600 1592 656 καὶπρὸς

144 661 221 717 τὴν
243 662 465 706 θάλασσαν
493 659 801 720 ἀναστρέφεται
821 679 832 690 ·
896 667 1134 721 θερμοτέρα
1162 666 1240 721 γάρ
1273 665 1380 723 αὕτη
1408 669 1490 710 τῶν
1516 663 1591 708 ἄλ-

143 732 228 770 λων
256 726 426 771 ὑδάτων
454 730 722 785 καθέστηκεν.
794 729 814 773 ὃ
839 732 938 784 γοῦν
968 729 1182 781 πολύπους
1208 735 1260 790 τῇ
1287 737 1480 791 Ποντικῇ
1507 737 1590 776 θα-

86 795 276 851 ιολιὶσσῃ
305 792 612 848 ἀπεχθάνεται·
668 794 936 852 ψυχρότερον
961 795 1040 853 γάρ
1071 797 1117 839 τὸ
1148 799 1491 856 βόρειονπέφυκε
1518 801 1590 842 πέ-

142 863 276 914 λαγος.
350 859 454 903 ἄλλα
501 863 574 903 καί
618 863 693 917 τῆς
735 864 880 918 λοιπῆς
927 862 1147 920 θαλάσσης
1175 863 1447 921 γλυκύτερον·
1503 864 1586 908 ύπὸ

142 927 303 968 πολλῶν
341 925 419 982 γὰρ
462 926 536 968 καί
573 926 765 982 μεγάλων
793 932 989 982 ποταμῶν
1021 932 1266 987 ἐπιρρεῖται.
1322 932 1490 973 ἐναντία
1541 933 1589 974 δὲ

140 992 200 1049 τῷ
226 993 431 1034 πολύποδι
478 994 525 1035 τό
554 1010 599 1036 τε
646 995 817 1051 ψυχρὸν
863 998 936 1038 καί
964 995 1010 1038 τὸ
1037 996 1184 1051 γλυκύ.
1241 996 1384 1039 ἱκανὸν
1414 999 1460 1039 δὲ
1501 999 1626 1054 ἐριόο

139 1072 208 1098 σοι
250 1056 298 1100 τί
332 1058 434 1115 πρὸς
462 1058 688 1112 ἀπόδειξιν.
753 1064 883 1119 πέτρᾳ
909 1064 1166 1116 συμπλακείς
1196 1062 1219 1104 ὅ
1242 1062 1452 1112 πολύπους
1485 1065 1588 1106 δυσ·-

80 1125 127 1167 15
142 1123 415 1174 αποσπᾶστως
449 1124 617 1180 ἔχεται·
692 1127 756 1169 διὸ
805 1126 936 1182 γλυκύ
980 1126 1095 1184 ὕδωρ
1127 1130 1344 1183 ἑπιχέουσι
1372 1132 1424 1187 τῇ
1456 1131 1588 1187 πέτρα

137 1187 307 1246 οῖ’πρὸς
331 1186 464 1246 ἄγραν
494 1194 643 1247 δεινοί,
671 1196 742 1236 καί
770 1193 806 1235 οἱ
832 1196 910 1246 μὲν
938 1193 1083 1248 ἔχουσι
1110 1194 1153 1237 τὸ
1176 1196 1428 1251 ζητούμενον
1450 1195 1586 1252 θήρα-

136 1273 224 1309 μα,
276 1255 297 1297 ὃ
326 1258 370 1299 δὲ
398 1259 470 1312 τῆς
509 1256 664 1300 ἑαυτοῦ
695 1262 768 1302 καί
806 1255 915 1301 ἄκων
951 1261 1214 1309 ἐξανίσταται
1246 1259 1427 1318 φύσεως.
1458 1260 1480 1303 ὅ
1511 1278 1586 1304 πο-

136 1319 295 1372 λύπους
337 1315 457 1373 οὗτος
491 1327 652 1379 λέγεται
688 1327 766 1379 μὲν
795 1323 916 1381 ἡνίκα
944 1329 1153 1382 πεινάσει,
1193 1325 1405 1381 πλόκαμον
1433 1325 1587 1370 ἑαυτοῦ

134 1389 321 1440 ἐσθίειν,
352 1390 496 1446 ἕτερον
525 1393 571 1432 δὲ
602 1390 821 1448 ἀναφύειν.
1551 1384 1554 1387 .

72 1475 122 1500 20
243 1455 429 1497 Γίνωσκε
466 1458 512 1498 δὲ
541 1460 614 1499 καί
638 1460 788 1510 τοῦτο,
835 1453 900 1498 ὅτι
925 1461 1115 1509 τευθΐὸες
1141 1463 1220 1514 μὲν
1249 1462 1323 1502 καί
1349 1458 1581 1508 πολύποδες

133 1518 280 1575 ἔχουσι
307 1519 507 1576 θόλωσιν,
531 1522 638 1565 α’λλὰ
667 1527 767 1565 καθ’
796 1521 824 1565 δι’
855 1539 985 1579 φησιν
1011 1525 1296 1582 Ἀριστοτέλης
1317 1528 1388 1569 ἐπὶ
1415 1527 1468 1583 τῇ
1497 1523 1580 1578 μύ-

133 1588 218 1630 τιδι
235 1619 247 1640 ,
275 1594 435 1643 σηπυΐα
469 1590 514 1631 δὲ
555 1589 658 1632 κατὰ
684 1589 759 1646 τήν
786 1591 969 1644 κοιλίαν,
1007 1592 1110 1635 ἀλλὰ
1140 1595 1214 1635 καί
1238 1594 1423 1639 πλείονα,
1479 1592 1577 1633 οὐδὲ

132 1781 266 1821 ῑοωὶιιει
302 1781 418 1826 spatio
451 1780 607 1826 quodam
645 1781 716 1813 loci
759 1781 936 1815 disiuncta
970 1781 1208 1816 nihilominus
1235 1794 1351 1815 ramos
1376 1793 1458 1815 suos
1484 1784 1574 1816 mari

131 1829 347 1869 summittat,
376 1827 584 1872 deindeque
612 1838 750 1860 rursum
776 1834 905 1862 rectam
932 1829 977 1861 ad
1002 1830 1152 1862 formam
1178 1829 1302 1862 redeat
1329 1830 1433 1874 quasi
1458 1831 1575 1874 potita

130 1877 247 1910 fructu
268 1875 554 1916 coniunctionis,
580 1875 681 1907 cuius
711 1886 812 1908 aures
841 1875 1079 1909 admiratione
1102 1888 1174 1909 non
1198 1876 1344 1921 replet?
1368 1887 1442 1909 non
1465 1877 1576 1921 igitur

129 1923 322 1957 absurdum
350 1923 458 1956 etiam
480 1922 707 1966 torpedinem
736 1923 931 1967 piscatores
957 1922 1113 1956 laedere.

221 1971 295 2018 Qui
326 1975 513 2016 praeterea
538 1970 579 2002 fit
592 1975 633 2002 ut
657 1969 718 2001 alii
744 1969 892 2014 quidem
918 1970 1033 2014 pisces
1059 1970 1098 2003 in
1121 1970 1234 2003 Ponto
1264 1969 1393 2014 degere
1419 1981 1573 2003 consue-

127 2020 246 2053 verint
268 2017 500 2063 aliquandiu,
524 2017 678 2062 polypus
705 2022 823 2049 autem
847 2017 963 2049 sinum
987 2017 1092 2050 illum
1118 2017 1362 2062 aquilonalem
1389 2017 1571 2061 refugiat?

127 2066 226 2112 quod
238 2066 352 2112 pisces
364 2064 533 2099 nonnulli
547 2064 816 2108 refrigeratione
827 2063 1024 2108 indigeant,
1040 2070 1222 2110 quotquot
1237 2065 1376 2098 scilicet
1390 2064 1570 2109 potabiles

127 2126 238 2160 aquas
261 2118 410 2158 petunt,
438 2112 607 2145 nonnulli
636 2112 787 2144 calorem
813 2116 983 2156 expetant
1007 2117 1043 2145 et
1066 2111 1112 2144 ad
1135 2123 1230 2144 mare
1256 2112 1473 2156 confugiant.
1501 2110 1571 2144 hoc

127 2162 222 2194 enim
247 2161 396 2194 caeteris
434 2160 536 2205 aquis
561 2165 614 2192 est
640 2158 799 2191 calidius.
840 2159 963 2204 itaque
985 2159 1138 2204 polypus
1163 2160 1252 2192 mari
1275 2159 1423 2192 Pontico
1449 2158 1570 2191 infen-

127 2220 186 2242 sus
213 2214 276 2241 est.
303 2208 440 2252 quippe
465 2207 629 2251 frigidius
655 2211 708 2239 est
732 2217 826 2238 mare
854 2203 951 2239 istud
974 2207 1197 2251 aquilonare,
1224 2206 1448 2251 reliquisque
1475 2206 1570 2238 mul-

126 2261 163 2289 to
195 2254 353 2295 dulcius,
379 2254 432 2288 uti
460 2254 558 2299 quod
583 2266 603 2286 a
622 2253 744 2286 multis
770 2259 879 2297 atque
912 2254 1046 2297 magnis
1071 2253 1234 2286 amnibus
1260 2253 1484 2287 irruentibus
1512 2252 1569 2285 di-

126 2303 258 2336 luatur.
281 2302 390 2346 frigus
416 2307 535 2334 autem
564 2313 604 2334 ac
629 2300 782 2334 dulcedo
810 2311 924 2345 aquae
949 2301 1080 2346 polypo
1107 2307 1191 2334 sunt
1216 2302 1364 2345 ingrata.
1389 2300 1488 2345 quod
1513 2301 1567 2332 uti

125 2350 292 2394 probem,
318 2355 526 2393 argumento
556 2348 688 2382 idoneo
714 2349 798 2380 satis
826 2353 914 2380 utar.
940 2349 1004 2381 ubi
1029 2359 1150 2381 saxum
1181 2347 1332 2393 aliquod
1359 2348 1566 2392 complexus

126 2402 181 2430 est
205 2397 376 2442 polypuS‚
417 2397 468 2430 sic
494 2396 550 2429 illi
585 2395 758 2429 adhaeret
790 2400 830 2427 ut
868 2395 972 2428 avelli
1012 2401 1179 2441 nequeat.
1218 2396 1344 2428 iccirco
1369 2395 1565 2440 piscatores

125 2445 233 2488 periti
271 2443 413 2476 dulcem
443 2454 570 2488 aquam
607 2442 812 2476 adfundunt
847 2453 954 2484 saxo,
988 2454 1059 2488 quo
1093 2443 1187 2476 facto
1223 2442 1320 2488 quod
1347 2440 1565 2486 expetebant

127 2496 415 2536 consequuntur,
454 2497 491 2523 et
521 2491 675 2536 polypus
703 2489 761 2523 vel
796 2489 928 2522 invitus
950 2497 1112 2523 naturam
1135 2501 1232 2523 suam
1257 2489 1441 2534 relinquit.
1466 2486 1565 2520 idem

126 2538 277 2583 polypus
327 2538 488 2571 esuriens
532 2538 683 2583 capillos
734 2547 815 2570 suos
859 2535 1024 2578 devorat,
1075 2548 1227 2583 quorum
1263 2537 1343 2569 loco
1390 2535 1452 2569 alii
1497 2546 1563 2568 na-

127 2591 280 2618 scuntur.

216 2632 291 2666 Hoc
315 2633 423 2666 etiam
452 2633 541 2665 scire
568 2631 699 2671 debes,
726 2631 891 2675 loligines
928 2636 1035 2677 atque
1062 2632 1211 2677 polypos
1233 2635 1469 2664 atramentum
1498 2628 1561 2662 ha-

124 2676 222 2720 bere,
246 2690 386 2722 verum,
410 2685 451 2713 ut
464 2679 678 2714 Aristoteles
702 2679 762 2720 ait,
788 2679 824 2711 in
848 2689 953 2721 naso,
979 2690 1057 2712 cum
1082 2678 1125 2712 ad
1140 2685 1303 2715 ventrem
1325 2679 1424 2724 sepia
1447 2678 1560 2711 maio-
