1826 3120
197 122 291 161 VIII
671 120 855 163 LABBEI
896 119 1205 163 DEDICATIO.

189 229 419 275 grassatur,
446 224 510 262 Tu
538 223 757 262 constituta
786 237 885 276 pace
917 228 957 261 et
983 222 1214 276 languentes
1245 237 1292 262 ac
1318 236 1451 278 prope
1480 224 1626 264 semia-

189 290 313 328 nimes
344 289 497 328 litteras
526 289 730 340 excitasti,
761 294 802 328 et
838 288 1026 342 neglectis
1055 303 1101 328 ac
1127 288 1253 328 veluti
1279 290 1462 343 profugis
1490 290 1626 330 virtu-

189 355 295 394 tibus
322 356 534 408 'Europam
564 370 726 395 omnem
753 355 865 410 quasi
899 355 1095 409 templum
1125 354 1292 409 aliquod
1320 356 1537 408 aperuisti,
1584 357 1627 395 in

191 434 274 474 quo
305 421 443 474 quiete
472 421 659 474 deinceps
688 435 735 462 ae
765 421 923 474 placide
951 421 1199 461 colerentur.
1230 427 1271 461 et
1297 421 1465 461 habebit
1491 428 1627 462 tamen

190 485 232 524 in
262 486 330 525 illa
357 487 654 541 tranquillitate
684 486 818 526 hostes
846 501 937 526 suos
959 487 1118 541 religio,
1146 488 1276 526 minus
1301 487 1466 542 quidem
1484 488 1627 529 furen-

190 557 247 591 tes
277 552 490 602 audacter⁷
533 553 603 592 sed
633 567 717 592 non
746 554 877 593 minus
918 553 1074 593 idcirco
1104 553 1363 594 metuendos:
1396 553 1564 594 habebit
1589 560 1631 594 et

189 631 280 657 suos
310 619 478 658 societas
508 625 667 671 nostra,
700 620 767 659 cui
793 633 877 659 non
906 619 1149 660 indecorum
1175 625 1234 660 est
1263 619 1449 671 eosdem,
1482 635 1505 659 a
1533 619 1629 674 qui-

187 683 261 724 hus
289 685 454 724 ecclesia
489 690 687 735 vexatur,
737 685 1011 736 adversarios,
1057 685 1230 726 eundem
1247 716 1260 738 ,
1308 701 1332 725 a
1359 699 1441 740 quo
1472 684 1631 725 defensa

189 755 248 788 est
274 750 417 803 religio
433 781 444 803 ‚
475 751 678 792 vindicem
705 753 765 792 Te
795 766 842 791 ac
870 757 1094 806 patronum
1121 751 1311 805 experiri.
1338 766 1480 806 perge,
1506 751 1631 791 Prin-

188 829 281 868 ceps
303 817 637 870 Eminentissime‚
667 817 717 858 de
743 823 920 872 utraque
945 818 1050 858 bene
1070 818 1239 859 mereri:
1268 819 1324 858 sic
1353 818 1428 858 tibi
1458 817 1631 857 vicissim

190 886 387 936 utraque,
420 883 533 936 quod,
561 898 762 925 summum
789 884 941 934 habet,
984 884 1211 939 gratissimo
1240 885 1376 924 animo
1407 882 1632 938 rependat,

191 948 319 988 altera
356 948 595 1003 dignitatem
638 951 748 991 orbis
786 956 994 990 terrarum
1026 965 1256 1005 supremam
1272 982 1284 1002 ,
1314 951 1442 991 altera
1472 949 1632 1004 plenam

192 1014 398 1068 religionis
441 1017 673 1071 amorisque
715 1018 1001 1061 reverentiam.
1057 1017 1101 1058 hi
1129 1023 1249 1070 sunt,
1289 1017 1487 1072 Princeps
1513 1015 1632 1057 Emi..

193 1081 444 1133 nentissime,
492 1083 695 1123 societatis
733 1089 897 1125 nostrae
926 1098 1084 1135 sensus,
1116 1098 1218 1138 quos
1244 1084 1435 1138 profiteri
1462 1097 1541 1139 per
1567 1097 1634 1124 me

192 1147 337 1189 voluit.
370 1148 479 1188 inter
498 1148 599 1190 haec
619 1149 702 1190 eius
726 1155 824 1190 vota
843 1157 883 1190 et
908 1156 1116 1191 terrarum
1141 1151 1322 1191 omnium
1343 1149 1634 1205 gratulationes

191 1218 333 1271 patere
362 1213 444 1255 hoc
473 1215 548 1255 tihi
595 1216 777 1270 quamvis
806 1222 930 1257 tenue
958 1216 1200 1269 donarium,
1248 1217 1346 1257 dum
1374 1216 1533 1258 maiora
1564 1230 1634 1257 ex-

192 1275 406 1332 solvamus,
438 1281 630 1336 appendi.
661 1282 883 1322 laudabunt
905 1282 996 1333 alii,
1019 1283 1128 1334 scio,
1157 1283 1198 1322 in
1225 1282 1535 1338 quadripertitis
1553 1295 1634 1322 no-

192 1339 267 1385 stri
294 1346 453 1399 dicam,
482 1363 533 1386 an
562 1348 699 1401 potius
723 1348 824 1400 Tui,
851 1363 873 1388 e
895 1340 1032 1388 Sicilia
1069 1349 1235 1389 oriundi
1264 1349 1469 1389 Michaelis
1484 1349 1635 1404 Glycae

191 1413 424 1463 annalibus,
459 1412 655 1454 historiae
681 1429 819 1455 sacrae
857 1429 903 1454 ac
947 1416 1146 1468 profanae
1184 1415 1362 1455 mirabili
1394 1415 1635 1456 dexteritate

189 1478 382 1521 insertam
409 1479 657 1534 theologiam
673 1510 685 1532 ‚
720 1480 952 1520 divinarum
991 1481 1223 1521 litterarum
1251 1482 1635 1535 interpretationem

191 1551 232 1585 et
261 1545 462 1585 assiduum
491 1552 726 1585 sanctorum
758 1552 922 1600 patrum
953 1561 1069 1586 usum
1094 1562 1187 1587 cum
1216 1547 1440 1588 medicinae
1467 1548 1636 1588 scientia

191 1628 239 1652 ac
271 1627 412 1652 rerum
441 1613 689 1652 naturalium
718 1613 955 1667 cognitione
986 1613 1265 1665 coniunctum,
1293 1614 1530 1668 principum
1545 1615 1634 1655 Ro..

189 1693 281 1719 mae
311 1684 353 1718 et
380 1678 737 1733 Constantinopoli
766 1679 1056 1733 imperantium
1097 1680 1256 1734 sibique
1283 1681 1459 1720 invicem
1489 1679 1637 1722 ordine

190 1745 496 1787 succedentium
523 1761 546 1784 a
578 1745 680 1785 Iulio
706 1746 875 1786 Caesare
912 1745 963 1786 ad
998 1746 1125 1787 Alexii
1155 1746 1353 1786 Comneni
1385 1747 1544 1786 obitum
1572 1761 1635 1787 res

190 1812 404 1866 praeclare
436 1818 562 1866 gestas
593 1812 798 1866 ingeniose
826 1826 1035 1864 connexas,
1062 1818 1288 1865 certantem
1317 1828 1412 1852 cum
1435 1813 1635 1868 eloquen-

194 1880 250 1918 tia
279 1879 429 1934 ingenii
457 1878 717 1931 felicitatem,
765 1893 859 1919 cum
897 1894 1039 1920 rerum
1069 1880 1267 1920 varietate
1293 1879 1522 1921 incredibili
1551 1894 1635 1922 non

194 1946 481 1987 inconcinnam
522 1945 788 1996 brevitatem,
830 1945 1094 1999 digressiones
1130 1945 1306 2000 denique
1341 1945 1392 1984 ad
1418 1945 1636 1986 levandum

193 2013 357 2051 lectoris
391 2011 571 2051 taedium
602 2011 680 2054 suis
721 2017 815 2065 apte
841 2012 939 2053 locis
981 2012 1208 2053 collocatas.
1268 2025 1343 2065 ego
1372 2026 1471 2051 vero
1501 2006 1636 2066 neque

194 2079 237 2116 in
266 2078 348 2118 hoc
377 2092 510 2131 neque
550 2078 592 2115 in
630 2077 739 2128 aliis,
783 2093 887 2132 quae
931 2079 1025 2118 Tibi
1069 2094 1091 2119 a
1130 2078 1245 2119 nobis
1276 2078 1418 2118 offerri
1443 2084 1634 2132 possent,

195 2143 456 2194 muneribus,
501 2143 722 2200 quicquam
766 2159 957 2198 magnum
998 2147 1141 2199 Teque
1179 2143 1372 2198 dignum,
1422 2144 1635 2185 aestimare

193 2210 340 2259 statui,
369 2209 444 2247 nisi
469 2209 535 2251 cui
565 2210 630 2249 Tu
659 2209 850 2250 laudator
878 2218 919 2251 ct
960 2212 1214 2265 approbator
1242 2211 1463 2250 accesseris.
1520 2210 1631 2261 vale,

196 2281 237 2314 et
282 2277 323 2314 in
352 2275 500 2316 multos
531 2289 656 2314 annos
685 2276 776 2315 felix
805 2277 912 2319 vive.
970 2278 1128 2321 Dabam
1154 2277 1339 2321 Lutetiae
1377 2277 1631 2321 Parisiorum

193 2341 275 2382 kal.
305 2341 499 2380 Decemb.
529 2342 622 2380 anni
655 2340 771 2384 1659.

357 2418 610 2461 Eminentiae
629 2419 742 2458 Tuae

717 2530 1002 2572 addictissimus
1031 2533 1244 2572 szu‘rus
1275 2534 1402 2572 Limne
1452 2579 1454 2582 v

838 2598 931 2638 soc.
964 2601 1049 2639 lesu
1081 2597 1304 2654 presbyter.
