1826 3120
600 130 883 172 ANNAMUM
926 131 1061 172 PARS
1101 133 1132 174 ι,
1511 108 1585 182 93

135 232 263 286 μένην
307 228 504 284 κατάραν.
576 229 722 285 ἐπειδὴ
762 229 839 284 γὰρ
885 231 1078 286 προεῖδεν
1118 245 1138 270 ο
1183 227 1281 277 θεὸς
1325 224 1399 269 Su·
1417 226 1487 269 διά
1516 228 1589 268 τοῦ

136 293 277 354 ὄφεως
317 295 636 351 ἇπατηθήσεται
677 293 697 336 ὁ
743 291 964 354 ἄνθρωπος
1003 296 1236 337 κιίντεῧθεν
1272 291 1400 342 αὐτὸς
1441 291 1462 334 ὅ
1489 286 1590 348 ὄφις

135 364 222 422 ἀρᾷ
247 364 537 413 ὗποπεσεΐται,
571 360 719 404 τούτου
738 361 868 416 χάριν
895 362 1088 416 ειῖλογίας
1121 361 1299 411 α”ξιῶσαι
1326 358 1377 402 τοὶ
1405 364 1588 414 χερσαῖα

136 431 215 472 οῦκ
245 429 458 486 ἔφθασεν,
493 429 560 470 ἵνα
603 427 661 483 μὴ
694 428 886 484 εὑρεθείη
929 426 980 469 τοὶ
1011 426 1122 470 αὐτοὶ
1151 429 1332 481 εὐλογῶν
1360 426 1432 468 καί
1459 442 1587 467 κατα-

98 495 343 553 ὁρώμενος,
375 495 432 544 ὥς
463 491 678 543 θειότατός
709 509 836 550 φησιν
869 492 1156 543 Ἀναστάσιος.
1227 494 1319 535 ἀλλ’
1347 490 1369 547 ἢ
1400 495 1478 546 μὲν
1506 493 1699 534 m3vv.33

132 562 297 618 ἰχθύων
315 562 443 619 φύσις
464 562 760 616 εὐτελεστέρας
790 562 908 602 δοκεῖ
932 563 1122 614 μετέχειν
1151 561 1260 614 ζωῆς
1287 559 1357 601 διὰ
1383 557 1427 601 τὸ
1459 560 1504 601 ἐν
1536 560 1588 616 τῇ

132 631 342 685 παχύτητι
368 631 442 671 τοῦ
469 624 621 676 ὕδατος
645 628 916 669 διαιτᾶσθαι·
944 625 1017 668 καί
1040 627 1119 682 γάρ
1153 625 1256 682 ἀκοή
1287 627 1385 681 παρ’
1416 627 1587 674 ἐκείνοις

130 699 309 751 βαρεῖα,
353 697 426 737 καί
467 692 623 750 ὁρῶσιν
665 689 830 748 ἇμβλύ,
872 695 943 735 καί
967 689 1063 734 οὔτε
1091 710 1152 741 τις
1179 693 1325 748 μνήμη
1356 695 1453 747 παρ’
1481 693 1585 733 ἐκεί·
1598 698 1634 731 Ρ.
1653 698 1698 742 49

131 778 220 813 νοις
248 757 346 804 οὔτε
373 761 586 818 φαντασία
609 756 702 802 οὔτε
733 758 944 815 συνήθους
977 759 1210 814 ἐπίγνωσις.
1267 760 1338 816 ε’πζ
1365 761 1410 801 δέ
1431 775 1476 813 γε
1501 764 1586 807 τοῖς

73 830 347 884 ιοχερσαίοις
371 829 419 869 τί
437 825 524 881 χρὴ
559 827 632 868 καί
655 830 789 880 λέγειν
803 844 818 879 ,·
849 827 898 868 αἴ
921 842 966 867 τε
992 826 1073 880 γὰρ
1107 826 1327 881 αἰσθήσεις
1355 825 1586 880 τετράνων-

130 911 226 949 ται,
262 896 336 937 καί
362 889 550 949 ἀκριβεῖς
578 895 742 947 μνῆμαι
780 896 863 935 τῶν
895 892 1189 945 παρελθόντων
1219 893 1263 934 ἐν
1290 892 1443 940 αὐτοῖς.
1499 887 1585 932 οἶδε

129 960 206 1017 τήν
231 958 398 1017 συνήθη
430 958 575 1016 φωνην
602 957 623 1001 ὅ
656 954 774 1012 ὄνος,
808 957 918 1001 οἶδεν
948 957 1047 1001 ὁδὸν
1078 958 1128 1014 ἣν
1157 960 1355 1008 πολλάκις
1387 956 1582 1011 ἐβάὸισε,

128 1031 207 1071 καί
227 1043 309 1070 που
338 1027 412 1069 καί
437 1025 585 1082 ὁδηγὸς
613 1028 740 1068 ἐνίοτε
769 1028 1057 1082 α’ποσφαλέντι
1084 1028 1141 1084 τῷ
1168 1024 1376 1083 ἀνθρώπῳ
1403 1027 1583 1079 γίνεται·

128 1094 176 1138 τὸ
204 1097 251 1138 δὲ
280 1095 476 1150 ὄξυήκοον
506 1096 584 1135 τοῦ
614 1093 722 1145 ζώου
757 1095 880 1134 οὐδὲν
909 1089 1009 1134 ἄλλο
1034 1110 1074 1135 τι
1107 1094 1270 1147 λέγεται
1296 1095 1380 1134 τῶν
1408 1094 1585 1146 χερσαί-

71 1164 189 1206 ι5ων
216 1162 346 1218 ἔχειν.
375 1161 420 1205 τὸ
455 1164 502 1203 δὲ
530 1163 614 1202 τῶν
635 1159 832 1215 καμήλων
847 1159 1100 1215 μνησίκακον
1127 1160 1200 1201 καί
1224 1158 1441 1214 βαρύμηνι
1462 1161 1583 1212 διαρ-

128 1232 196 1279 κὲς
240 1227 345 1284 πρὸς
383 1227 511 1283 ὀργήν
553 1229 641 1277 πῶς
671 1222 720 1269 ἄν
747 1243 808 1276 τις
837 1225 958 1283 εἴπῃς
988 1225 1119 1268 παλαι
1151 1228 1249 1269 ποτὲ
1279 1231 1483 1280 πληγεῖσα
1511 1226 1583 1266 κά-

127 1300 274 1351 μηλος,
306 1296 455 1353 μακρῷ
473 1295 613 1352 χρόνῳ
632 1295 946 1348 ταμιευσαμένη
971 1291 1048 1348 τήν
1074 1295 1212 1347 μῆνιν,
1243 1291 1418 1334 ἐπειδᾶν
1440 1292 1583 1332 εὔκαι-

127 1362 223 1417 ρίας
249 1359 451 1416 λα’βηται,
479 1359 524 1403 τὸ
550 1359 678 1402 κακὸν
709 1355 967 1406 ἀντιδίδωσι.
1022 1361 1146 1401 τοῦτο
1166 1357 1238 1400 καί
1261 1360 1332 1400 ἐπί
1358 1359 1583 1414 ἐλέφαντος

125 1426 423 1483 ἱστορούμενον
459 1425 653 1482 εὕρομεν.
718 1428 815 1468 ποτὲ
863 1424 944 1480 γάρ
993 1427 1051 1477 εἰς
1089 1424 1372 1480 ἱπποδρομίαν
1415 1424 1612 1480 ’ἐλέφαςΒ

63 1511 114 1537 9.ο
128 1493 391 1550 ἀπαγόμενος
435 1491 715 1548 καταλλάκτην
745 1492 835 1534 τινὰ
866 1491 1105 1546 καθήμενον
1133 1491 1177 1533 ἐν
1202 1493 1262 1548 τῷ
1289 1493 1414 1549 μιλίῳ
1444 1489 1576 1547 φόνου

128 1564 326 1617 πεποιήκε
350 1560 644 1617 παρανάλωμα
673 1557 744 1601 διὰ
773 1561 856 1601 τῶν
883 1557 1064 1600 ὀδόντων
1094 1558 1252 1610 αὐτοῦ,
1283 1553 1465 1606 ἀναιδῶς
1493 1574 1581 1607 πως

128 1631 201 1671 καί
227 1628 412 1678 α’τάκτως
440 1626 630 1683 ὁρμήσας
650 1629 740 1669 κατ’
766 1627 912 1668 αὕτοῦ.
971 1623 1016 1667 τὸ
1048 1626 1087 1666 (5'
1115 1621 1246 1666 αἴτιον
1275 1620 1340 1666 ὅτι
1371 1623 1451 1679 πρὸ
1481 1626 1579 1666 δέκα

222 1754 256 1787 8.
282 1750 419 1800 ὅρασις
447 1745 612 1798 α’μβλυκὴ
642 1750 677 1783 F.
818 1760 851 1793 9.
879 1747 966 1783 οὔτε
990 1748 1061 1783 τοῦ
1087 1747 1305 1790 cumanus?

128 1878 224 1914 quae
257 1878 331 1900 non
366 1866 482 1900 multo
506 1870 589 1910 post
623 1864 814 1897 subsecuta
843 1867 906 1895 est.
930 1874 1012 1895 nam
1039 1863 1124 1907 quia
1150 1861 1310 1895 futurum
1340 1862 1583 1907 prospiciebat

128 1916 217 1949 deus
242 1920 282 1948 ut
306 1914 413 1947 homo
437 1923 502 1958 per
527 1917 730 1957 serpentem
754 1911 982 1955 deciperetur
1007 1920 1121 1954 eaque
1149 1909 1194 1943 de
1219 1921 1324 1942 causa
1348 1919 1494 1954 serpens
1520 1921 1582 1942 ex·-

128 1962 322 1996 secrationi
355 1961 612 2000 subiiceretur‚
649 1959 775 1991 iccirco
802 1962 988 1990 terrestres
1021 1956 1154 1989 bestias
1182 1957 1437 2001 imprecatione
1466 1958 1583 1990 fausta

128 2010 248 2043 noluit
271 2010 370 2054 prius
397 2007 558 2052 dignari,
582 2018 627 2039 ne
654 2004 991 2050 deprehenderetur
1016 2003 1141 2037 eadem
1169 2010 1205 2037 et
1227 2005 1485 2048 imprecatione
1503 2005 1584 2037 sau-

128 2064 181 2091 sta
204 2063 240 2091 et
271 2057 516 2090 exsecratione
550 2054 738 2099 prosequi,
773 2053 866 2085 sicut
898 2051 948 2084 ait
985 2051 1038 2084 vir
1073 2050 1215 2084 divinus
1240 2051 1458 2084 Anastasius.
1480 2052 1583 2086 vide-

127 2110 188 2138 tur
223 2110 344 2137 autem
377 2109 505 2136 natura
538 2102 691 2147 piscium
726 2100 828 2132 tenui
871 2097 1027 2144 quadam
1063 2104 1099 2131 et
1136 2098 1201 2131 vili
1234 2099 1378 2131 omnino
1410 2099 1484 2132 vita
1510 2099 1583 2132 frui

128 2158 320 2198 propterea
347 2150 447 2196 quod
473 2151 510 2183 in
551 2160 667 2194 aquae
693 2147 849 2180 crassitie
878 2145 1019 2190 degant.
1045 2157 1126 2178 nam
1154 2151 1191 2178 et
1217 2146 1330 2189 gravis
1355 2157 1395 2178 ac
1423 2145 1582 2179 difficilis

128 2206 184 2233 est
221 2198 323 2245 apud¹
344 2198 441 2243 ipsos
467 2196 624 2237 auditio,
650 2202 686 2230 et
706 2194 873 2228 obtusum
893 2198 1053 2226 cernunt.
1086 2204 1154 2226 nec
1178 2192 1380 2226 recordatio
1406 2198 1462 2226 est
1485 2193 1583 2238 apud

129 2247 223 2292 ipsos
251 2246 328 2279 ulla
360 2256 428 2278 nec
453 2245 663 2289 imaginatio
704 2254 769 2274 nec
795 2241 844 2274 rei
877 2246 1069 2273 consuetae
1096 2240 1242 2285 agnitio,
1268 2246 1304 2273 at
1326 2251 1410 2273 vero
1437 2240 1482 2273 de
1509 2247 1582 2274 ter-

129 2294 303 2327 restribus
336 2291 427 2338 quid
461 2303 550 2336 opus
580 2297 634 2324 est
669 2290 783 2322 multa
808 2286 1110 2321 commemorare?
1147 2293 1231 2320 sunt
1253 2286 1307 2320 his
1333 2299 1430 2320 acres
1455 2299 1580 2321 sensus

129 2347 167 2374 et
192 2352 309 2373 rerum
333 2339 607 2385 praeteritarum
634 2336 911 2370 recordationes.
935 2335 1037 2368 novit
1061 2345 1186 2367 vocem
1216 2341 1422 2368 consuetam
1446 2334 1516 2368 sihi
1540 2347 1581 2366 ac

129 2388 340 2421 familiarem
374 2388 504 2420 asinus.
541 2386 646 2419 novit
678 2385 771 2417 viam
796 2394 902 2428 quam
925 2383 1068 2427 saepius
1095 2382 1214 2423 trivit,
1252 2393 1293 2414 ac
1319 2393 1580 2427 nonnunquam

129 2439 237 2468 etiam
261 2436 337 2468 viae
376 2434 450 2466 dux
475 2439 531 2466 est
562 2432 722 2472 homini,
751 2432 814 2476 qui
851 2429 1036 2463 aberravit.
1068 2429 1214 2462 auditus
1239 2435 1359 2462 autem
1388 2430 1581 2461 acrimonia

127 2487 227 2516 tanta
250 2483 288 2515 in
311 2481 380 2514 hoc
406 2487 461 2514 est
483 2481 632 2513 animali
658 2484 792 2524 quanta
820 2488 897 2510 esse
922 2477 959 2510 in
987 2477 1058 2510 alio
1082 2476 1185 2510 nullo
1211 2476 1435 2510 terrestrium
1460 2475 1581 2521 perhi-

128 2529 244 2563 betur.
270 2531 309 2563 in
339 2529 473 2561 camelo
499 2539 592 2573 quae
618 2527 830 2560 iniuriarum
851 2525 899 2557 sit
926 2524 1119 2564 memoria,
1146 2535 1239 2569 quae
1265 2523 1460 2563 iracundia,
1486 2534 1581 2568 quae

129 2576 167 2609 in
190 2577 242 2610 ira
280 2575 539 2622 perseveratio,
577 2586 648 2620 quo
683 2579 789 2619 pacto
825 2572 906 2616 quis
943 2570 1129 2616 explicet?
1167 2571 1197 2604 si
1221 2571 1279 2604 vel
1304 2570 1391 2602 olim
1415 2569 1581 2604 verberu-

129 2628 187 2656 tus
216 2625 278 2664 sit,
307 2624 361 2657 ira
385 2623 557 2656 diuturno
585 2628 748 2666 tempore
783 2619 895 2652 veluti
924 2629 1018 2663 penu
1045 2617 1202 2663 quodam
1231 2616 1431 2658 recondita,
1455 2629 1582 2663 quam-

125 2671 283 2714 primum
306 2682 343 2703 se
369 2669 620 2715 opportunitas
646 2667 840 2707 obtulerit,
878 2666 990 2698 vicem
1015 2666 1134 2698 refert.
1162 2665 1207 2698 de
1234 2664 1427 2710 elephanto
1454 2663 1580 2697 huius-

129 2716 227 2750 modi
255 2716 427 2763 quiddam
463 2716 655 2751 memoriae
679 2713 862 2762 proditum
899 2713 1106 2759 reperimus.
1135 2724 1215 2746 cum
1242 2713 1278 2745 in
1302 2711 1580 2758 hippodromum
