1826 3120
610 136 891 178 ANNALmM
934 137 1069 178 PARS
1111 139 1143 177 1.
1523 117 1585 172 51

147 235 294 288 σκότος
320 237 528 292 ἐξώτερον.
585 239 675 280 ἀλλ’
705 240 779 280 οὐκ
807 236 894 281 ἔστι
925 241 1070 291 τοῦτο,
1100 237 1176 281 οῦκ
1204 235 1339 280 ἔστιν·
1397 239 1638 291 αὕτεξού-Ι)

147 303 344 362 σιος-γάρ
367 298 425 346 ὢν
454 304 474 345 ὃ
505 308 594 346 κατ’
619 302 759 347 εἰκόνα
784 305 891 346 θεοῦ
908 305 1175 360 γεγενημένος
1200 299 1422 359 ἄνθρωπος
1445 305 1593 361 εἱμαρ-
1603 312 1701 351 Ἔπη

145 373 249 428 μένῃ
295 370 369 412 καί
405 365 613 427 ὅστρασιν
654 371 736 424 οὐχ
765 368 1001 411 ὑπόκειται.
1076 371 1116 413 εἶ
1146 370 1225 426 γὰρ
1259 372 1381 413 τοῦτο
1410 367 1486 427 ἧν,
1517 371 1594 413 οὐκ

147 431 200 478 ἂν
224 443 311 485 τοῖς
336 434 394 492 μὴ
422 435 526 479 κατὰ
554 435 719 491 γνώμην
736 433 1023 490 ἁμαρτάνουσι
1051 436 1136 490 πῦρ
1169 432 1190 477 ὃ
1224 435 1319 485 θεὸς
1345 435 1418 478 καί
1448 435 1595 485 σκότος

109 503 376 559 5ἤπείλησεν.
442 499 509 544 ὅτι
540 505 586 544 δὲ
611 503 860 559 βλασφημία
901 503 1014 543 ἐστίν
1039 503 1099 551 εἰς
1137 502 1240 545 θεὸν
1266 502 1310 545 τὸ
1339 502 1522 557 νομίζειν
1550 505 1594 555 ε”ξ

145 565 334 625 οἷστέρων
363 569 555 624 γίνεσθαι
598 566 696 618 τούς
721 570 800 622 μὲν
838 569 924 610 τῶν
963 566 1204 623 ἀνθρώπων
1233 572 1387 625 φονέας
1419 568 1518 620 τούς
1546 571 1595 612 δὲ

141 635 270 677 πάλιν
309 631 527 691 ἅρπαγας,
570 633 593 676 ὅ
621 640 854 691 κορυφαῖος
889 634 1055 689 Πέτρος
1082 632 1296 689 ἆριδὴλως
1321 639 1444 678 τοῦτο
1474 634 1593 678 διδά-

143 703 204 752 ξει
230 716 278 743 σε
305 699 409 757 πρὸς
439 703 647 744 Φαῦστον.
715 703 789 744 καί
819 702 901 757 γὰρ
941 702 1039 758 περὶ
1070 704 1269 756 γενέσεως
1299 700 1593 757 διαλεγόμενος

142 769 215 809 καί
251 767 350 810 τάδε
386 767 491 824 πρὸς
525 773 611 818 τοῖς
650 763 792 817 ἄλλοις
820 767 971 823 ἔλεγεν.
1047 765 1156 822 „s’ycd
1202 770 1281 821 μὲν
1312 765 1592 825 ,ἀστρολογίας

84 833 338 889 ιοέμπειρος
366 830 443 876 οῦκ
469 835 580 889 εἰμι’,
603 832 710 878 ὥστε
739 833 814 890 τὴν
844 836 1006 890 γένεσιν
1035 834 1109 876 a'n'
1139 835 1267 890 αὐτῆς
1288 837 1362 890 τῆς
1387 834 1490 878 κατὰ
1520 838 1589 890 γε’-

141 916 252 943 νεσιν
278 898 506 956 ἐπιστήμης
539 899 855 952 οἷνασκευάζειν.
889 895 1000 959 ἄλλῳ
1025 901 1071 942 δὲ
1099 897 1240 958 τρόπῳ
1273 900 1459 954 δύναμαι
1482 897 1692 958 dno-1³27

141 965 344 1010 δεικνύειν
372 964 439 1009 ὅτι
465 966 570 1011 κατὰ
601 968 804 1024 πρόνοιαν
848 969 1067 1010 διοικεῖται
1098 966 1150 1009 τὰ
1184 965 1431 1021 πράγματα·
1491 969 1588 1010 ἕκα-

138 1049 237 1083 στος
279 1031 359 1090 γάρ
409 1032 511 1090 πρὸς
557 1032 586 1076 ἂ
624 1033 799 1090 πράττει
847 1035 970 1089 τιμῆς
1009 1034 1083 1075 καί
1116 1031 1324 1083 κολάσεως
1361 1031 1587 1085 τεύξεται.”

139 1098 455 1156 ἁμαρτάνουσιν
478 1097 554 1143 οὖν
597 1099 635 1142 οἱ
663 1101 822 1155 γένεσιν
859 1098 1092 1155 εἰσάγοντες
1120 1099 1249 1142 αὐτὸν
1272 1098 1324 1142 τὰ
1353 1098 1485 1142 πάντα
1514 1103 1586 1156 δη-

47 1167 52 1171 ’
78 1170 126 1212 15
135 1165 449 1223 μιουργήσαντα
496 1166 597 1210 θεὸν
634 1169 996 1224 βλασφημοῦντες.
1062 1170 1134 1210 ἐπὶ
1175 1165 1339 1216 τούτοις
1381 1166 1461 1221 γὰρ
1510 1171 1588 1210 τοῦ·

136 1234 328 1289 γέροντος
357 1231 544 1284 εἰπόντος
573 1231 636 1276 ὅτι
664 1237 930 1290 βλασφημεῖν
955 1235 1044 1275 ἐστι’
1081 1233 1126 1275 τό
1159 1235 1293 1290 λέγειν
1321 1229 1382 1276 ὅτι
1407 1232 1457 1275 τοὶ
1482 1232 1587 1276 πάν-

134 1317 189 1342 τα
229 1303 387 1354 γενέσει
431 1300 675 1353 ὑπόκειται,
716 1302 788 1341 καί
830 1296 942 1341 πάνυ
984 1297 1006 1340 ὄ
1036 1301 1204 1355 Πέτρος
1232 1297 1381 1355 ἔλεγεν.
1437 1302 1477 1343 εἰ
1503 1301 1583 1357 γὰρ

136 1367 270 1410 πᾶσαι
309 1365 353 1409 αἱ
383 1369 468 1409 τῶν
502 1365 736 1422 ἀνθρώπων
783 1366 990 1422 ἁμαρτίαι
1018 1367 1062 1416 ἐξ
1090 1362 1276 1422 ἀστέρων
1312 1369 1516 1422 γίνονται,
1546 1367 1588 1411 οἷ

137 1435 184 1476 δὲ
227 1432 399 1489 ἀστέρες
444 1428 545 1474 ὖπᾶ
565 1435 670 1474 θεοῦ
698 1434 830 1475 ταῦτα
860 1438 993 1476 ποιεῖν
1030 1430 1300 1488 ἐτάχθησαν,
1327 1433 1394 1474 ἵνα
1422 1433 1587 1476 πάντων

73 1515 124 1542 20
133 1502 329 1555 χαλεπῶν
356 1500 727 1552 α’ποτελεσματικοί
749 1502 960 1554 γένωνται,
990 1498 1187 1540 ἁπάντων
1215 1498 1361 1541 λοιπὸν
1380 1498 1424 1541 αἱ
1446 1499 1622 1554 ἆμαρ-Β

134 1565 222 1609 τιἀι
274 1567 335 1615 εἰς
359 1566 513 1609 ἀὐτὸν
555 1566 840 1623 ἀναφέρονται
877 1564 949 1607 τόν
991 1562 1066 1621 τήν
1096 1567 1256 1620 γένεσιν
1295 1563 1465 1607 ἐνδόντα
1497 1572 1584 1616 τοῖς

135 1627 333 1689 ἅστρασι.
391 1630 464 1675 καί
489 1631 539 1675 τὰ
571 1635 650 1687 μὲν
679 1634 757 1674 τοῦ
798 1635 1033 1689 κορυφαίου
1062 1634 1269 1674 τοιαῦτα·
1329 1628 1408 1689 ὅρα
1439 1634 1485 1675 δὲ
1511 1631 1586 1675 καί

234 1768 283 1790 ιο,
308 1759 372 1799 τῆς
397 1755 530 1789 deerat.
651 1754 704 1799 14.
730 1749 791 1804 τοὶ]
821 1751 911 1791 niu?

134 1873 203 1908 hoc
219 1886 358 1915 verum,
397 1885 472 1907 non
507 1878 568 1907 est.
610 1873 744 1918 quippe
774 1871 819 1906 ad
849 1873 1036 1918 imaginem
1066 1872 1124 1906 dei
1149 1872 1313 1906 conditus
1338 1871 1469 1915 homo,
1497 1886 1576 1908 cum

134 1923 263 1956 suimet
285 1922 394 1967 ipsius
420 1922 466 1955 sit
492 1932 653 1965 compos,
679 1931 745 1952 nec
770 1920 843 1953 fato
868 1932 934 1953 nec
949 1919 1121 1953 sideribus
1143 1931 1217 1954 esse
1242 1920 1422 1954 subiectus
1446 1927 1576 1966 potest3

135 1969 233 2015 quod
260 1970 290 2002 si
312 1970 430 2002 locum
452 1967 622 2009 haberet,
656 1979 728 2000 non
754 1966 840 2000 deus
865 1973 1006 2012 praeter
1036 1968 1143 2000 animi
1166 1968 1377 2001 sententiam
1395 1970 1578 2013 peccanti-

133 2016 200 2050 bus
226 2017 340 2061 ignem
355 2021 462 2061 atque
487 2015 653 2049 tenebras
668 2015 819 2048 minatus
846 2015 980 2047 fuisset.
1006 2020 1042 2047 et
1065 2015 1143 2048 fieri
1167 2026 1251 2048 sane
1276 2015 1472 2049 convicium
1496 2016 1577 2058 deo,

134 2076 215 2097 cum
239 2065 318 2110 quis
346 2063 523 2097 existimat
555 2074 618 2108 per
646 2062 759 2095 sidera
794 2060 965 2106 quosdam
987 2060 1180 2096 homicidas
1207 2061 1296 2095 effici
1323 2062 1495 2107 quosdam
1519 2075 1578 2096 ra-

133 2118 270 2158 ptores,
294 2123 446 2144 summus
469 2111 533 2144 ille
561 2111 683 2143 Petrus
724 2109 768 2142 ad
794 2109 960 2142 Faustum
994 2109 1148 2142 scribens
1173 2114 1208 2142 te
1246 2109 1400 2143 docebit.
1423 2121 1505 2143 nam
1531 2110 1575 2144 de

133 2159 303 2193 natalicio
328 2159 443 2192 sidere
461 2158 634 2192 disserens
656 2157 745 2190 haec
768 2157 861 2189 inter
882 2156 950 2189 alia
973 2156 1124 2201 profert:
1148 2156 1341 2202 „equidem
1365 2158 1576 2202 astrologiae

133 2218 207 2240 non
231 2219 306 2240 sum
332 2208 488 2252 peritus,
529 2211 570 2239 ut
593 2206 813 2239 nativitatem
852 2214 896 2236 ex
921 2204 998 2249 ipsa
1023 2203 1067 2237 de
1092 2204 1259 2237 natalicio
1286 2204 1403 2238 sidere
1427 2206 1576 2239 scientia

133 2254 298 2287 refellere
323 2254 475 2299 possim:
508 2264 629 2287 verum
668 2253 737 2285 alio
758 2250 911 2297 quodam
943 2250 1048 2285 modo
1085 2263 1228 2296 possum
1254 2251 1494 2286 demonstrare
1519 2265 1575 2287 res

133 2300 304 2334 humanas
337 2313 357 2333 a
389 2300 612 2346 providentia
637 2299 833 2346 gubernari.
875 2310 954 2331 nam
978 2299 1129 2344 quisque
1156 2310 1220 2344 pro
1248 2310 1369 2332 eorum
1387 2311 1478 2345 quae
1503 2302 1576 2346 agit

132 2350 270 2382 ratione
294 2349 352 2382 vel
374 2347 546 2382 honorem
572 2348 630 2382 vel
662 2358 812 2394 poenam
841 2352 1088 2391 consequetur.
1114 2346 1343 2392 quamobrem
1368 2354 1486 2381 errant
1510 2349 1573 2393 qui

133 2397 338 2430 natalicium
374 2395 471 2429 sidus
504 2396 758 2435 introducunt,
793 2395 908 2438 ipsum
949 2394 1109 2438 opificem
1144 2404 1260 2426 rerum
1286 2395 1442 2427 omnium
1466 2395 1573 2428 deum

133 2444 294 2477 convicio
331 2443 486 2489 quodam
518 2443 765 2476 incessentes.''
799 2440 990 2486 quibus<in
1015 2440 1132 2474 verbis
1160 2440 1259 2486 quod
1281 2440 1340 2474 hic
1365 2453 1474 2475 senex
1503 2443 1571 2484 ait,

133 2492 330 2525 convicium
367 2491 404 2524 in
438 2491 543 2524 deum
589 2502 662 2524 esse
689 2490 804 2522 dicere
828 2493 954 2521 cuncta
971 2489 1138 2522 natalicio
1163 2488 1269 2521 sideri
1292 2500 1367 2522 esse
1392 2489 1571 2532 subiecta,

132 2550 302 2584 perquam
338 2539 473 2583 egregie
500 2538 639 2573 dicitur.
665 2549 746 2570 nam
779 2536 808 2569 si
837 2535 953 2569 omnia
980 2537 1181 2569 mortalium
1218 2542 1363 2581 peccata
1398 2536 1442 2568 ab
1469 2538 1571 2571 astris

135 2586 317 2628 oriuntur,
342 2592 434 2619 astra
457 2597 540 2619 vero
567 2585 738 2619 divinitus
763 2582 925 2617 ordinata
948 2589 1029 2616 sunt
1051 2589 1091 2617 ut
1106 2595 1146 2616 ea
1172 2584 1330 2616 efficiant
1355 2589 1391 2617 et
1412 2585 1571 2618 omnium

134 2633 304 2666 malorum
332 2633 375 2666 ab
396 2634 482 2679 ipsis
508 2634 605 2677 origo
628 2632 882 2678 proficiscatur,
907 2635 1014 2664 restat
1040 2632 1197 2664 omnium
1220 2636 1365 2676 peccata
1394 2630 1439 2664 ad
1464 2631 1569 2664 deum

137 2680 256 2713 referri
281 2680 432 2723 debere,
457 2681 520 2726 qui
537 2680 737 2714 nataliciam
763 2679 859 2711 illam
884 2677 954 2710 vim
976 2676 1150 2711 sideribus
1175 2677 1357 2711 indiderit.
1384 2677 1569 2712 huiusmo-

138 2723 176 2758 di
199 2734 277 2763 aunt
308 2739 399 2774 quae
429 2739 581 2767 summus
617 2727 680 2762 ille
708 2727 761 2762 vir
793 2723 955 2772 protulit.
988 2732 1127 2769 praeter
1162 2725 1249 2759 haec
1275 2725 1357 2761 vide
1383 2725 1470 2772 quid
1493 2738 1567 2760 ma-
