1826 3120
615 127 902 172 ANNALmM
939 128 1076 173 mas
1117 130 1206 193 ιν,
1500 110 1606 186 507

151 232 256 272 σθαι
303 230 435 279 αὐτὸς
488 228 641 274 ἑαυτὸν
685 230 916 285 βαστάζειν
970 233 1046 274 ου’κ
1093 230 1294 287 ἠδύνατο.
1369 229 1470 276 ὅθεν
1518 233 1613 275 dvc·-

150 297 336 351 γείρεται
370 290 524 351 αὖθις,
553 296 720 349 πεδινός
752 300 799 342 δὲ
827 297 1073 354 λειπόμενος
1099 296 1206 354 πρὸς
1234 297 1279 341 τὸ
1310 298 1455 357 πρώην
1487 294 1615 355 ὕψος,

151 363 337 418 ὀργυιῶν
367 361 431 405 ιε’.

209 432 211 435 '
262 429 388 472 Μετὰ
436 431 483 472 δὲ
507 430 737 474 Ἰουστῖνον
773 434 968 486 Τιβέριος
1008 429 1030 472 ὅ
1074 431 1189 488 Θρᾲξ
1229 432 1301 488 ἔτη
1346 433 1414 487 δ’,
1434 431 1538 487 μετὰ
1571 434 1619 476 δὲ

113 495 300 538 ὄτοῦτον
343 498 592 553 Μαυρίκιος
637 497 661 539 ὅ
700 496 892 553 γαμβρὸς
946 497 1083 540 αὐτοῦ
1127 497 1201 540 καί
1237 502 1412 555 Καῖσαρ
1459 498 1530 556 ἔτη
1568 498 1616 542 κ’.

151 555 278 611 οὗτος
306 560 443 606 ἔκτισε
486 562 560 606 τὸν
590 565 636 606 ἐν
665 564 1117 606 Κωνσταντινουπόλει
1152 563 1255 607 ναὸν
1284 568 1367 609 τῶν
1397 565 1530 621 ἁγίων
1560 566 1619 620 μ’.

149 628 222 684 ἐφ’
253 623 308 670 οὖ
333 631 504 672 παιδίον
524 628 728 686 ἐγεννήθη
749 632 794 673 ἑν
813 631 1262 676 Κωνσταντινουπόλει
1288 635 1424 689 χωρίς
1453 635 1657 690 ὀφθαλ-Ο

149 693 245 746 μῶν
274 695 349 736 καί
372 698 556 751 χειρῶν·
614 695 719 752 πρὸς
751 699 797 740 δὲ
824 698 884 755 τῷ
924 698 1048 755 ἰσχίῳ
1076 695 1229 751 ἰχθύος
1259 698 1367 755 ου’ρά
1396 699 1620 756 προσφυής

150 759 272 818 αὖτῷ
307 757 487 817 ὑπῆρχε.
544 765 618 806 καί
660 763 772 806 κύων
812 761 1013 813 ὡσαύτως
1060 760 1241 815 ἑξάπους
1277 762 1620 823 λεοντοκὲφαλος.

89 841 139 871 10
151 828 226 870 καί
253 828 300 870 ἐν
325 830 380 886 τῇ
410 828 558 888 Θρᾴκῃ
589 832 667 872 δύο
700 831 850 872 παιδία
879 830 1174 886 ἐγεννήθησαν,
1203 826 1264 874 aiv
1289 831 1333 874 τό
1364 833 1442 887 μὲν
1470 831 1619 889 τετρά-

149 908 259 936 πουν
286 893 334 937 τὸ
377 896 425 938 δὲ
457 898 699 953 δικέφαλον.
766 899 935 951 λέγουσι
965 898 1013 939 δὲ
1045 895 1106 952 μὴ
1137 899 1444 953 προσημαίνειν
1470 899 1617 953 (lya-90¹2

149 964 245 1010 ταῖς
271 960 447 1004 πόλεσιν
473 963 519 1004 ἐν
548 958 617 1012 αἷς
643 962 694 1005 τὰ
723 964 902 1006 τοιαῦτα
929 966 1148 1008 τίκτονται.
1213 963 1436 1022 ἐφάνησαν
1465 967 1512 1008 δὲ
1546 966 1623 1008 καί

149 1027 197 1070 ἐν
226 1028 287 1084 τῷ
325 1029 466 1086 Νείλῳ
516 1032 712 1088 ποταμῷ,
757 1027 877 1085 ἧλιόυ
908 1030 1224 1084 ἀνατέλλοντος,
1266 1031 1619 1088 ἀνθρωπόμορφα

150 1089 228 1135 δύο
258 1094 375 1148 ζῶα,
419 1090 527 1150 ἇνήρ
557 1112 603 1138 τε
639 1098 715 1138 καί
737 1095 871 1151 γυνή,
918 1093 1025 1152 ὅπερ
1073 1100 1147 1140 καί
1171 1101 1370 1154 Σειρῆνες
1408 1114 1619 1154 προσαγο-

88 1159 138 1203 15
150 1158 350 1215 ρεύονται
361 1193 374 1214 ,
405 1161 659 1218 ἧδόφθογγα
690 1161 801 1204 πάνυ
830 1164 904 1205 καί
930 1163 1244 1220 θανατηφόρα,
1273 1161 1618 1220 ἆνθρωποπετειη
1653 1215 1655 1217 v

147 1224 362 1284 νόμορφα.
428 1226 451 1270 ὅ
494 1230 541 1270 δὲ
568 1228 672 1278 λαός
698 1228 804 1283 μετὰ
836 1232 916 1271 τοῦ
947 1227 1138 1284 ἐπάρχου
1170 1230 1462 1284 θαυμάζοντες
1490 1229 1620 1288 ὥρκιψ

150 1293 223 1344 ζον
252 1291 362 1336 αὐτοὶ
392 1293 452 1347 μή
487 1292 785 1351 ἀναχωρῆσαι,
825 1296 925 1352 πρίν
953 1293 1006 1339 ἂν
1028 1293 1208 1347 ἅπαντες
1237 1299 1519 1355 ἑμφορηθῶσι
1544 1300 1658 1354 τῆςι)

148 1360 394 1416 παραδόξου
418 1362 524 1411 θέας
554 1357 714 1405 αὕτῶν.
789 1359 888 1406 ὅθεν
921 1365 996 1406 καί
1022 1365 1224 1416 μείναντα
1252 1367 1404 1421 μέχρις
1434 1360 1550 1420 ὥρας
1575 1363 1613 1407 θ’

148 1428 389 1470 κατέδυσαν
416 1430 477 1477 εἰς
502 1426 577 1471 τὸν
605 1428 811 1482 ποταμόν.
854 1432 1015 1472 ἐκεῖθεν
1048 1432 1095 1472 δὲ
1135 1429 1397 1488 κροκόδειλοι
1426 1430 1616 1486 ἐξῆλθον,

85 1491 226 1539 noxae*
253 1493 434 1545 πολλοὺς
472 1496 554 1538 τῶν
597 1496 838 1553 ἀνθρώπων
874 1498 1139 1553 διέφθειραν.
1210 1497 1233 1538 ὅ
1278 1499 1323 1541 δὲ
1351 1498 1615 1554 κροκόδειλος

152 1710 324 1757 potuisse.
369 1716 592 1757 quapropter
630 1723 776 1758 operam
803 1713 906 1748 dedit
933 1715 1128 1760 imperator
1157 1720 1197 1748 ut
1222 1715 1267 1748 de
1292 1727 1385 1748 novo
1413 1721 1614 1749 exstruere-

151 1765 223 1799 tur,
250 1758 302 1792 ita
328 1763 449 1792 tamen
477 1764 519 1792 ut
546 1760 675 1804 prioris
695 1761 928 1795 sublimitatis
955 1768 1121 1807 respectu
1148 1767 1288 1797 tantum
1314 1774 1390 1797 non
1416 1769 1612 1809 campestre

152 1806 268 1840 solum
290 1804 444 1850 aequare
469 1806 654 1841 videretur
673 1834 682 1849 ,
701 1808 747 1841 ad
775 1819 900 1853 orgyas
939 1809 977 1842 15
1001 1810 1165 1842 excitata.

247 1853 332 1887 Post
356 1854 531 1888 lustinum
546 1854 726 1896 Tiberius,
748 1855 904 1889 Thracia
931 1861 968 1889 et
991 1856 1068 1901 ipse
1096 1856 1289 1898 oriundus,
1317 1862 1487 1902 quattuor
1508 1857 1613 1891 annis

151 1899 259 1935 rebus
285 1901 454 1946 praefuit.
511 1900 661 1935 Tiberio
684 1903 879 1936 Mauricius
915 1913 1024 1947 gener
1057 1904 1251 1945 successit,
1286 1903 1413 1938 Caesar
1438 1909 1523 1938 aute
1547 1904 1613 1938 de-

151 1948 330 1990 claratus,
372 1949 550 1994 annisque
582 1950 709 1994 viginti
744 1950 831 1984 totis
865 1950 1065 1996 imperavit.
1104 1951 1133 1984 is
1157 1951 1332 1996 templum
1375 1951 1611 1997 quadraginta

152 2001 360 2030 sanctorum
385 1997 489 2042 Cpoli
516 1996 691 2030 condidit.
720 2003 828 2031 natus
855 2003 909 2031 est
935 1998 1044 2031 etiam
1070 1999 1147 2044 ipso
1173 2005 1347 2043 regnante
1375 2010 1467 2044 puer
1493 1999 1611 2045 cpoli,

151 2044 216 2089 qui
242 2043 355 2077 oculis
383 2043 626 2089 manibusque
654 2044 824 2086 carebat,
850 2045 963 2078 cauda
991 2046 1129 2090 piscina
1154 2045 1199 2079 ad
1224 2045 1437 2080 coxendices
1463 2053 1611 2080 natura-

151 2091 236 2124 liter
260 2090 490 2125 adhaerente.
508 2098 695 2136 praeterea
709 2093 807 2125 canis
833 2104 897 2126 sex
915 2092 1027 2138 pedes
1052 2098 1089 2127 et
1111 2093 1298 2127 leoninum
1325 2100 1434 2139 caput
1458 2094 1608 2128 habens.

150 2138 240 2172 item
274 2138 346 2173 duo
384 2139 423 2172 in
449 2138 603 2172 Thracia
638 2139 818 2181 infantes,
867 2151 1017 2185 quorum
1050 2152 1141 2174 unus
1177 2140 1380 2187 quadrupes
1412 2148 1487 2175 erat
1519 2143 1612 2175 alter

149 2185 287 2231 biceps.
328 2185 524 2231 perhibent
556 2193 676 2220 autem
713 2188 758 2220 iis
797 2187 971 2229 urbibus,
998 2189 1036 2220 in
1074 2187 1206 2234 quibus
1241 2188 1451 2222 huiusmodi
1488 2189 1610 2231 foetus

152 2239 369 2275 nascantur,
401 2235 550 2268 minime
585 2235 702 2267 fausta
738 2234 918 2280 portendi.
957 2242 1148 2280 conspecta
1183 2242 1267 2270 sunt
1303 2237 1411 2270 etiam
1440 2237 1477 2270 in
1505 2249 1611 2270 amne

152 2281 238 2314 Nilo
265 2281 341 2314 sole
366 2282 519 2326 primum
548 2283 687 2315 oriente
714 2281 786 2314 duo
814 2281 990 2328 quaedam
1018 2283 1208 2324 animalia,
1246 2285 1396 2318 formam
1419 2284 1610 2318 humanam

155 2328 374 2370 referentia,
417 2330 485 2362 viri
511 2342 642 2371 unum,
676 2330 836 2362 mulieris
872 2330 1048 2364 alterum:
1087 2331 1230 2364 Sirenes
1256 2332 1433 2376 appellari
1466 2333 1609 2373 solent,

153 2375 298 2409 blandis
333 2376 479 2421 quidem
521 2378 585 2410 illa
618 2377 763 2410 vocibus
802 2377 966 2419 utentia,
997 2377 1061 2412 sed
1100 2378 1208 2424 plane
1250 2379 1415 2419 letifera,
1454 2380 1610 2423 speciem

155 2423 334 2467 quandam
351 2423 526 2457 humanae
545 2437 586 2458 ac
601 2424 784 2458 volucrum
809 2436 852 2458 ex
878 2436 995 2471 aequo
1019 2426 1241 2459 consimilem
1263 2426 1487 2472 praebentia.
1515 2438 1609 2471 quae

157 2469 220 2503 uhi
249 2472 409 2517 conspici
435 2473 657 2517 coepissent,
683 2473 839 2517 populus
876 2484 946 2506 una
973 2484 1052 2506 cum
1074 2474 1256 2519 praefecto
1278 2479 1424 2519 stupore
1451 2473 1609 2519 quodam

156 2519 312 2563 correpti
335 2530 400 2564 per
437 2519 700 2552 adim-ationem
724 2519 1013 2562 adstrinxerunt,
1048 2532 1094 2554 ne
1118 2523 1218 2567 prius
1245 2521 1474 2554 discederent
1501 2532 1608 2566 quam

155 2565 315 2600 universi
342 2572 414 2599 tam
430 2579 510 2599 raro
529 2578 566 2599 se
585 2567 790 2612 spectaculo
817 2573 1088 2602 exsaturassent.
1109 2569 1158 2602 ita
1176 2569 1309 2602 factum
1338 2574 1379 2602 ut
1402 2568 1449 2601 ad
1475 2579 1607 2602 nonam

156 2623 272 2657 usque
299 2612 425 2647 horam
450 2620 667 2648 commorata
696 2614 867 2659 deinceps
893 2615 1000 2648 fluvio
1025 2627 1063 2649 se
1080 2622 1292 2659 mergerent.
1323 2614 1408 2648 hinc
1437 2616 1607 2649 crocodili

157 2660 291 2702 egressi
328 2667 433 2703 sunt,
470 2662 714 2706 plurimosque
740 2662 908 2695 mortales
935 2663 1015 2696 neci
1041 2663 1231 2697 dederunt.
1258 2668 1312 2696 est
1338 2668 1456 2696 autem
1484 2675 1608 2696 croco-

159 2706 254 2740 dilus
275 2707 398 2740 bellua
424 2709 601 2754 quaedam
626 2709 714 2755 pisci
741 2709 952 2750 consimilis,
985 2711 1129 2754 ingens,
1155 2710 1384 2756 quadrupes,
1414 2709 1508 2745 dorsi
1533 2712 1607 2757 spi-

156 2765 240 2789 nam
280 2755 417 2799 nigram
443 2756 602 2798 habens,
643 2756 725 2791 albo
751 2762 897 2800 ventre,
924 2757 1070 2792 diducto
1107 2764 1142 2792 et
1166 2757 1282 2792 hianti
1308 2769 1449 2802 prorsus
1475 2771 1535 2792 ore
1561 2759 1607 2792 ad
