1826 3120
267 148 284 183 1
307 148 368 183 10
708 141 999 183 MlCIIAELlS
1038 138 1256 183 GLYCAE

258 262 376 300 σκος,
407 241 459 286 οὗ
487 243 558 286 καί
585 241 607 282 ὁ
634 239 768 296 σοφός
800 241 1006 293 μέμνηται
1029 239 1068 280 Γ
1067 236 1217 293 αληνὸς
1245 238 1346 293 περὶ
1370 238 1576 292 θηριακῆς
1605 234 1710 294 πρὸς

259 317 442 356 Πίσωνα
470 310 541 352 τὸν
569 307 688 361 λόγον
715 302 981 358 ποιούμενος,
1011 304 1084 346 καί
1109 299 1190 345 ἀπὸ
1218 301 1352 358 μόνης
1379 298 1521 356 ὅψεως
1546 305 1716 359 α’ναιρεῖ

258 379 356 427 τούς
394 373 629 430 ἑωρακότας
670 372 811 415 αὐτόν.
886 369 1007 414 ἔνθεν
1042 386 1106 412 τοι
1143 368 1218 412 τὸν
1243 368 1450 421 βάσκανον
1482 369 1712 426 ὀφθαλμὸν

258 447 334 486 τοῦ
361 440 550 483 τοιούτου
583 432 721 495 ὄφεως
762 439 1045 493 διενηνοχέναι
1075 435 1205 492 φησίν
1231 435 1256 490 ἦ
1286 434 1480 492 γραφὴκ
1515 435 1711 492 καθάπερ

259 509 337 564 γὰρ
365 505 445 549 ἀπὸ
476 507 603 547 τοῦδε
645 507 721 546 τοῦ
749 502 881 559 θηρὸς
911 502 1108 558 ὀλέθριόν
1138 518 1175 543 τι
1205 501 1346 558 ῥεῦμα
1377 503 1600 558 ἐκφέρειιιι
1627 519 1704 544 πα·
1722 505 1747 547 5

261 575 464 629 ραχρῆμα
494 571 760 627 διαφθείρειν
788 569 1032 622 δυνάμενον,
1063 565 1174 610 οὕτω
1205 568 1278 609 καί
1295 570 1340 619 ἐξ
1355 566 1495 610 αὐτῶν
1525 569 1712 619 reinzo&

146 649 247 692 v.45
261 637 472 693 βασκάνου
505 637 755 693 ὀφθαλμῶν.
788 637 860 677 καί
885 634 931 677 τὸ
967 633 1016 688 δὴ
1060 632 1335 687 θαυμαστόν,
1382 629 1446 676 ὅτι
1474 635 1547 675 καί
1573 635 1714 684 αὐτοῖς

156 714 192 748 Ρ.
206 713 248 745 58
262 705 388 748 ἐνίοτε
413 709 499 751 τοῖς
544 703 710 752 οἰκείοις
746 701 820 744 καί
846 699 1049 756 συνήθεσι
1090 698 1160 742 τὸν
1189 694 1364 755 ὄλεθρον
1393 703 1588 756 φέρουσι.
1643 702 1718 744 καὶ

261 769 404 812 καινὸν
432 768 503 811 ἐπὶ
535 769 700 817 τούτοις
743 767 866 810 οὐδέν
888 785 898 795 ·
969 764 991 808 ὃ
1028 766 1108 822 γὰρ
1137 764 1404 822 πεφύκασιν,
1445 765 1526 820 οὔχ
1566 763 1595 808 ὃ,
1613 764 1715 820 βού-

260 841 400 879 λονται
437 837 623 877 ποιοῦσι.
699 833 772 876 καί
807 832 866 888 μὴ
905 832 1103 886 θαύμαζε
1143 829 1294 874 τούτου
1333 834 1497 874 ἕνεκεν·
1565 833 1606 875 εἶ
1631 830 1713 887 γὰρ,
1732 850 1779 878 ιο

260 900 418 960 ἐαυτῷ,
461 899 571 942 καθά
606 917 709 956 φησι
749 898 1059 954 Πλούταρχος,
1102 895 1123 939 ὅ
1154 898 1382 946 Εὐτελίδας
1409 896 1615 954 ἐβάσκηνε
1640 896 1715 953 τὴν

262 964 364 1021 ὄψιν
389 966 523 1008 αὑτοῦ
551 965 730 1008 κατιδων
765 967 810 1008 ἐν
849 960 972 1006 ὕδατι
1000 963 1075 1006 καί
1100 965 1173 1019 τῆς
1200 958 1314 1016 ὥρας
1342 963 1582 1018 ἐκπλαγείς,
1610 967 1715 1007 πολ..

261 1036 321 1091 λῷ
348 1034 508 1087 μᾶλλον
536 1027 692 1086 ἑτέροις
721 1032 864 1082 ἐπάξει
895 1030 965 1073 τὸν
991 1023 1168 1085 ὄλεθρον
1195 1029 1216 1071 ὅ
1238 1030 1446 1083 βάσκανος
1475 1030 1715 1087 ὀφθαλμός,

261 1095 546 1154 βέλοςιὸσπερ
579 1100 700 1146 ἰῶδες
736 1103 824 1147 τοῖς
851 1097 1078 1154 ὁρωμένοις
1106 1095 1237 1155 τούτῳ
1267 1098 1406 1146 ἒνιείς.
1477 1098 1551 1140 καί
1577 1099 1715 1140 ταῦτα

261 1167 340 1218 μὲν
367 1164 393 1220 ἦ
427 1170 552 1219 πεῖρα
580 1163 651 1205 καί
676 1163 699 1204 ὅ
725 1163 877 1218 χρόνος
909 1164 1115 1205 ἀνέκαθεν
1142 1161 1316 1212 ἔδειξεν·
1374 1160 1414 1204 οἱ
1440 1160 1519 1218 γάρ
1550 1158 1714 1219 ὄφθαλ-
1734 1170 1782 1211 15

263 1233 339 1284 μοί
366 1233 439 1273 καί
477 1231 609 1286 δρῶσι
646 1229 719 1272 καί
759 1229 1004 1283 πάσχουσι,
1045 1230 1142 1270 ποτὲ
1167 1230 1246 1281 μὲν
1277 1228 1511 1281 πέμποντες
1540 1231 1642 1271 ποτὲ
1669 1231 1717 1272 δὲ

265 1298 509 1351 δεχόμενοι,
548 1293 604 1344 ὥς
651 1297 722 1337 ἐπὶ
756 1297 840 1337 τῶν
880 1297 1102 1349 ἐρωμένων
1138 1293 1248 1336 ἔστιν
1287 1296 1404 1336 ἰδεῖν.
1461 1293 1484 1336 ὅ
1513 1296 1560 1337 δὲ
1586 1294 1719 1350 μέγας

264 1365 489 1411 Βασίλειος
522 1364 565 1404 ἐν
595 1357 654 1410 οἷς
676 1364 935 1416 ἐπεξηγεῖται
953 1359 1028 1416 τὴν
1055 1362 1132 1402 τοῦ
1158 1361 1409 1415 τριακοστοῦ
1435 1363 1576 1416 τρίτου
1607 1365 1718 1416 ψαλ-

225 1431 349 1482 Βμοῦ
378 1425 643 1484 ἐπιγραφήν,
674 1427 746 1468 καὶ
771 1425 871 1469 τάδε
903 1426 1033 1482 φησίν
1063 1427 1184 1480 ,,οἷλλ’
1207 1425 1287 1481 ἐγώ
1314 1429 1437 1469 τοῦτο
1463 1429 1632 1480 μέντοι,
1672 1427 1717 1470 τὸ

261 1499 385 1550 βέλος
427 1495 550 1542 ἰῶδες
600 1495 823 1546 ἐκπέμπειν
860 1492 958 1541 τούς
1004 1489 1278 1548 ὄφθαλμούς,
1330 1494 1634 1546 α’ποπέμπομαι
1661 1493 1782 1543 αἷς-2ο

265 1562 456 1615 δημῶδες
503 1558 576 1601 καί
605 1560 655 1615 τῇ
694 1559 1008 1612 γυναικωνίτιδι
1050 1560 1340 1612 παρεισαχθὲν
1380 1557 1464 1599 ὑπὸ
1503 1560 1715 1615 γραῖδωιῡ·

266 1627 398 1668 ἐκεῖνο
453 1627 498 1666 δέ
528 1641 664 1681 φημι,
703 1621 766 1666 ὅτι
795 1624 835 1666 οἱ
862 1621 1085 1677 μισόκαλοι
1115 1625 1331 1677 δαιζιιονες,
1365 1623 1536 1667 ἐπειδὰν
1564 1628 1718 1676 οἰκείας

357 1716 399 1796 [ιὰ
416 1714 690 1795 διειζηνοχέναι]
717 1714 825 1748 immo
853 1712 963 1749 ου’δὲν
986 1713 1259 1759 διενηνοχέναι.
1360 1725 1410 1748 12.
1441 1709 1620 1763 κατιδών]
1653 1717 1718 1750 καὶ

358 1765 373 1796 ἰ
399 1759 452 1797 ὠν
504 1788 511 1794 .

265 1838 414 1873 vocant,
452 1832 551 1864 cuius
586 1831 694 1863 etiam
731 1830 871 1874 sapiens
909 1829 973 1862 ille
1010 1829 1167 1863 Galenus
1205 1831 1370 1864 meminit
1404 1830 1450 1864 ad
1477 1831 1642 1865 Pisonem
1671 1833 1716 1866 de

265 1880 442 1912 Theriaca
480 1879 677 1918 disserens,
713 1877 789 1909 solo
817 1876 952 1909 intuitu
975 1882 1080 1910 necat
1110 1889 1190 1910 eum
1214 1879 1277 1922 qui
1300 1878 1417 1922 ipsum
1440 1877 1615 1924 adspexit.
1644 1890 1717 1924 quo

267 1928 309 1960 fit
332 1932 374 1959 ut
396 1926 539 1958 litterae
571 1934 687 1958 sacrae
711 1923 806 1956 nihil
833 1924 976 1956 oculum
1004 1922 1165 1957 invidum
1191 1924 1235 1956 ab
1260 1924 1436 1957 eiusmodi
1454 1931 1621 1970 serpente
1646 1926 1719 1960 dif-

267 1975 359 2007 ferre
390 1972 540 2006 tradant.
583 1969 885 2016 quemadmodum
922 1971 1017 2003 enim
1051 1971 1095 2004 ab
1133 1971 1199 2003 hac
1230 1970 1346 2004 bestia
1375 1971 1546 2017 quiddam
1570 1973 1718 2007 exitiale

266 2025 476 2066 promanat,
518 2018 617 2064 quod
651 2017 835 2051 hominem
868 2018 1040 2051 continuo
1078 2019 1252 2063 perimere
1279 2024 1419 2063 potest,
1459 2021 1510 2052 sie
1537 2021 1646 2053 etiam
1670 2020 1718 2054 do

267 2068 383 2100 invidi
412 2066 524 2098 oculis
548 2065 732 2098 consimile
758 2064 929 2110 quiddam
955 2066 1041 2098 exit.
1076 2070 1112 2098 et
1133 2065 1259 2098 mirum
1283 2065 1354 2098 hoc
1380 2066 1418 2099 in
1441 2067 1590 2112 primis,
1617 2067 1718 2114 quod

266 2114 340 2146 suis
369 2123 627 2157 nonnunquam
654 2113 850 2156 perniciem
885 2112 1059 2145 adferant.
1094 2123 1212 2156 neque
1234 2117 1356 2146 tamen
1383 2113 1453 2146 hoc
1480 2125 1613 2147 novum
1639 2116 1718 2148 cui-

267 2172 375 2205 quam
414 2159 601 2192 videatur:
637 2158 774 2192 faciunt
809 2159 904 2192 enim
941 2159 979 2192 id
1006 2158 1053 2192 ad
1075 2158 1173 2204 quod
1203 2171 1223 2192 a
1246 2166 1373 2193 natura
1396 2165 1480 2193 sunt
1503 2163 1716 2207 comparati,

266 2218 342 2240 non
369 2206 468 2252 quod
503 2207 640 2239 volunt.
680 2206 808 2250 quodsi
839 2206 1047 2247 Eutelidas,
1084 2211 1125 2239 ut
1152 2212 1208 2239 est
1234 2208 1331 2252 apud
1355 2207 1584 2242 Plutarchum
1597 2228 1612 2251 ‚v
1633 2220 1717 2243 suos

268 2254 382 2298 ipsius
408 2252 530 2285 oculos
560 2254 597 2285 in
634 2263 727 2296 aqua
759 2259 969 2298 conspectos
992 2253 1197 2294 fascinavit,
1223 2265 1303 2287 cum
1332 2255 1467 2288 formae
1490 2261 1715 2289 venustatem

268 2311 370 2333 suam
405 2300 533 2332 fuisset
573 2299 790 2338 admiratus,
825 2301 940 2334 multo
975 2301 1084 2345 magis
1113 2299 1254 2333 invidus
1279 2302 1404 2334 oculus
1431 2301 1494 2335 alii
1517 2303 1715 2347 perniciem

268 2347 363 2380 seret
378 2372 388 2388 ‚
428 2346 529 2391 quasi
552 2347 665 2379 telum
701 2346 881 2390 quoddam
905 2352 1120 2381 venenatum
1145 2348 1353 2392 corporibus
1379 2349 1422 2381 iis
1447 2359 1539 2394 quae
1564 2355 1717 2383 contue-

269 2400 328 2427 tur
353 2394 560 2426 immittens.
587 2398 624 2425 et
648 2392 736 2425 haee
762 2394 908 2437 quidem
933 2401 1010 2429 tum
1029 2394 1248 2439 experientia
1270 2401 1346 2428 tum
1373 2397 1555 2440 superiora
1573 2401 1716 2441 tempo-

269 2452 307 2474 ra
332 2440 542 2473 docuerunt.
581 2451 665 2471 nam
700 2441 793 2472 oculi
832 2443 961 2485 partim
988 2446 1097 2486 agunt
1127 2442 1259 2485 partim
1286 2443 1498 2487 patiuntur,
1524 2454 1621 2476 nunc
1647 2443 1716 2477 ali-

269 2487 359 2532 quid
388 2487 592 2520 emittentes
618 2498 714 2519 nunc
739 2488 975 2532 recipientes,
1002 2488 1303 2533 quemadmodum
1333 2489 1533 2523 amantibus
1559 2495 1596 2523 et
1620 2501 1716 2523 ama-

269 2535 314 2566 tis
357 2533 547 2566 usuvenire
590 2533 761 2566 videmus.
804 2546 951 2580 magnus
987 2536 1050 2568 ille
1085 2535 1236 2569 Basilius
1278 2536 1550 2582 inscriptionem
1585 2536 1716 2571 Psalmi

268 2580 415 2614 XXXIII
442 2591 607 2613 enarrans
635 2580 848 2624 „equidem”
875 2583 926 2616 ait
953 2582 1014 2624 „id
1039 2581 1136 2626 quod
1162 2583 1285 2625 fertur,
1312 2583 1437 2616 oculos
1459 2583 1573 2616 telum
1596 2584 1715 2630 quod-

270 2626 350 2659 dam
376 2633 593 2661 venenatum
621 2627 788 2659 eiaculnri
806 2654 814 2668 ‚
853 2635 1018 2675 tanquam
1043 2629 1188 2673 vulgare
1213 2641 1253 2662 ac
1276 2642 1295 2662 a
1319 2630 1448 2663 vetulis
1475 2632 1712 2675 excogitatum

271 2674 307 2705 in
333 2674 520 2706 mulierum
559 2673 785 2706 conclavibus
829 2677 962 2709 reiicio.
987 2676 1067 2709 dico
1101 2682 1216 2709 autem
1242 2678 1352 2710 malos
1373 2677 1495 2721 genios
1511 2704 1519 2717 ,
1540 2678 1603 2724 qui
1628 2677 1712 2710 odio

270 2718 357 2752 boni
384 2720 552 2765 flagrant,
580 2721 609 2754 si
635 2731 722 2765 quas
749 2723 929 2766 reperiant
957 2728 1211 2757 consentaneas
1239 2724 1322 2768 ipsis
1342 2730 1378 2757 et
1401 2723 1563 2758 addictas
1581 2725 1711 2759 volun-
