1826 3120
618 150 907 194 ANNAmUM
947 152 1084 194 PARS
1112 155 1167 194 11.
1502 134 1614 192 335

150 256 446 312 ἠδικημένοις,
497 250 575 294 κᾶν
613 254 849 309 α’λλογενεῑς
891 249 1015 307 αἷσιν,
1056 251 1265 308 ἐπαμύνει
1301 257 1471 304 δικαίως
1499 254 1614 306 θεός.

151 324 227 366 καί
255 319 383 372 αὐτὸς
422 319 446 361 ὖ
479 321 622 374 Δαβὶδ
654 320 729 362 τὸν
773 322 936 375 Ου’ριάν
984 319 1188 378 ἀδικήσας
1233 320 1472 379 ἀλλόφυλον
1515 318 1616 365 ὄντα

151 392 377 446 (Χετταῖος
405 385 511 444 γάρ)
545 388 622 428 οιῖκ
650 389 911 442 ἀτιμώρητος
938 387 1087 441 ἔμεινε.
1115 388 1160 430 τὸ
1194 391 1242 431 δὲ
1266 391 1486 444 μοιχίδιον
1513 390 1615 445 βρέ-

149 471 254 512 φος,
284 453 306 497 ὃ
334 456 500 510 πρῶτον
536 455 589 511 τῇ
623 456 847 509 Βηρσαβεέ
880 456 1021 508 γέγονε
1059 457 1337 513 μοιχευθείσῃ
1366 457 1422 513 τῷ
1448 458 1616 511 Δαβίδ,

110 521 353 573 ὅέπάταξεν
386 518 408 563 ὁ
434 519 550 569 θεὸς.
627 522 710 572 ζῶν
739 519 819 575 γάρ
850 519 1022 573 ἔμελλεν
1063 518 1171 563 εἶναι
1200 523 1278 564 τοῦ
1307 525 1510 577 εὕσεβοῦς
1537 527 1616 577 βα-

147 591 299 638 σιλέως
326 582 490 636 ὄνειδος
519 587 592 629 καί
614 589 688 642 τῆς
733 589 867 629 αὕτοῦ
895 589 1163 643 παρανομίας
1197 587 1377 644 ἔλεγχος.
1435 587 1614 645 κηδόμε·
1626 603 1751 651 V.139

146 671 217 707 νος
245 651 320 698 οὖν
352 656 488 697 advo&
523 655 597 709 ζῆν
624 652 669 697 τὸ
699 656 891 696 τοιοῦτον
920 654 941 694 ὃ
974 654 1180 709 δεσπότης
1213 652 1290 696 οὐκ
1322 654 1476 699 εἴασεν.

252 723 314 765 ‘H
339 723 386 763 δὲ
414 720 556 776 πρώτη
583 722 728 775 βίβλος
768 722 851 762 τῶν
881 723 1274 774 Παραλειηομένων
1302 723 1526 765 αἰνίττεται
1557 723 1655 773 ὦςΟ

146 791 224 832 τοῦ
249 790 396 843 Δαβίδ
434 790 540 830 εἰσιν
573 784 755 837 ἅπαντες
797 785 834 828 οἱ
866 789 1052 840 ψαλμοί,
1103 790 1217 829 καθά
1248 795 1353 844 φησι
1389 788 1615 845 Θεοδώρη-

89 871 231 906 ῐοτος.
289 859 395 911 λέγει
426 854 507 910 γάρ
538 851 601 896 ὅτι
634 853 751 904 ἔταξε
781 856 927 908 Λαβίδ
955 857 999 895 έν
1028 856 1144 911 α’ρχῇ
1172 857 1248 896 τοῦ
1278 858 1410 897 αἰνεῖν
1437 854 1509 898 τὸν
1538 857 1615 897 κύ·-

146 938 240 978 ριον
274 924 320 965 ἐν
346 925 465 977 χειρί
498 920 695 976 Ἀσαφὰτ
736 920 810 962 καί
848 923 932 963 τῶν
971 915 1172 977 ἀδελφῶν
1211 923 1365 964 αὐτοῦ.
1424 921 1445 964 ὃ
1472 925 1617 976 μέντοι

146 990 292 1044 Λαβίδ
317 990 420 1031 έτῶν
447 987 666 1043 τριάκοντα
695 987 972 1042 βασιλεύσας,
1000 984 1058 1036 ὥς
1083 1004 1191 1044 φησι
1221 986 1515 1044 Θεοδώρητος,
1542 1004 1616 1030 πε-

146 1055 195 1111 ρὶ
221 1056 274 1100 τὰ
320 1051 606 1111 ἑβδομήκοντα
631 1054 678 1096 τὸ
719 1055 797 1096 τοῦ
836 1055 933 1108 βίου
963 1058 1079 1104 τέλος
1119 1056 1303 1106 ἐδέξατο.
1361 1058 1616 1110 προσθετέον

148 1123 197 1165 δὲ
224 1127 313 1172 τοῖς
338 1117 424 1163 ἅνω
454 1122 529 1163 καί
556 1119 657 1163 τάδε
699 1123 796 1162 καθ’
827 1119 1015 1177 ἱστορίαν
1044 1116 1147 1163 ὄντα
1174 1124 1254 1163 τοῦ
1280 1119 1510 1177 Ἰωσήπου.
1539 1140 1616 1165 κα-

85 1187 202 1233 15τὰ
231 1189 534 1232 Παλαιστινῶν
570 1188 836 1243 ἐκστρατεύει
867 1187 888 1228 ὃ
927 1189 1072 1242 Δαβίδ
1084 1220 1096 1241 ,
1126 1190 1200 1230 καί
1226 1187 1381 1239 διώξας
1409 1188 1482 1231 ἐπὶ
1505 1188 1610 1231 πολύ

147 1257 290 1311 διέστη
318 1257 401 1297 τῶν
430 1251 564 1297 αὐτοῦ
592 1253 773 1300 πάντων.
832 1253 905 1296 καὶ
932 1254 1036 1298 ἰδών
1065 1250 1199 1296 αὖτόν
1223 1255 1520 1308 μεμονωμένον
1542 1255 1616 1298 καί
1626 1265 1659 1298 D

130 1320 230 1375 kaim)
269 1321 399 1363 κόπου
440 1318 613 1363 ἔκλυτόν
639 1336 704 1369 τις
743 1322 829 1362 τῶν
857 1323 1084 1374 ἐναντίων,
1122 1318 1169 1370 ὂς
1199 1323 1272 1363 καί
1301 1321 1502 1376 ἀπόγονος
1530 1324 1614 1364 τῶν

147 1387 369 1443 Γιγάντων
397 1383 450 1443 ἦν
468 1421 481 1441 ,
506 1388 700 1442 ἠπείγετο
727 1389 983 1430 θανατῶσαι
1014 1384 1155 1433 αὐτόν.
1186 1387 1259 1429 καί
1284 1390 1407 1431 τοῦτο
1439 1385 1492 1430 ἂν
1522 1390 1613 1443 ἐγε-

145 1452 284 1509 γόνει,
330 1455 372 1497 εἰ
418 1453 477 1509 μή
523 1455 742 1508 Ἀβεσαΐος
783 1451 806 1494 ὅ
845 1453 1032 1511 ἀδελφὸς
1071 1454 1204 1508 Ἰωαβ
1240 1452 1463 1509 παρευθύς
1493 1453 1616 1507 εὑρε-

81 1533 135 1560 2o
148 1523 239 1571 θεῖς
279 1523 413 1564 ἐκεῖσε
454 1516 672 1563 ἀπέκτεινε
708 1518 783 1562 τὸν
811 1523 1030 1574 πολέμιον,
1069 1522 1222 1563 ἐκεῖνον
1253 1522 1300 1563 δὲ
1325 1523 1437 1564 σῶον
1465 1523 1616 1565 ἐπανε-

146 1588 328 1632 σώσατο.
402 1584 505 1630 ὅθεν
547 1589 622 1629 καί
647 1582 844 1642 ὥρκωσεν
873 1583 998 1630 αὐτὸν
1035 1587 1057 1630 ὃ
1087 1587 1189 1636 λαὸς
1218 1584 1330 1638 ἅπας
1359 1588 1416 1639 ὥς
1445 1588 1502 1644 μὴ
1536 1591 1613 1631 τοῦ

248 1722 301 1757 13.
324 1719 384 1769 τά]
411 1721 499 1762 τοὺς
513 1722 547 1754 Ρ.
1458 1755 1472 1770 ‚

147 1830 335 1863 <lominum
375 1830 515 1873 generis
554 1829 744 1862 discrimen
782 1831 923 1863 nullum
952 1831 1163 1872 admittere,
1191 1831 1254 1864 sed
1281 1831 1441 1866 adfectos
1467 1833 1613 1875 iniuria,

145 1877 292 1911 tametsi
320 1878 459 1921 generis
489 1877 621 1909 diversi
651 1882 686 1910 et
710 1878 891 1922 peregrini
925 1879 1017 1919 sint,
1042 1879 1137 1911 iusto
1163 1878 1299 1912 iudicio
1324 1891 1390 1912 suo
1415 1880 1611 1914 vindicare.

145 1925 347 1971 quinetiam
381 1925 459 1970 ipse
486 1924 663 1965 Davides,
697 1925 797 1969 quod
818 1926 940 1957 Uriam
974 1936 1040 1970 per
1065 1925 1183 1958 scelus
1208 1927 1403 1968 violasset,
1427 1926 1613 1962 hominem

146 1972 384 2017 caeteroquin
423 1971 680 2016 alienigenam,
723 1977 764 2004 ut
792 1972 856 2017 qui
880 1972 1074 2006 Chettaeus
1101 1978 1216 2015 esset,
1243 1973 1392 2018 impune
1416 1985 1490 2007 non
1515 1976 1612 2009 tulit.

146 2031 192 2053 ex
217 2019 398 2052 adulterio
424 2019 572 2064 quidem
612 2024 807 2063 conceptus
833 2019 969 2061 infans,
995 2020 1129 2065 primus
1152 2021 1185 2053 ei
1211 2027 1315 2054 natus
1343 2032 1387 2053 ex
1410 2022 1612 2064 Bersabea,

147 2067 322 2101 divinitus
350 2067 477 2100 morbo
503 2067 665 2100 adfectus
691 2067 854 2099 interiit:
881 2067 1018 2112 quippe
1044 2068 1072 2100 si
1099 2073 1281 2113 superstes
1309 2070 1497 2103 mansisset
1513 2096 1521 2111 ‚
1548 2071 1611 2115 pio

121 2114 223 2159 ·regi
253 2115 380 2147 fuisset
403 2113 535 2160 probro
575 2120 611 2148 et
646 2114 875 2147 manifestum
916 2114 1060 2147 admissi
1099 2114 1270 2149 facinoris
1295 2115 1472 2150 indicium
1499 2123 1612 2163 atque

146 2167 408 2207 argumentum.
440 2161 675 2206 quamobrem
715 2161 837 2194 divina
872 2161 917 2194 de
941 2162 1080 2195 Davide
1115 2174 1199 2196 cura
1224 2163 1527 2211 providentiaque
1557 2165 1612 2198 fa-

147 2215 245 2243 ctum
273 2214 328 2242 est
352 2214 392 2242 ut
421 2209 597 2242 eiusmodi
623 2220 738 2254 puero
767 2210 841 2242 vita
867 2209 1011 2253 longior
1034 2221 1107 2243 non
1132 2211 1405 2245 concederetur.

242 2256 432 2289 Caeterum
459 2257 496 2289 in
525 2257 746 2290 Omissorum
769 2257 883 2301 primo
912 2257 1006 2289 libro
1045 2257 1269 2302 significatur
1301 2270 1425 2292 omnes
1451 2260 1612 2304 psalmos

146 2303 297 2336 Davidis
337 2314 424 2336 esse.
463 2309 618 2337 testatur
653 2303 749 2336 idem
777 2303 1023 2338 Theodoritus
1058 2316 1222 2350 quoque,
1257 2306 1411 2351 primum
1436 2307 1613 2340 Davidem

148 2350 335 2384 ordinasse
373 2350 520 2392 dicens,
553 2350 725 2396 Asaphati
765 2357 801 2384 et
827 2351 975 2384 fratrum
1008 2353 1084 2386 eius
1109 2363 1235 2398 opera,
1274 2359 1316 2387 ut
1353 2354 1496 2397 hymnis
1523 2354 1613 2387 deus

149 2398 476 2432 concelebraretur.
515 2410 594 2431 cum
635 2405 753 2432 autem
795 2398 973 2440 Davides‚
1012 2400 1139 2433 eodem
1174 2400 1401 2435 Theodorito
1444 2407 1614 2443 auctore,

149 2453 263 2478 annos
288 2446 437 2490 triginta
475 2451 679 2490 regnasset,
715 2447 944 2491 septuaginta
970 2447 1136 2489 vixisset,
1162 2448 1237 2481 fato
1264 2448 1409 2482 functus
1437 2455 1500 2482 est.
1521 2449 1615 2483 libet

149 2490 219 2524 hoc
245 2493 325 2526 loco
355 2493 600 2538 superioribus
636 2494 726 2526 haec
752 2505 898 2538 quoqne
937 2493 982 2526 de
1005 2495 1151 2540 Iosephi
1175 2496 1447 2529 narrationibus
1476 2495 1613 2529 adiice-

150 2549 199 2572 re.
225 2541 358 2573 accidit
392 2540 590 2586 aliquando
625 2546 665 2574 ut
689 2541 809 2585 copias
844 2540 1002 2574 Davides
1035 2542 1205 2576 adversus
1230 2543 1453 2576 Palaestinos
1480 2543 1613 2576 educe-

150 2591 223 2627 ret,
249 2598 402 2632 cumque
427 2594 637 2632 persecutus
664 2599 724 2621 eos
749 2588 812 2620 diu
839 2589 974 2629 suisset,
1001 2589 1108 2634 longo
1133 2591 1324 2624 intervallo
1352 2602 1371 2622 a
1397 2591 1469 2623 suis
1495 2592 1613 2624 omni-

149 2633 218 2666 hus
245 2640 299 2668 est
332 2634 502 2669 divulsus.
541 2641 617 2669 tum
662 2635 806 2680 quidam
832 2647 875 2668 ex
910 2635 1097 2677 hostibus,
1137 2649 1155 2670 e
1186 2638 1368 2682 gigantum
1398 2639 1612 2682 posteritate

150 2686 276 2722 natus,
309 2692 390 2714 eum
422 2683 539 2715 solum
569 2682 824 2728 desertumque
859 2682 986 2716 videns
1011 2695 1052 2717 ac
1074 2696 1159 2731 prae
1185 2686 1311 2717 labore
1336 2685 1472 2718 viribus
1499 2686 1613 2719 desti-

150 2734 288 2768 tutum,
316 2729 520 2763 interficere
545 2728 767 2772 festinabat3
795 2741 834 2763 ac
858 2730 990 2764 tectum
1015 2732 1053 2764 id
1082 2743 1167 2765 sane
1193 2733 1343 2773 suisset,
1368 2733 1407 2765 ni
1435 2732 1612 2767 Abisaeus

150 2775 252 2809 Ioabi
280 2775 389 2811 frater
414 2788 497 2812 mox
523 2777 700 2813 adfuisset
722 2776 936 2824 hostemque
960 2780 1173 2824 peremisset
1202 2791 1241 2815 ac
1267 2779 1441 2816 Davidem
1474 2781 1611 2815 salvum
