1826 3120
219 149 295 214 48
688 161 978 204 MicflAEms
1020 162 1236 206 GLYCAE

221 266 326 307 ὦνδε
356 261 382 318 ἢ
410 263 582 305 τοιῶνδε
607 266 691 309 τοῖς
712 259 937 315 χρώμασιν
957 259 1260 303 ἀνατελλόντων
1278 260 1353 315 τήν
1368 275 1412 302 τε
1427 261 1668 317 χειμερινὴν

221 333 298 372 τοῦ
319 331 441 384 α’έρος
474 327 726 369 κατάστασιν
756 328 829 368 καί
843 325 919 382 τὴν
940 326 1149 381 εὐδιεινὴν
1171 323 1474 380 σημειούμεθα.
1505 330 1557 370 δι’
1585 330 1666 370 αὕ-

222 399 304 438 τῶν
325 395 367 436 αἱ
388 393 550 449 τροπαί,
576 394 631 432 δι’
651 392 794 434 αὐτῶν
812 391 850 434 οἱ
865 395 1017 449 καιροί,
1035 390 1110 446 ἔαρ
1131 391 1304 446 δηλαδή,
1326 393 1464 445 θέρος,
1483 392 1670 447 μετόπω-

223 477 298 517 ρον
318 461 392 502 καί
406 459 588 514 χειμών·
621 456 642 499 ὅ
663 456 742 512 γὰρ
761 454 875 513 ἥλιος
897 458 972 502 τὸν
993 457 1198 510 ζωδιακὸν
1216 459 1355 512 ἠρέμα
1377 458 1577 502 διοδεύων
1596 460 1670 502 κύ-

222 532 333 580 κλον,
353 528 425 567 καί
441 526 535 566 ποτὲ
555 526 631 577 μὲν
655 524 712 580 τῷ
733 525 910 583 καρκίνῳ
932 523 1277 579 παραγενόμενος
1304 527 1402 566 ποτὲ
1427 526 1474 566 δὲ
1485 527 1542 582 τῷ
1561 526 1671 585 ζυγῷ
1683 540 1708 581 5
1759 528 1765 533 ’

184 596 293 638 Βκαί
329 589 471 633 ἄλλοτε
508 588 633 632 πάλιν
662 592 706 632 ἐν
751 593 810 649 τῷ
839 594 1105 647 αἰγοκέρωτι,
1133 589 1209 639 τὰς
1239 592 1548 647 διαληφθείσας
1575 593 1671 634 τέσ-

220 674 352 713 σαρας
381 657 570 713 εἰσφέρει
601 654 772 710 τροπάς.
833 658 889 698 δι’
925 657 1064 699 αὐτῶν
1094 655 1139 698 αἱ
1171 656 1347 711 ἡμέραι,
1379 657 1434 697 δι’
1461 657 1600 699 αὐτῶν
1629 655 1672 700 οἱ

218 725 419 766 ἐνιαυτοί.
487 723 544 780 τῷ
574 720 654 777 γάρ
686 723 852 781 ου’ρανῷ
891 722 1307 779 συμπεριφερόμενος
1350 721 1372 764 ὅ
1415 719 1531 777 ἥλιος
1555 728 1675 766 ποιεῖ

218 789 265 831 τὸ
300 790 590 844 νυχθήμερον,
631 790 720 847 ἰδίᾳ
764 790 809 831 δὲ
847 789 920 845 τὴν
952 786 1107 831 ἑαυτοῦ
1147 791 1395 842 ποιούμενος
1429 790 1568 831 δίοδον
1596 788 1671 832 καί

218 853 301 897 ἀπὸ
336 856 488 906 ζωδιόυ
534 858 797 909 μεταβαίνων
830 857 890 905 εἰς
937 855 1087 907 ζώδιον
1116 854 1188 897 τὸν
1213 854 1408 897 ἐνιαυτὸν
1436 856 1666 911 ἐκπληροῖ·
1685 881 1732 908 10

216 920 405 970 ἐνιαυτὸς
442 919 523 976 γάρ
560 917 683 962 οῦδὲν
732 917 834 962 ἄλλο
867 920 978 962 ἐστὶν
1020 920 1111 962 ἀλλ’
1141 921 1167 975 ἦ
1216 920 1296 962 α’πὸ
1328 922 1407 962 τοῦ
1438 922 1568 964 αὐτοῦ
1595 922 1675 963 καῖ’

215 985 304 1036 ἑνὸς
333 989 508 1043 σημείου
552 986 623 1028 ἐπὶ
648 985 695 1028 τὸ
728 984 834 1028 αὐτὸ
868 986 993 1028 πάλιν
1023 984 1381 1036 ἀποκατάστασις.
1459 988 1593 1029 ταῦτα
1621 989 1668 1031 δὲ

214 1052 381 1102 πάντως
413 1054 487 1094 οὐκ
516 1047 630 1103 ἄξιον
659 1054 821 1107 α’γνοεῖν
840 1051 938 1102 τσύς
962 1050 1150 1102 πιστούς.
1205 1055 1398 1096 ἐντεῦθεν
1422 1053 1502 1109 γὰρ
1533 1053 1559 1108 ἦ
1590 1049 1669 1108 ἅρ-

215 1135 341 1175 ρητος
368 1121 444 1161 τοῦ
470 1120 576 1160 θεοῦ
601 1120 735 1174 σοφία
755 1118 1115 1173 καταλαμβάνεται
1145 1121 1216 1162 καί
1244 1117 1450 1173 δύναμις·
1504 1119 1558 1161 τοὶ
1586 1118 1666 1176 γάρ

175 1183 380 1240 (Ξοῖόρατα
417 1186 574 1237 αὐτοῦ,
611 1181 724 1226 καθά
765 1200 872 1241 φησι
910 1187 1114 1237 Παῦλος,
1158 1183 1242 1227 ἀπὸ
1287 1184 1460 1237 κτίσεως
1504 1186 1664 1240 κόσμου
1684 1196 1732 1239 ¹5

100 1259 142 1294 V.
156 1270 199 1294 20
213 1257 301 1299 τοῖς
330 1250 538 1306 ποιήμασι
568 1249 779 1304 νοούμενα
809 1253 1061 1305 καθορᾶται.
1129 1250 1258 1309 ταύτῃ
1283 1267 1351 1293 τοι
1374 1253 1447 1294 καί
1472 1253 1670 1306 κατακρί-

210 1333 306 1366 τους
332 1318 512 1367 ἐκείνους
534 1317 556 1358 ὄ
583 1319 714 1371 μέγας
742 1316 850 1374 φησί
858 1317 1073 1371 Μάξιμος,
1102 1314 1194 1360 ὅσοι
1227 1316 1297 1360 διὰ
1328 1320 1402 1374 τῆς
1427 1320 1511 1362 τῶν
1541 1311 1668 1361 ὄντων

212 1385 352 1434 αἰτίας
380 1380 429 1425 οὖ
457 1389 732 1439 χειραγωγεῖν
763 1385 958 1426 ἐθέλουσι
984 1384 1058 1426 καί
1084 1381 1278 1434 ἑαυτούς.

309 1445 454 1493 ’Έθετο
489 1452 620 1492 ταῦτα
662 1451 722 1500 εἰς
760 1456 913 1505 σημεῖα
959 1452 1034 1492 καί·
1064 1452 1124 1499 εἷς
1150 1449 1340 1506 καιρούς.
1410 1451 1468 1509 τῷ
1494 1447 1662 1508 μεγάλῳ
1717 1492 1721 1495 ,

210 1519 426 1574 Βασιλείῳ
454 1517 677 1558 κάνταῦθα
716 1518 940 1570 προσέχειν
966 1531 1014 1557 σε
1051 1511 1177 1566 ἄξιον.
1235 1517 1280 1558 ἐν
1304 1514 1388 1570 γάρ
1419 1517 1473 1574 τῇ
1501 1517 1562 1565 εἷς
1589 1515 1731 1570 virm,

209 1581 440 1639 ὲξαήμερον
469 1584 561 1638 ἕκτῃ
592 1581 723 1624 αὐτοῦ
753 1581 895 1639 ὁμιλίᾳ
923 1582 1023 1637 περὶ
1049 1585 1123 1636 τῆς
1149 1584 1230 1624 τῶν
1258 1583 1446 1637 α’στέρων
1475 1599 1663 1638 παρατη-

211 1646 372 1703 ρήσεως
399 1648 474 1692 καί
494 1645 594 1690 τάδε
613 1647 756 1703 φησίν.
812 1649 1018 1702 α’ναγκαία
1047 1647 1151 1703 πρὸς
1178 1646 1249 1689 τὸν
1280 1645 1544 1702 α’νθρώπινον
1571 1649 1664 1702 βίον

303 1761 333 1794 5.
360 1759 669 1807 παραγινόμενος
680 1759 696 1794 ‘t‘

209 1863 267 1898 vel
291 1863 361 1895 hoc
383 1862 443 1896 vel
479 1861 544 1894 illo
577 1861 685 1894 modo
720 1862 878 1895 colorata
912 1863 1094 1903 oriuntur,
1122 1867 1184 1895 aut
1206 1862 1387 1896 turbidam
1415 1867 1478 1896 aut
1501 1873 1662 1899 serenam

211 1910 304 1944 acris
337 1909 631 1942 constitutionem
663 1910 740 1942 fore
764 1915 938 1942 notamus.
977 1920 1041 1954 per
1070 1920 1110 1942 ea
1136 1909 1385 1943 conversiones
1410 1910 1496 1942 anni
1521 1916 1662 1957 tempo-

210 1969 287 1990 rum
314 1957 462 2003 Ipsaque
486 1961 648 2000 tempora
675 1956 899 1997 efficiuntur,
923 1956 1090 1989 nimirum
1107 1968 1167 1990 ver
1191 1961 1305 1989 aestas
1332 1961 1521 1990 autumnus
1534 1957 1662 1994 hiems.

212 2005 344 2037 etenim
374 2004 427 2037 sol
452 2003 623 2036 circulum
648 2003 751 2035 illum
783 2015 890 2049 quem
914 2003 1109 2036 zodiacum·
1130 2009 1258 2036 vocant
1285 2004 1416 2036 sensim
1439 2014 1662 2050 percurrens,

212 2052 294 2083 dum
321 2051 427 2083 modo
454 2051 493 2083 in
520 2050 655 2083 Cancro
682 2050 793 2083 fertur
815 2050 923 2083 modo
949 2052 987 2083 in
1014 2051 1118 2083 Libra
1140 2047 1247 2083 modo
1277 2050 1316 2083 in
1342 2050 1583 2096 Capricorno,
1609 2054 1664 2095 vi-,

210 2109 268 2130 ces
298 2098 376 2130 illas
401 2098 487 2131 anni
511 2103 710 2142 temporum
741 2103 911 2143 quattuor
934 2098 1109 2131 indicatas
1138 2097 1257 2131 efficit.
1281 2108 1346 2142 per
1370 2098 1495 2132 eadem
1524 2105 1560 2133 et
1584 2099 1662 2134 dies

211 2145 415 2177 efficiuntur
454 2150 490 2177 et
514 2146 610 2177 anni.
653 2155 734 2177 nam
761 2156 832 2178 una
862 2156 942 2177 cum
965 2146 1068 2178 coelo
1093 2145 1146 2178 sol
1170 2145 1423 2178 circumvectus
1447 2152 1663 2181 nocturnum

212 2191 451 2236 diurnumque
478 2192 633 2235 spatium
657 2191 822 2226 absolvit.
846 2191 944 2225 idem
971 2193 1101 2225 itinere
1125 2202 1188 2224 suo
1214 2192 1447 2236 peculiariter
1480 2194 1661 2236 absoluto,

211 2237 328 2283 deque
354 2239 453 2282 signo
480 2237 525 2270 ad
551 2238 690 2282 signum
719 2249 931 2281 commeans,
958 2240 1042 2272 anni
1067 2239 1220 2283 spatium
1245 2239 1401 2283 perficit:
1426 2251 1539 2274 annus
1565 2242 1662 2275 enim

211 2284 310 2317 aliud
335 2284 427 2317 nihil
452 2290 505 2318 est
530 2296 637 2329 quam
660 2284 704 2318 ab
729 2285 810 2320 uno⁴
829 2286 1028 2332 eodemque
1044 2287 1142 2330 signo
1168 2285 1215 2318 ad
1240 2285 1333 2318 illud
1357 2287 1473 2332 ipsum
1496 2288 1582 2322 solis
1603 2299 1662 2321 re-

209 2332 338 2365 versio.
359 2331 447 2364 haec
472 2332 618 2365 omnino
638 2332 813 2376 religiosis
831 2333 1037 2368 hominibus
1056 2334 1176 2377 ignota
1201 2343 1275 2365 esse
1301 2344 1375 2366 non
1403 2334 1549 2368 debent.
1577 2346 1661 2368 nam

212 2378 257 2411 (le
285 2378 339 2410 his
368 2379 545 2423 sapientia
583 2376 817 2426 potestasque
842 2381 924 2423 dei,
961 2391 1053 2426 quae
1078 2380 1239 2413 oratione
1268 2381 1405 2414 nemini
1435 2381 1566 2427 exponi
1593 2393 1660 2427 po-

209 2430 303 2466 test,
332 2426 540 2470 percipitur.
579 2427 713 2460 etenim
743 2439 836 2473 quae
871 2434 953 2461 sunt
980 2428 1055 2461 eius
1079 2426 1400 2472 inadspectabilia,
1426 2428 1654 2473 quemadmo-

212 2474 294 2504 dum
321 2472 449 2505 Paulus
476 2472 588 2517 (Rom.
624 2486 634 2506 1
670 2477 725 2520 ιο)
760 2475 830 2516 ait,
869 2486 909 2508 ea
934 2475 979 2508 de
1002 2473 1128 2507 mundi
1155 2473 1354 2516 creatione,
1382 2474 1466 2508 dum
1491 2475 1660 2509 conside-

210 2524 331 2550 rantur
365 2530 428 2564 per
455 2530 584 2563 opera,
609 2522 883 2566 perspiciuntur.
920 2527 1109 2568 propterea
1142 2520 1363 2554 damnabiles
1393 2522 1478 2555 illos
1503 2523 1555 2556 ait
1581 2532 1659 2556 esse

208 2564 406 2606 Maximus,
434 2566 640 2612 quicunque
670 2579 734 2613 per
758 2569 1000 2614 cognitionem
1024 2568 1263 2602 universitatis
1299 2579 1416 2602 terum
1442 2568 1489 2603 ad
1516 2580 1656 2604 causam

209 2611 322 2656 ipsius
349 2612 592 2646 universitatis
619 2626 694 2647 sese
721 2617 823 2661 quasi
847 2616 1087 2650 manuducere
1114 2615 1254 2648 nolunt.

305 2657 392 2689 Cum
416 2665 534 2691 autem
573 2659 643 2693 dici
673 2662 774 2697 audis
821 2663 1035 2705 „constituit
1063 2673 1104 2696 ea
1128 2662 1167 2696 in
1195 2662 1295 2707 signa
1320 2667 1357 2696 et
1380 2667 1541 2709 tempora
1552 2662 1584 2703 ‚'’
1606 2661 1657 2696 si-

209 2703 284 2737 mul
307 2703 451 2737 adverte
479 2705 567 2748 quid
589 2717 609 2737 a
633 2708 765 2742 Basilio
792 2711 964 2746 tradatur.
999 2721 1079 2743 nam
1102 2709 1139 2743 in
1163 2709 1338 2743 concione
1363 2708 1408 2743 de
1433 2721 1495 2744 sex
1520 2710 1656 2743 dierum

210 2751 380 2796 operibus
408 2762 557 2784 numero
586 2759 683 2786 sexta
706 2754 910 2791 huiusmodi
939 2756 1112 2803 quaedam
1154 2755 1199 2790 de
1223 2756 1378 2791 siderum
1405 2757 1653 2792 observatione
