1826 3120
295 94 412 160 624
544 100 546 102 ’
742 91 1030 148 menaeus
1073 107 1288 149 GLYCAE

293 213 408 266 σμοί.
474 207 580 250 κατὰ
624 208 670 248 δὲ
697 206 743 247 τὸ
777 205 850 261 ἔαρ
891 205 1088 249 ἕπνευσεν
1120 201 1270 259 ἄνεμος
1297 207 1494 251 τοσοῦτον
1522 212 1669 263 βιαῖοςν
1688 208 1747 260 ὥς

295 277 369 321 καί
393 271 501 319 ἄλλα
532 277 609 328 μὲν
634 274 848 326 συμβῆναι
877 272 1191 326 συμπτώματα,
1221 277 1473 316 καταπεσεῖν
1504 276 1551 317 δὲ
1577 270 1650 318 ’καί
1675 275 1749 328 τὴν

297 347 342 387 ἐν
366 344 425 401 τῷ
451 339 555 383 κατὰ
586 337 631 382 τὸ
662 338 881 381 πλακωτὸν
911 343 1016 382 κίονι
1042 337 1272 395 ἱδρυμένην
1291 337 1444 395 στήλην
1470 339 1548 383 καὶ
1571 341 1749 392 πολλοὺς

297 412 381 452 τῶν
410 411 543 450 ἐκεῖσε
585 402 918 460 παρατυχόντων
964 406 1152 459 ἀνελεῖν,
1184 409 1256 447 καί
1286 401 1444 461 ὄμβρον
1473 407 1521 448 δὲ
1551 405 1749 462 ῥαγόζαῖον

256 478 342 517 Εὲν
370 476 421 531 τῇ
458 473 602 530 μνήμῃ
644 473 728 513 τῶν
757 471 886 525 ἁγίων
935 470 1178 514 ἀποστόλων
1206 474 1405 517 τοσοῦτον
1424 467 1787 529 ’καταρραγῆναιὸ

297 541 354 590 ὥς
392 542 464 582 καί
490 541 624 588 οἰκίας
661 543 911 580 καταπεσεῖν
949 536 1202 593 ἀνθρώπους
1222 553 1266 580 τε
1305 537 1379 580 καί
1403 539 1491 588 ζῶα
1521 539 1750 594 α’ποπνιγῆ-

274 622 383 650 ναι.
442 609 487 648 ἐν
529 603 692 654 τούτοις
721 602 953 659 ἐπιδρομήν
984 602 1181 659 Τούρκων
1225 603 1329 646 κατὰ
1352 601 1597 657 “Ρωμαι’ων.
1652 601 1673 645 ὃ
1705 606 1752 651 δὲ

295 675 461 728 κρατῶν
497 671 556 727 μὴ
597 670 758 725 ἰσχύων
802 672 856 711 δι’
884 669 1040 712 ἑαυτοῦ
1081 672 1389 725 ἐκστρατεῦσαι
1417 667 1490 712 ἅτε
1515 670 1755 727 κλινοπετὴς

298 737 379 792 ὤν,
413 737 596 794 στρατὸν
638 736 836 790 ἐκπέμπει
866 731 918 778 οὗ
946 735 1134 791 α’ρχηγὸς
1177 736 1199 778 ὅ
1230 736 1461 792 Καμύτζης
1490 733 1751 788 Εὖστὰθιος,

298 800 346 855 ὃς
376 804 426 860 δὴ
466 804 539 847 καί
573 802 823 858 προσβαλών
871 808 956 851 τοῖς
992 802 1193 860 Τούρκοις
1217 801 1483 857 αἰχμάλωτος
1503 797 1656 857 ,ἄγεται
1683 804 1756 846 καί
1774 818 1821 844 ιο

299 870 375 914 τὸν
401 871 580 926 στρατὸν
608 867 854 915 α’πόλλυσιν.
902 870 1043 911 ου’κὲτι
1075 864 1149 911 οὖν
1176 870 1375 923 (ἐνέχεται
1403 865 1424 911 ὅ
1453 869 1632 924 κρατῶν,
1665 864 1756 912 ἄλλ’

164 940 207 975 V·
221 942 290 975 260
301 940 434 988 ἐκεῖσε
462 935 772 989 καταλαμβάνει
801 937 873 977 καί
900 934 998 984 τούς
1021 934 1235 991 Τούρκους
1259 932 1362 977 ὦσεί
1388 934 1542 977 καπνὸν
1572 933 1755 978 διαλύει.

302 1003 375 1046 καί
405 1001 443 1045 οἱ
469 1001 539 1045 τὸν
566 999 801 1057 Καμύτζην
834 1002 1080 1055 κατέχοντες
1109 998 1340 1055 αὐτόμολοι
1375 1000 1453 1044 σύν
1481 1002 1600 1059 αὐτῷ
1624 1018 1759 1059 προσ-

303 1072 499 1125 έρχονται
546 1070 602 1126 τῷ
627 1072 807 1122 βασιλεῖ.
873 1066 977 1121 μετὰ
1008 1068 1140 1109 ταῦτα
1184 1066 1205 1108 ὅ
1235 1069 1320 1110 τῶν
1363 1065 1563 1123 Τοῦρκων
1611 1065 1756 1125 ἅρχων

303 1137 527 1178 σπένδεται
559 1135 617 1192 τῷ
644 1138 841 1188 βασιλεῖ’,
874 1136 947 1175 καί
974 1133 997 1175 ὅ
1026 1137 1122 1175 καθ’
1154 1132 1227 1176 ἕνα
1254 1132 1397 1175 οἴκαδε
1423 1130 1604 1176 ἄπεισιν.
1665 1135 1758 1177 ἕπετ’
1774 1139 1822 1180 ι5

258 1203 351 1244 Βδὲ
377 1202 485 1255 μετὰ
514 1202 646 1243 ταῦτα
674 1201 724 1242 τὰ
752 1202 823 1255 τῆς
852 1199 977 1242 νόσου
1007 1195 1174 1255 ηὔξανε,
1201 1203 1318 1257 κοινῇ
1336 1197 1478 1256 γνώμῃ
1496 1202 1577 1242 τῶν
1604 1201 1758 1255 ἰατρῶν

303 1269 475 1323 σίδηρον
513 1265 617 1309 κατὰ
657 1265 871 1321 στομάχου
913 1264 1143 1322 φλογόεντα
1171 1268 1358 1320 δέχεται.
1419 1268 1511 1308 ἐπεὶ
1543 1268 1589 1309 δὲ
1618 1266 1641 1309 ὅ
1673 1264 1756 1322 ιῖἡρ

305 1331 328 1375 ὅ
362 1336 406 1375 ἐν
435 1331 682 1386 α’νακτόροις
712 1329 792 1388 ἇῆρ
822 1334 899 1373 οὐκ
933 1327 1135 1387 εὔκρατος
1167 1331 1298 1375 ἐδόκει
1326 1328 1399 1374 ἅτε
1419 1331 1660 1388 νοτιώτερος
1683 1327 1756 1386 ὤν,

305 1401 365 1450 εἰς
394 1399 447 1442 τὰ
478 1401 559 1442 τῶν
594 1398 839 1454 Μαγγάνων
876 1397 1202 1452 ἆποκεκόμισται
1239 1397 1448 1454 α’νὰκτορα
1490 1400 1567 1441 τοῦ
1594 1398 1756 1455 χρεών,

404 1537 436 1571 3.
463 1529 663 1571 πλοκωτόν
688 1533 724 1567 F.

312 1667 431 1700 ducta.
458 1676 538 1698 cum
564 1664 619 1697 his
639 1675 720 1708 ergo
744 1663 929 1708 disputans
944 1664 1102 1704 Alexins,
1125 1663 1256 1696 multos
1282 1661 1327 1694 ad
1351 1666 1484 1696 rectam
1512 1661 1557 1694 de
1584 1661 1757 1706 religione

310 1714 526 1748 sententiam
551 1712 750 1745 revocabat.
781 1711 950 1744 exstitere
974 1716 1049 1744 tum
1072 1710 1275 1755 frequentia
1299 1710 1429 1754 passim
1455 1707 1631 1741 incendia.
1659 1721 1758 1743 cum-

309 1773 381 1807 que
405 1771 466 1795 ver
492 1759 723 1804 appetiisset,
748 1763 818 1791 tam
841 1758 1073 1791 vehementes
1109 1763 1299 1791 ventorum
1324 1756 1428 1789 ssatus
1453 1756 1568 1789 exorti
1591 1762 1695 1797 sunt,
1719 1761 1760 1789 ut

309 1809 405 1842 inter
419 1808 573 1840 aliorum
593 1817 739 1851 operum
755 1816 854 1838 casus
869 1811 977 1851 atque
996 1806 1115 1838 ruinas
1133 1805 1242 1837 etiam
1257 1809 1375 1837 statua
1388 1802 1573 1837 columnae
1591 1803 1759 1848 imposita

310 1857 349 1888 in
373 1855 450 1888 foro
479 1854 641 1894 Placot0‚
667 1853 717 1885 sic
742 1852 786 1884 ab
805 1853 1065 1885 incrustatione
1092 1852 1201 1893 dicto,
1229 1850 1376 1895 delapsa
1399 1850 1533 1884 multos
1557 1850 1639 1886 istic
1665 1853 1759 1883 torte

309 1908 517 1947 praesentes
553 1900 783 1945 opprimeret.
814 1905 999 1944 praeterea
1037 1899 1169 1932 litteris
1204 1897 1387 1943 proditum
1421 1903 1475 1931 est
1499 1908 1544 1930 ex
1575 1900 1659 1931 aere
1685 1902 1759 1930 tam

310 1950 554 1994 impetuosum
579 1946 732 1980 imbrem
766 1947 846 1988 die,
877 1958 948 1991 quo
974 1952 1178 1979 sanctorum
1215 1945 1457 1990 apostolorum
1480 1943 1576 1976 Petri
1599 1950 1636 1977 et
1658 1943 1759 1977 Pauli

310 1996 482 2029 memoria
507 1994 733 2035 celebratur,
773 1996 950 2038 erupisse,
987 1999 1028 2027 ut
1060 1993 1223 2026 aedificia
1245 1996 1556 2037 prosternerentur
1581 1996 1618 2024 et
1644 1991 1683 2023 in
1707 1991 1759 2024 eis

310 2043 480 2076 mortales
505 2053 576 2074 una
599 2053 678 2074 cum
713 2041 953 2073 animantibus
992 2041 1093 2085 aquis
1122 2040 1367 2072 obruerentur.
1391 2043 1533 2071 secutae
1558 2042 1642 2070 sunt
1666 2038 1760 2070 Tur-

312 2101 434 2124 corum
449 2090 487 2122 in
502 2089 703 2133 provincias
717 2089 890 2120 Romanas
912 2089 1149 2127 excursiones,
1175 2092 1299 2120 contra
1318 2097 1407 2131 quos
1423 2086 1618 2130 imperator
1648 2096 1760 2129 quum

313 2137 444 2170 ducere
470 2137 587 2180 copias
614 2135 750 2168 adfixus
774 2135 869 2168 lecto
895 2146 967 2167 non
990 2140 1132 2180 posset,
1156 2132 1382 2167 Eustathium
1397 2132 1599 2175 Camytzem
1623 2134 1760 2165 exerei-

313 2185 413 2217 tibus
435 2183 657 2227 praefectum
694 2181 862 2215 adversus
889 2193 947 2214 eos
985 2182 1104 2215 mittit.
1140 2182 1168 2213 is
1193 2185 1354 2214 conserta
1393 2190 1471 2212 cum
1498 2178 1623 2211 Turcis
1650 2190 1759 2212 manu

313 2242 388 2264 non
416 2231 535 2275 copias
571 2230 676 2262 modo
706 2240 823 2262 caesas
850 2229 1008 2269 amittit,
1040 2228 1272 2262 verumetiam
1309 2226 1352 2259 ab
1376 2225 1480 2259 hoste
1508 2226 1666 2270 captivus
1693 2225 1759 2259 ab-

315 2278 468 2311 ducitur.
497 2287 538 2308 eo
565 2288 646 2309 casu
674 2276 869 2321 imperator
893 2277 1035 2320 cognito
1059 2276 1177 2309 teneri
1199 2285 1272 2307 non
1312 2273 1451 2319 potuit,
1490 2273 1576 2318 quin
1599 2273 1676 2317 ipse
1713 2272 1761 2306 ad

314 2336 358 2358 ea
382 2325 459 2357 loca
486 2323 781 2368 proficisceretur.
808 2334 879 2368 quo
901 2323 996 2355 facto
1021 2323 1132 2356 instar
1155 2321 1244 2355 fumi
1270 2320 1404 2354 Turcos
1430 2319 1634 2364 dissipavit,
1655 2325 1759 2352 tanto

315 2372 368 2404 eis
404 2376 538 2404 terrore
572 2370 705 2403 iniecto
739 2376 779 2404 ut
810 2371 917 2403 etiam
939 2370 965 2402 ii
1006 2370 1067 2415 qui
1103 2369 1303 2412 Camytzem
1334 2367 1514 2413 captivum
1549 2365 1762 2400 detinebant

315 2423 444 2464 sponte
481 2429 544 2450 sua
569 2429 647 2449 cum
683 2417 763 2462 ipso
805 2416 850 2449 ad
884 2418 1135 2461 imperatorem
1181 2415 1400 2449 accederent.
1440 2412 1634 2447 secundum
1671 2413 1762 2447 haec

316 2466 483 2511 princeps
509 2464 706 2497 Turcorum
735 2463 862 2497 foedus
901 2475 980 2496 cum
1014 2464 1227 2508 imperatore
1256 2462 1374 2504 feriit3
1402 2472 1473 2507 quo
1499 2460 1589 2493 inito
1615 2459 1760 2493 domum

316 2513 487 2557 utrinque
520 2510 724 2544 discessum.
751 2523 829 2544 cum
861 2516 981 2544 autem
1009 2510 1154 2543 morbus
1180 2509 1403 2554 imperatoris
1427 2509 1466 2540 in
1497 2506 1572 2540 dies
1598 2507 1762 2552 ingrave-

317 2565 452 2600 sceret,
487 2557 532 2591 de
562 2558 740 2591 communi
775 2557 996 2591 medicorum
1038 2557 1217 2591 sententia
1252 2555 1406 2589 candens
1430 2554 1564 2587 ferrum
1589 2555 1663 2587 eius
1685 2560 1761 2588 sto-

317 2605 442 2638 macho
470 2606 681 2650 impressum
706 2610 769 2638 est.
797 2611 833 2638 et
856 2606 940 2650 quia
964 2616 1090 2649 parum
1114 2609 1330 2649 temperatus
1345 2606 1406 2635 aer
1424 2602 1543 2645 regiae
1569 2600 1759 2642 videretur,

319 2658 360 2685 ut
386 2653 446 2697 qui
474 2658 568 2686 esset
593 2651 783 2685 australior
820 2652 1028 2696 aliquanto,
1059 2652 1098 2684 in
1120 2651 1376 2695 Manganorum
1399 2648 1573 2693 palatium
1598 2648 1667 2680 fuit
1694 2647 1758 2680 de-

318 2704 494 2744 portatus,
517 2699 591 2733 fato
608 2699 724 2740 illum,
740 2709 803 2732 ceu
824 2699 920 2733 credi
941 2710 1005 2744 par
1032 2704 1096 2739 est,
1114 2709 1156 2731 eo
1172 2696 1411 2743 pertrahente.
1430 2707 1511 2728 nam
1525 2695 1631 2739 vulgo
1650 2695 1759 2728 iacta-
