1826 3120
581 158 864 202 ANNALmM
903 158 1039 200 PARS
1079 161 1112 199 1.
1466 138 1566 211 187

122 262 286 321 φωνίαν
324 264 396 306 ἐπὶ
433 261 599 312 τούτοις
635 261 726 305 τινα
769 264 1149 318 παρεμπίπτουσαν
1187 259 1350 316 ἔχομεν.
1417 261 1573 302 αὐτίκα

121 328 204 387 γὰρ
247 329 270 372 ὅ
314 326 536 379 θειότατος
571 330 787 384 Ἰσίδωρος
828 327 849 370 ὅ
878 326 1186 384 Πηλουσιώτης
1227 325 1359 378 οὕτως
1392 325 1574 382 εὕρηται

121 395 222 453 περὶ
245 394 397 439 τούτου
423 395 602 446 διεξιών.
661 397 921 451 ,,καταροῖται
948 396 1027 447 μὲν
1053 394 1130 448 τὴν
1157 396 1290 451 συκῆν
1317 394 1341 436 ὅ
1371 392 1572 449 Χριστός,

122 464 194 506 ἵνα
218 462 332 521 δείξῃ
371 468 456 512 τοῖς
481 459 702 511 Ἰουδαίοις
733 458 800 503 ὅτι
829 463 902 502 καί
938 459 1127 512 κολάζειν
1157 459 1349 504 δύναται.
1407 457 1494 513 ἅμα
1528 459 1612 500 δέΒ

86 535 187 581 ὅτις
214 529 350 587 τούτῳ
383 529 456 572 καί
497 527 735 584 ἀπόρρητος
777 529 1089 580 συμπέπλεκται
1119 528 1258 582 λόγος,
1289 524 1404 583 παρὰ
1432 523 1576 581 γερόν-

121 613 205 640 των
233 597 376 652 σοφῶν
406 597 466 645 εἰς
490 595 599 651 ἡμᾶς
631 593 928 650 διαφοιτῆσας,
959 590 1023 636 ὅτι
1049 593 1094 635 τὸ
1130 593 1253 644 ξύλον
1279 596 1354 649 τῆς
1382 589 1579 648 παραβά-

123 678 231 712 σεως
256 665 382 704 τοῦτο
409 657 483 717 ἦν,
517 656 568 702 οὗ
603 663 676 702 καί
704 666 788 709 τοῖς
829 658 1004 716 φύλλοις
1031 657 1071 701 οἱ
1102 658 1366 715 παραβάντες
1395 659 1454 707 εἰς
1482 657 1579 700 σκέ-

122 744 207 784 πην
233 726 481 784 ἐχρήσαντο.
541 725 614 769 καί
648 723 872 782 κατηράθη
899 723 1013 782 παρὰ
1045 727 1239 780 Χριστοῦ
1269 723 1581 781 φιλανθρώπως

122 797 270 850 μηκέτι
299 797 478 849 ἐνεγκεῖν
517 792 651 836 αἴτιον
674 793 932 848 ἁμαρτιάς.”
1001 789 1021 833 ὁ
1053 793 1098 833 δὲ
1126 791 1178 835 τὰ
1209 795 1307 834 θεῖα
1333 789 1468 847 σοφὸς
1492 790 1581 833 Ἰω-

67 861 249 918 ιοοίννης
276 859 300 904 ὅ
333 859 612 916 Δαμασκηνὸς
629 862 788 915 βρῶσιν
818 859 889 902 ἐπὶ
919 857 1180 914 παραδείσου
1209 857 1287 913 την
1314 860 1436 900 θείαν
1466 854 1581 899 εἶπεν

123 930 362 983 ἐπίγνωσιν.
430 929 581 970 δίδωσι
622 925 705 982 γάρ
745 924 766 968 ὃ
805 926 907 976 θεὸς
934 928 992 983 τῷ
1022 925 1166 979 Ἀδὰμ
1194 927 1388 976 ἐξουσίαν
1415 923 1580 965 πάντων

121 995 213 1039 τῶν
232 996 279 1038 ἐν
306 995 365 1052 τῷ
392 996 636 1052 παραδείσῳ
666 995 825 1048 φυτῶν,
856 992 965 1047 πλὴν
996 987 1047 1033 οὖ
1076 985 1276 1048 βρώσεως
1303 992 1459 1044 ἕνεκεν,
1488 986 1578 1032 ἄλλ’

122 1061 191 1105 ἵνα
226 1059 333 1116 πρὸς
366 1059 496 1103 αὐτὸν
531 1062 725 1103 ἐντεῦθεν
751 1057 825 1103 τὸν
865 1058 1120 1115 δημιουργὸν
1153 1057 1437 1113 ἒπανάγηται·
1494 1055 1575 1098 cinti

120 1131 329 1183 μεγέθους
349 1127 427 1183 γὰρ
447 1129 520 1169 καί
539 1127 739 1182 καλλονῆς
771 1124 1023 1179 κτισμάτων,
1053 1122 1111 1175 ὥς
1140 1122 1222 1166 πού
1247 1141 1353 1181 φησι
1368 1121 1621 1178 Σολομῶν,0

63 1194 145 1238 1Βὸ
177 1193 434 1251 δημιουργὸς
475 1190 617 1236 αὐτῶν
660 1191 1015 1247 ἐπιγινώσκεσθαι
1056 1190 1223 1234 εἴωθεν.
1284 1190 1358 1233 καί
1382 1188 1461 1248 ὅρα
1493 1192 1582 1241 πῶς

123 1258 377 1315 ἐκλαμβάνει
416 1262 515 1315 περὶ
545 1259 810 1315 παραδείσου
840 1259 862 1300 ὅ
892 1262 1007 1308 θεῖος
1036 1253 1159 1307 οὗτος
1186 1255 1397 1313 Ἰωάννης,
1446 1257 1519 1300 καί
1541 1262 1588 1301 τί

124 1344 256 1385 φησιν
285 1329 351 1368 ἐπ’
379 1326 539 1377 αὐτοῖς.
598 1326 710 1382 ,,α“πὸ
744 1325 897 1375 παντὸς
925 1323 1052 1377 ξύλου
1082 1328 1156 1368 τοῦ
1187 1326 1232 1367 ἐν
1251 1326 1309 1382 τῷ
1338 1326 1582 1383 παραδείσῳ

120 1391 279 1448 βρώσει
313 1393 466 1451 φάγῃς.
544 1391 613 1435 διὰ
643 1392 831 1445 πάντων,
864 1393 993 1446 λέγω,
1030 1395 1114 1434 τῶν
1143 1390 1382 1444 κτισμάτων
1411 1392 1476 1433 ἐπ’
1508 1393 1582 1444 ἐμὲ

121 1459 196 1503 τὸν
211 1459 388 1516 ποιητὴν
409 1456 736 1514 ἆναβιβάσθητι,
766 1458 838 1500 καί
859 1461 932 1501 ἕνα
961 1457 1124 1511 καρπὸν
1145 1461 1190 1500 ἐκ
1218 1456 1386 1500 πάντων
1415 1456 1584 1512 κάρπω..

58 1539 110 1566 20
124 1543 211 1580 σαι,
243 1528 317 1580 ἐμὲ
341 1525 418 1582 τήν
447 1521 574 1576 ὅντως
604 1525 728 1580 ζωήν.
754 1524 890 1567 πάντα
918 1540 986 1567 σοι
1017 1523 1127 1579 ζωήν
1154 1522 1490 1580 καρποφορείτω,
1512 1523 1585 1563 καί

123 1593 202 1648 τὴν
229 1591 336 1648 ἐμὴν
362 1594 534 1646 μέθεξιν
562 1595 687 1634 ποιοῦ
716 1594 790 1648 τῆς
817 1593 974 1640 οἰκείας
1000 1590 1222 1646 ὑπάρξεως
1240 1587 1481 1635 othomam?
1510 1589 1584 1630 καί

125 1655 243 1702 οὗτοι
271 1662 350 1713 μὲν
378 1658 534 1713 οὕτως,
580 1660 602 1701 ὅ
635 1661 682 1701 δὲ
708 1657 925 1708 θειότατος
952 1657 1185 1714 Γρηγόριος
1215 1657 1236 1698 ὅ
1266 1654 1440 1711 Νύσσης
1469 1653 1624 1700 οῧτωΙ)

123 1725 226 1770 κατὰ
257 1725 376 1783 ῥῆμα
398 1728 610 1781 διέξεισιν,
644 1723 711 1767 δ’τι
732 1724 779 1768 τὸ
814 1725 1156 1782 ἀπηγορευμένον
1182 1725 1317 1766 ἐκεῖνο
1344 1725 1395 1781 τῇ
1424 1722 1582 1779 βρώσει

199 1846 251 1881 ¹8.
282 1845 382 1892 λέγει
395 1844 411 1879 ?

124 1948 341 1985 Pelusiens'is
355 1973 364 1988 ,
386 1947 437 1981 ita
456 1946 501 1980 de
520 1945 587 1979 hac
608 1957 645 1978 re
662 1944 816 1978 disserit.
834 1944 995 1978 Christus
1016 1944 1121 1977 ficum
1140 1949 1361 1986 exsecratur,
1381 1949 1423 1977 ut
1439 1943 1583 1978 Iudaeis

125 1995 335 2030 ostenderet
373 2006 411 2028 se
452 1994 559 2028 etiam
585 1993 739 2026 adficere
765 1992 942 2037 supplicio
970 2003 1085 2036 posse.
1122 1992 1246 2025 subest
1274 1997 1392 2024 autem
1418 1991 1501 2024 huic
1530 1993 1583 2025 rei

125 2043 305 2089 quaedem
331 2054 458 2075 arcana
485 2042 598 2083 ratio,
627 2052 733 2086 quam
758 2052 778 2072 a
807 2039 953 2072 senibus
982 2039 1255 2084 sapientissimis
1279 2039 1500 2084 accepimus,
1525 2039 1584 2072 ni-

123 2091 254 2124 mirum
275 2090 370 2123 illud
406 2089 700 2133 transgressionis
724 2088 859 2132 lignum
894 2086 1028 2127 fuisse,
1052 2087 1154 2119 cuius
1181 2086 1277 2119 foliis
1304 2091 1582 2131 transgressores

123 2149 190 2183 pro
215 2143 423 2182 tegumento
449 2137 656 2170 utebantur.
684 2135 752 2168 hoc
778 2135 911 2178 lignum
939 2133 1095 2178 benigna
1127 2133 1281 2179 quadam
1306 2145 1350 2166 ex
1375 2134 1582 2167 adfectione

125 2185 288 2219 Christus
317 2184 587 2225 exsecrabatur,
616 2195 662 2216 ne
698 2182 871 2216 videlicet
897 2181 1048 2226 amplius
1074 2181 1248 2222 fructum,
1275 2182 1339 2226 qui
1363 2181 1460 2215 foret
1487 2181 1582 2214 deli-

125 2233 174 2266 cti
198 2244 323 2273 causa,
350 2232 470 2265 ferret.
497 2231 675 2264 Iohannes
702 2236 822 2263 autem
851 2230 1115 2270 Damascenus‚
1147 2240 1264 2262 rerum
1289 2229 1351 2262 ille
1377 2228 1582 2263 divinarum

124 2280 384 2325 peritissimus,
413 2279 533 2313 cibum
558 2277 718 2324 paradisi
742 2282 846 2311 vocat
874 2276 1092 2321 agnitionem
1117 2275 1283 2309 divinam.
1310 2277 1460 2321 largitur
1484 2278 1580 2309 enim

127 2326 217 2360 deus
253 2327 400 2372 quidem
434 2326 570 2359 Adamo
594 2331 811 2371 potestatem
843 2325 881 2357 in
916 2335 1036 2357 omnes
1068 2323 1228 2369 paradisi
1263 2324 1429 2366 arbores,
1456 2335 1582 2358 verum

127 2385 202 2408 non
227 2374 298 2407 cibi
338 2385 469 2415 causa,
509 2373 573 2407 sed
613 2374 665 2406 uti
688 2372 757 2405 hoc
789 2371 896 2404 modo
923 2371 968 2404 ad
1001 2372 1117 2416 ipsum
1139 2371 1303 2417 opificem
1330 2371 1581 2405 deduceretur.

129 2422 263 2467 quippe
302 2421 349 2455 de
383 2421 632 2465 magnitudine
665 2431 706 2453 ac
736 2424 924 2454 venustate
962 2424 1183 2460 creatorum,
1222 2425 1262 2452 ut
1297 2419 1447 2465 Sapiens
1485 2419 1581 2465 (Sap.

133 2469 173 2501 13
199 2469 218 2501 5
269 2469 340 2510 ait,
377 2470 500 2514 opifex
537 2480 659 2502 eorum
696 2468 839 2512 agnosci
864 2467 1059 2500 consuevit.
1096 2478 1137 2499 ae
1163 2466 1246 2500 vide
1272 2467 1385 2507 mihi,
1410 2466 1582 2507 obsecro,

130 2515 193 2559 qui
238 2517 353 2550 i‘vinus
379 2516 437 2549 hic
462 2516 642 2549 Iohannes
668 2515 762 2548 dicta
781 2515 826 2547 de
850 2513 1013 2559 paradiso
1041 2515 1195 2559 accipiat
1214 2519 1250 2548 et
1274 2514 1362 2560 quid
1377 2513 1422 2546 de
1447 2514 1491 2546 iis
1510 2519 1583 2546 tra-

130 2561 204 2598 dat.
236 2564 337 2598 aiunt
365 2575 482 2597 sacrae
508 2564 651 2597 litterae
683 2562 872 2604 ⁷‚omnibus
898 2560 1055 2606 paradisi
1080 2561 1269 2595 arboribus
1293 2561 1479 2595 vesceris?
1517 2571 1582 2606 per

129 2609 249 2642 omnia
289 2612 418 2658 creata}
444 2612 583 2644 scilicet
620 2610 666 2643 ad
701 2621 758 2643 me
802 2609 966 2654 opificem
1011 2609 1252 2650 conscendes,
1298 2619 1482 2654 unumque
1535 2607 1582 2641 de

129 2656 295 2691 omnibus
325 2658 477 2692 fructum
503 2658 702 2703 percipies,
727 2658 894 2691 nimirum
918 2667 987 2698 me,
1012 2657 1075 2702 qui
1096 2668 1219 2702 reapse
1246 2656 1320 2689 vita
1346 2668 1433 2689 sum.
1461 2656 1582 2689 omnia

129 2702 197 2736 tibi
225 2706 319 2738 vitae.
344 2705 497 2739 fructum
524 2706 721 2751 proferant,
749 2705 914 2750 adeoque
938 2704 1037 2749 quod
1064 2705 1188 2738 existis
1212 2703 1307 2736 nihil
1333 2714 1409 2737 esse
1432 2703 1580 2748 putabis

128 2749 228 2784 aliud
261 2762 368 2797 quani
395 2753 466 2786 mei
501 2754 722 2787 fruitionem.
762 2758 868 2797 atque
912 2751 999 2785 haec
1033 2752 1088 2784 illi
1127 2750 1366 2785 tradiderunt.
1426 2751 1579 2795 Nysseni
