1826 3120
584 158 748 199 lNDEX
806 158 1147 200 HISTORICUS.

175 259 363 302 rosolymis
391 259 458 292 deo
473 268 570 293 sacra
581 260 721 305 peragit
738 261 817 305 267,

180 311 234 342 18.
267 306 480 339 ludaeorum
516 308 724 352 pontificem
754 318 818 340 ve-

172 359 321 387 neratur
357 357 445 398 267,
478 364 527 387 12.
571 366 643 400 quo
691 355 818 387 aetatis

175 412 270 437 anno
309 406 470 434 mortuus
496 402 543 434 sit
567 403 647 442 268,
673 414 702 446 7.
742 402 818 434 eius

169 449 314 486 castitas
339 449 431 488 263,
463 448 512 491 14.
550 448 705 482 eruditio
729 450 817 490 268,

180 496 229 528 18.
278 495 316 527 in
341 495 458 528 insula
473 495 729 528 Brachmanum
757 507 817 528 co-

171 543 294 575 lumna
338 541 386 574 ib.
439 553 586 587 regnum
635 543 815 576 Persarum

171 590 302 623 evertit
332 591 410 632 376,
442 592 492 625 18.
529 589 713 623 oculorum
740 591 816 623 eins

170 637 265 670 alter
282 636 479 677 caeruleus,
506 637 597 670 alter
622 638 723 681 niger
737 639 817 678 268,

168 696 192 728 9
219 683 448 716 monarchiae
459 685 535 717 eius
548 684 679 718 divisio
692 685 772 729 377,
784 686 816 718 6.

123 730 329 764 Alexander
376 731 526 764 antistes
577 731 816 764 Alexandriae

166 777 404 812 Athanasium
441 777 604 823 baptizat
627 780 705 822 454,
742 790 791 811 12.

121 824 317 858 Alexandri
341 825 524 858 Mamaeae
560 826 597 858 F.
625 826 814 872 imperium

192 872 247 915 53,
270 873 303 905 8.

121 873 325 953 Aliixander
333 919 530 952 monachus
541 918 720 952 refutatur
733 919 813 962 466,

173 978 228 1001 21.

119 1010 338 1048 Alexandria
366 1024 387 1046 a
412 1023 484 1059 quo
500 1012 548 1046 sit
575 1011 719 1045 condita
734 1013 814 1052 268,

165 1063 199 1096 6.
227 1072 247 1095 a
264 1059 457 1105 Cpolitana
488 1060 640 1093 ecclesia
669 1059 815 1092 divelli-

167 1115 226 1142 tur
250 1109 332 1153 488,
363 1121 414 1154 ¹7·

119 1155 266 1189 Alexius
287 1155 491 1188 Comnenus
529 1164 562 1188 v.
594 1152 813 1185 comnenus.

118 1203 266 1236 Alexius
291 1200 494 1247 patriarcha
511 1211 599 1233 auro
624 1204 814 1244 corruptus

167 1252 247 1290 585,
281 1260 332 1282 11.

120 1297 361 1340 allelengyum
402 1307 421 1328 a
448 1292 580 1327 Basilio
605 1293 812 1325 institutum

165 1346 244 1389 577,
268 1354 293 1384 ¹.-
313 1343 505 1388 abrogatnr
527 1341 572 1374 ab
586 1339 811 1386 Argyropulo

171 1393 251 1427 581.
281 1401 307 1424 1.

119 1437 332 1474 Amaltheae
371 1436 491 1471 Cornu
516 1445 588 1468 una
613 1445 633 1467 e
668 1432 812 1467 filiabus

165 1485 247 1519 lobi
264 1497 344 1530 277,
358 1498 391 1527 9.

114 1533 276 1568 amasiae
302 1533 392 1577 regis
422 1530 590 1564 interitus
616 1528 698 1568 358,
728 1528 763 1562 8.

114 1583 310 1615 Amazones
334 1577 572 1613 matrimoniis
596 1579 719 1608 carent
729 1585 810 1619 270,

166 1641 175 1662 1
208 1652 215 1660 .

115 1675 160 1708 de
173 1629 309 1708 ainbitu
334 1673 394 1706 lex
410 1670 586 1704 Marciani
613 1669 690 1712 487,
705 1679 761 1702 20.

113 1722 321 1756 Ambrosius
337 1719 536 1764 discipulus
549 1716 714 1761 Origenis
729 1716 771 1760 45
783 1725 810 1754 1,

165 1782 191 1804 1.
221 1770 298 1802 eius
324 1768 470 1800 libertas
488 1767 566 1809 477,
586 1766 615 1798 5.

113 1816 288 1852 Amnonis
314 1827 393 1848 cum
409 1823 530 1847 sorore
557 1813 717 1845 incestus
728 1810 808 1850 332,

161 1875 217 1896 20.

112 1914 263 1947 Amosu,
297 1921 359 1942 rex
382 1910 462 1949 368,
488 1918 519 1940 2.

112 1957 358 2004 Amphilochii
384 1955 428 1989 de
463 1954 598 2000 angelis
627 1951 807 1986 sententia

167 2008 229 2040 153
277 2017 325 2039 12.

112 2031 358 2088 Anaba'tianus
367 2049 612 2084 Caianitarum
622 2045 716 2080 liber
726 2046 808 2086 226,

166 2113 215 2136 10·

112 2147 327 2182 Anacharsis
347 2144 490 2179 virtutis
519 2153 639 2175 amans
665 2141 744 2184 437,
772 2140 805 2173 8.

112 2195 290 2230 Anastasii
310 2193 431 2226 Dicori
462 2193 546 2236 imp.
581 2189 696 2222 exitus
726 2189 806 2230 491,

165 2255 215 2276 10.
233 2241 407 2275 somnium
433 2240 513 2285 4911,
539 2235 805 2281 4-praeclaruin

158 2290 298 2323 facinus
321 2287 400 2332 492,
415 2299 471 2321 ’11.
496 2284 710 2319 seditionem
727 2281 806 2326 pla-

160 2342 219 2370 cat
242 2339 321 2381 492,
351 2336 383 2368 5.

114 2381 462 2418 AnastasiiSinaitae
488 2377 658 2422 allegoria
678 2386 733 2412 20,
756 2385 806 2406 10.

158 2433 218 2474 64,
249 2431 278 2463 3.
308 2428 352 2462 de
372 2427 508 2471 angelis
529 2425 653 2470 opinio
683 2424 757 2461 153,
773 2423 805 2454 8.

160 2478 231 2512 loci
259 2477 335 2510 eius
366 2475 467 2508 citati
503 2475 566 2513 30,
598 2473 649 2505 15.
688 2473 743 2512 74,
773 2484 805 2512 7-

159 2525 217 2570 93,
243 2525 274 2561 5.
307 2524 382 2567 141,
405 2535 432 2557 ι.
465 2520 617 2564 164,16.
649 2529 724 2560 170,
755 2520 805 2552 18-

165 2583 241 2616 177,
267 2583 323 2606 21.
365 2581 440 2614 179,
467 2570 499 2601 6.
545 2567 687 2606 188,15
731 2566 805 2608 195,

167 2622 217 2654 18.
256 2629 343 2658 200,
378 2620 427 2653 15.
465 2614 554 2655 311,
580 2614 615 2648 8.
654 2610 744 2654 340,
772 2618 804 2656 4.

165 2667 245 2710 367,
281 2677 331 2698 ιο.

117 2711 275 2744 Anatolii
299 2709 486 2744 consilium
511 2705 591 2750 488,
608 2715 664 2738 21.

118 2758 342 2804 Anaxagoras
376 2754 523 2803 quando
561 2749 692 2786 vixerit
725 2749 804 2793 376,

1456 141 1570 212 619

936 261 984 293 15.
1018 260 1093 292 eius
1123 258 1167 292 de
1206 258 1385 293 sideribus
1422 265 1458 294 et
1495 261 1572 294 sole

930 307 1054 351 opinio
1080 307 1136 350 40,
1160 309 1212 342 15.

882 353 1139 387 Anaximandri
1164 353 1208 387 de
1234 351 1410 388 sideribus
1435 359 1472 388 et
1497 355 1574 388 sole

930 402 1055 445 opinio
1084 402 1139 445 4ο,
1171 403 1222 436 13.

883 445 1114 481 Anaxi'menis
1140 447 1184 481 de
1203 447 1279 480 sole
1296 447 1419 492 opinio
1445 449 1502 491 4ο,
1523 451 1572 494 14.

882 494 1047 528 Andreae
1066 494 1244 528 Cretensis
1279 495 1379 529 locus
1403 495 1573 529 laudatus

935 544 1009 583 165,
1036 553 1067 574 2.

883 588 1153 622 Andromaclius
1187 589 1369 623 theriacae
1404 588 1574 623 inventor

934 639 1010 677 113,
1038 648 1092 670 21.

884 683 1004 727 angeli
1033 683 1218 716 hominum
1256 688 1395 716 tutores
1432 684 1513 724 260,
1540 686 1573 719 5.

930 731 1059 763 scalam
1086 730 1208 763 Iacobi
1245 730 1458 763 scandentes
1485 731 1574 775 quid

929 778 1135 821 significent
1170 777 1218 809 ib.
1263 775 1408 823 quando
1459 778 1573 811 creati

929 825 1002 858 sint
1033 827 1106 865 052,
1143 835 1181 857 10
1199 836 1276 870 sqq.
1319 836 1390 870 qua
1431 824 1571 858 ratione

930 871 1128 904 comedisse
1145 871 1309 904 dicautur
1333 872 1370 904 in
1388 872 1494 904 sacris
1511 871 1574 904 lit-

928 919 1016 951 teris
1036 920 1183 963 248,‘22.
1213 918 1257 951 de
1287 929 1408 951 eorum
1436 919 1573 962 origine

926 966 1048 998 variae
1063 966 1263 998 sententiae
1288 966 1363 1005 150,
1381 969 1429 1008 14.
1449 977 1573 998 eorum

926 1012 1127 1045 futurarum
1166 1023 1282 1045 rerum
1305 1012 1571 1057 praedictiones

927 1061 1078 1104 204,15.
1104 1059 1182 1091 alae
1201 1070 1323 1092 eorum
1349 1059 1436 1104 quid
1462 1060 1572 1103 signi-

927 1105 1037 1140 ficent
1057 1107 1131 1150 147,
1147 1119 1201 1140 20.
1227 1107 1364 1139 Mosem
1391 1107 1576 1151 sepeliunt

927 1155 1007 1198 296,
1026 1155 1075 1187 16.
1100 1165 1222 1186 eorum
1236 1165 1367 1186 nomen
1391 1154 1487 1186 unde
1505 1153 1573 1186 du·

927 1205 1024 1233 ctum
1051 1200 1098 1233 sit
1128 1203 1202 1242 146,
1233 1211 1271 1232 12
1302 1212 1353 1246 sq.
1381 1200 1425 1233 de
1452 1201 1571 1233 iisNi-

927 1247 1073 1292 cephori
1098 1246 1324 1293 patriarchae
1358 1247 1460 1280 locus
1492 1250 1572 1290 260,

933 1298 981 1336 14-

880 1341 1119 1384 anguillarum
1146 1346 1246 1374 ortus
1278 1339 1334 1383 84,
1359 1352 1415 1375 20.

880 1389 998 1420 anima
1032 1388 1149 1434 qualis
1180 1388 1226 1420 sit
1257 1388 1332 1427 131,
1370 1389 1463 1432 4sq.
1497 1399 1571 1433 quo

926 1435 1073 1476 siccior,
1109 1446 1151 1467 eo
1185 1434 1383 1479 sapientior
1419 1437 1567 1478 141,14.

926 1493 1006 1527 219,
1046 1494 1094 1516 12.
1127 1481 1306 1527 quomodo
1342 1481 1381 1513 in
1419 1493 1569 1526 corpore

926 1530 1075 1562 exsistat
1107 1530 1238 1572 136,17
1266 1540 1316 1573 sq.
1347 1529 1422 1561 eius
1449 1529 1569 1561 facul-

925 1581 1017 1609 tates
1047 1577 1167 1616 133,6.
1192 1582 1313 1620 partes
1337 1581 1411 1608 tres
1439 1588 1518 1616 211,
1535 1578 1568 1610 3.

925 1623 1118 1664 5011011136,
1139 1635 1187 1658 11.
1209 1625 1281 1663 138,
1295 1635 1325 1666 7.
1346 1624 1569 1656 incrementa

930 1674 1012 1711 158,
1055 1682 1104 1715 17.
1144 1670 1331 1703 brutorum
1370 1670 1487 1715 qualis
1522 1670 1570 1704 sit

930 1720 1004 1761 198.
1039 1730 1090 1762 17.

876 1765 1089 1797 animalcula
1115 1764 1306 1808 ephemera
1331 1774 1386 1808 72,
1423 1775 1473 1806 17.

874 1812 1044 1845 animalia
1067 1812 1277 1844 meticulosa
1309 1822 1364 1855 72,
1390 1813 1420 1853 4.
1459 1810 1570 1843 corde

923 1859 1042 1903 amplo
1070 1857 1235 1903 praedita
1253 1869 1316 1890 cur
1345 1857 1469 1890 timida
1497 1858 1569 1891 sint

926 1907 1001 1946 103,
1026 1907 1058 1939 3.
1082 1905 1200 1949 libyca
1223 1917 1284 1938 cur
1311 1915 1374 1948 per
1394 1910 1568 1938 aestatem

919 1952 1049 1985 bibant
1066 1953 1140 1994 126,
1159 1966 1184 1988 1.
1212 1951 1385 1997 quaedam
1411 1953 1567 1984 immun-

923 1999 967 2032 da
995 2000 1086 2040 315,
1121 2012 1152 2046 7.
1191 2000 1413 2033 terrestrium
1443 2010 1568 2031 sensus

921 2058 1018 2079 acres
1045 2047 1102 2092 93,
1135 2058 1184 2079 10.
1209 2048 1267 2091 96,
1292 2048 1339 2079 13.
1366 2058 1386 2079 a
1411 2045 1567 2091 pedibus

921 2093 1103 2127 destitutis
1140 2099 1248 2127 testes
1287 2094 1380 2126 nulli
1418 2095 1484 2138 73,
1514 2104 1567 2126 11.

922 2140 1090 2174 omnibus
1118 2141 1306 2175 instinctus
1345 2143 1418 2181 123,
1447 2144 1486 2177 18
1511 2151 1563 2185 sq.

921 2189 959 2221 in
984 2189 1100 2221 brutis
1113 2199 1174 2220 cur
1190 2188 1308 2221 foetus
1322 2189 1432 2231 magis
1459 2199 1566 2232 quam

921 2236 960 2268 in
985 2235 1190 2268 hominibus
1204 2235 1478 2268 similitudinem
1498 2246 1566 2278 pa-

922 2289 1064 2315 rentum
1093 2282 1339 2322 referant106‚
1357 2286 1406 2325 14.
1429 2281 1565 2314 munda

920 2330 966 2362 ab
1011 2330 1204 2363 immundis
1238 2341 1312 2374 qno
1350 2330 1456 2362 1110110
1487 2329 1565 2361 Noa

921 2377 1127 2410 discernere
1151 2378 1309 2421 potnerit
1329 2379 1407 2415 236,
1435 2388 1489 2408 21.

873 2424 999 2457 Annae
1022 2425 1182 2458 mulieris
1201 2424 1397 2456 liberalitas
1411 2425 1491 2467 496,
1512 2424 1562 2456 13.

873 2473 1024 2504 annales·
1045 2471 1169 2505 Iohan.
1198 2471 1372 2514 Scylitzae
1399 2472 1477 2508 531,
1506 2482 1561 2504 21.

873 2530 1038 2552 annonae
1069 2520 1196 2551 caritas
1232 2518 1297 2551 sub
1323 2518 1561 2551 Constantino

920 2566 1145 2611 Coptonymo
1172 2569 1251 2611 527,
1292 2578 1340 2599 11.

872 2624 987 2646 annus
1013 2613 1101 2658 quid
1129 2614 1178 2646 sit
1203 2617 1259 2656 48,
1280 2623 1328 2646 11.
1344 2611 1564 2644 Graecorum

918 2660 963 2693 ab
997 2660 1170 2693 Hebraeis
1207 2661 1368 2692 diversus
1408 2661 1487 2697 228,
1529 2660 1562 2701 4

919 2719 1091 2740 annorum
1104 2705 1352 2740 hebdomades
1378 2706 1475 2753 apud
1488 2706 1560 2739 Da-

918 2756 1056 2788 nieium
1083 2755 1162 2796 381,
1194 2766 1242 2788 10.
