1826 3120
201 124 282 190 54
640 138 926 181 ΜιοΗΑΕιιε
967 136 1186 180 GLYCAE

196 244 394 298 γενέσεως
412 240 540 295 λόγος.
569 239 747 296 ου’δεμιᾷ
775 236 853 293 γάρ
889 235 1045 295 α’νάγκῃ
1073 236 1123 280 τά
1141 238 1244 279 καθ’
1265 234 1379 291 ἦμᾶς
1403 234 1633 290 ὑπόκειται,

195 309 408 364 τετίμηται
451 307 499 348 δὲ
535 306 694 358 μᾶλλον
721 303 1005 359 προαιρέσεως
1031 304 1252 360 ἐλευθερίᾳ
1279 301 1354 344 καὶ
1372 303 1637 353 αύτεξουσιό-

195 390 303 429 τητι.
362 373 403 414 εἰ
427 370 506 426 γάρ
536 367 595 424 μή
627 368 895 420 αύτεξούσιος
921 368 943 410 ὃ
973 367 1221 424 ἅνθρωπος,
1249 368 1350 410 οὐδὲ
1378 371 1466 411 κατ’
1493 366 1635 410 εἰκόνα

193 442 299 481 θεοῦ
326 438 523 493 παρήχθη
552 434 717 478 λοιπόν·
772 438 860 486 παῖς
885 439 959 478 καί
989 434 1069 491 γάρ
1098 433 1220 478 εἰκών
1247 431 1300 477 ἂν
1326 433 1390 490 εἴη
1413 437 1486 490 τῆς
1511 437 1638 489 βασι-

193 505 399 559 λευούσης
412 503 590 560 φύσεως,
617 505 707 544 κατ’
733 503 866 545 ἐκεῖνο
898 500 942 545 τὸ
966 504 1093 558 μέρος
1121 499 1344 556 α’νισότητα
1373 501 1513 556 φέρων
1529 499 1671 555 πρός5

190 569 236 613 τὸ
268 571 528 626 α’ρχέτυπον,·
573 566 724 624 ἔπρεπε
771 567 849 624 γὰρ
901 568 948 611 τὸ
991 567 1062 610 διὰ
1109 566 1276 610 πάντων
1314 566 1416 623 πρὸς
1441 565 1487 609 τὸ
1518 569 1635 608 θεῖον

194 636 462 689 ὡμοιωμένον
481 665 494 688 ,
524 633 582 684 ὥς
607 633 630 676 ὅ
659 632 834 690 Νύσσης
861 634 990 692 φησί,
1030 635 1075 676 ἐν
1103 635 1153 691 τῇ
1183 631 1312 691 φύσει
1336 635 1563 689 κεκτῆσθαι
1584 629 1632 675 τὸ

156 701 441 755 (ζαύτοκρατὲς
469 701 542 742 καί
564 701 806 744 ἀδέσποτον.
874 702 1079 744 δέδεικται
1108 695 1182 743 οὖν
1209 702 1256 743 ἐκ
1283 702 1445 742 πολλῶν
1472 695 1538 741 ὅτι
1563 713 1635 754 γε..

192 769 344 816 νέσεως
368 767 526 823 α’νάγκῃ
556 765 662 809 κατὰ
693 765 771 822 τήν
807 768 891 810 τῶν
918 765 1119 810 πλειόνων
1144 764 1356 822 ὑπόληψιν
1389 767 1443 808 ου’
1468 766 1636 819 δεδέμε-

191 834 280 876 θα·
336 833 386 875 οὐ
419 831 499 890 γάρ
535 834 652 876 τοῦτο
679 827 754 888 ἦν,
793 834 833 876 εἰ
855 832 913 889 μή
943 832 1049 876 κατὰ
1088 833 1258 890 γνώμην
1289 834 1389 889 ἡμῖν
1418 831 1470 875 τά
1502 848 1700 889 πρατ-ιο

190 898 344 953 τόμενα
383 898 638 954 πράττεταις
686 902 778 941 κατ’
806 901 930 943 οὐδὲν
954 895 1006 942 ὃν
1031 899 1152 955 ἡμεῖς
1178 900 1216 941 οἱ
1244 896 1350 957 λόγῳ
1376 900 1636 955 τετιμημένοι

189 967 273 1008 τῶν
301 964 459 1020 α’λὸγων
490 963 608 1016 ζώων
635 964 956 1021 διενηνόχαμεν·
1024 969 1107 1008 ταῖν
1133 965 1213 1021 γὰρ
1240 963 1440 1009 τοιούτων
1469 967 1561 1008 ἐστι’
1586 964 1634 1008 τὸ

192 1032 395 1089 α’λλοτρύρ
422 1030 659 1086 βουλήματι
689 1032 794 1088 πρὸς
819 1031 864 1075 τὸ
907 1034 1056 1075 δοκοῦν
1083 1031 1372 1088 περιάγεσθαι.
1428 1029 1454 1087 ἦ
1488 1033 1537 1074 δὲ
1564 1035 1634 1073 λο-

191 1096 284 1153 γική
314 1114 359 1139 τε
399 1097 471 1139 καί
498 1096 620 1152 νοερὰ
648 1097 801 1155 φύσις,
851 1097 927 1141 ἐὰν
952 1098 997 1141 τὸ
1045 1102 1137 1141 κατ’
1177 1100 1369 1149 ἐξουσίαν
1397 1097 1633 1155 ἀπόθηται,

191 1166 264 1206 καί
294 1163 370 1219 τήν
396 1163 524 1219 χάριν
551 1166 626 1206 τοῦ
647 1166 797 1218 νοεροῦ
825 1165 1141 1207 συναπώλεσεν·
1172 1166 1232 1214 εἷς
1252 1167 1299 1207 τί
1321 1167 1393 1207 καί
1418 1163 1496 1220 γάρ
1528 1163 1634 1220 χρή-
1652 1171 1700 1212 1'5

191 1246 308 1272 σεται
339 1232 390 1287 τῇ
407 1232 581 1289 διανοίᾳ,
609 1232 661 1288 τῇ
684 1232 755 1285 τῆς
783 1229 1035 1287 εἱμαρμένης
1063 1231 1219 1288 ἀνάγκῃ
1253 1233 1530 1286 περιαγομένη
1557 1230 1636 1272 κά-

191 1300 332 1339 κεῖθεν
376 1298 447 1339 ἐπὶ
483 1294 534 1338 τά
578 1298 764 1352 πρακτέα
793 1299 1124 1353 παρωθουμένης
1153 1297 1226 1339 καί
1248 1299 1381 1339 ταῦτα
1407 1299 1486 1350 μὲν
1514 1295 1564 1353 δή
1594 1299 1639 1347 ἐς

189 1364 402 1406 τοσοῦτον.

300 1428 360 1471 Σύ
391 1430 458 1482 δέ,
481 1429 693 1484 dymnus,
729 1428 775 1472 εἴ
795 1445 876 1472 που
904 1430 977 1472 καί
1013 1432 1172 1487 βρέφος
1199 1424 1298 1483 ὄψει
1330 1432 1431 1473 ποτὲ
1459 1445 1636 1473 σεσινω-

145 1509 177 1542 1)
188 1498 311 1549 μένον
342 1497 533 1537 ἐκπῖπτον
563 1498 635 1551 τῆς
659 1497 839 1552 μήτρας,
867 1499 908 1539 εἰ
930 1495 1037 1554 τύχῃ
1078 1499 1304 1552 δικέφαλον
1335 1492 1363 1551 ἢ
1389 1497 1632 1551 τετράπουν,
1645 1511 1698 1539 20

190 1561 246 1609 ὡς
279 1563 349 1603 ἐπὶ
368 1562 614 1615 ΙΙΙαὺρικιόυ
632 1563 854 1615 βασιλέως,
882 1560 940 1617 μή
971 1560 1184 1616 σχήμασιν
1212 1562 1398 1618 ἀστέρων
1426 1562 1503 1604 ούκ
1529 1564 1632 1617 ἄγα-

190 1629 282 1675 θοῖς
311 1625 363 1668 τὰ
399 1629 576 1669 τοιαῦτα
605 1624 934 1670 διαπλάττεσθαι
970 1628 1142 1681 νόμιζε,
1171 1626 1363 1685 καθάπερ
1394 1628 1508 1680 ἔδοξέ
1535 1645 1633 1673 ποτε

193 1818 318 1850 oratio.
345 1828 417 1850 non
445 1817 539 1850 enim
565 1816 730 1851 homines
755 1817 822 1851 ulli
846 1818 1055 1851 necessitati
1079 1816 1231 1850 subiecti
1256 1828 1396 1859 sumus,
1420 1817 1484 1850 sed
1509 1819 1631 1863 potius

193 1864 378 1897 electionis
404 1864 572 1897 libertate
597 1876 638 1897 ac
660 1865 858 1899 voluntatis
882 1865 1031 1898 arbitrio
1062 1864 1233 1898 divinitus
1256 1865 1382 1897 ornati.
1407 1876 1488 1897 nam
1512 1866 1541 1898 si
1558 1877 1632 1899 non

192 1917 246 1944 est
282 1922 366 1944 suae
408 1912 545 1956 spontis
584 1918 692 1957 atque
725 1913 812 1946 iuris
850 1911 976 1954 homo,
1014 1917 1125 1945 restat
1151 1922 1232 1943 eum
1254 1922 1300 1944 ne
1329 1911 1375 1944 ad
1399 1911 1459 1944 dei
1487 1913 1655 1957 quidem*

191 1958 386 2002 imaginem
432 1964 590 1991 creatum
623 1969 710 1992 esse.
740 1971 811 2005 quo
846 1960 941 1992 enim
963 1964 1069 2005 pacto
1106 1958 1333 1991 simulacrum
1358 1964 1508 1992 naturae
1534 1959 1634 1994 illius

191 2005 426 2049 imperatricis
465 2015 541 2037 esse
577 2006 714 2049 possit,
750 2007 780 2039 si
812 2006 880 2039 hac
916 2007 956 2039 in
989 2011 1091 2051 parte
1124 2004 1304 2050 discrepet
1339 2004 1386 2037 ab
1437 2007 1635 2051 exemplari

191 2052 381 2096 principe?
411 2052 546 2095 quippe
569 2051 807 2086 conveniebat
828 2058 937 2098 atque
966 2064 1030 2098 par
1060 2057 1153 2093 erat,
1176 2056 1217 2085 ut
1240 2051 1279 2084 id
1304 2051 1402 2097 quod
1427 2063 1492 2098 per
1515 2054 1636 2097 omnia

194 2098 453 2130 conformatum
479 2097 524 2130 ad
551 2098 824 2133 similitudinem
846 2100 1004 2134 numinis
1029 2104 1143 2140 esset,
1178 2098 1476 2143 quemadmodum
1502 2100 1636 2144 Nysse-

193 2156 260 2177 nus
285 2145 432 2177 antistes
457 2144 529 2185 ait,
555 2145 591 2177 in
616 2151 742 2179 natura
767 2159 829 2180 sua
854 2153 1068 2193 potestatem
1094 2145 1221 2190 agendi
1237 2145 1409 2180 arbitratu
1435 2159 1499 2180 suo
1522 2146 1636 2182 habe-

194 2197 250 2223 ret
271 2191 494 2236 imperioque
521 2192 674 2224 neminis
699 2199 848 2237 pareret.
888 2195 1012 2240 itaque
1035 2193 1156 2226 multis
1180 2192 1370 2237 probatum
1394 2194 1542 2228 minime
1568 2206 1635 2228 nos

195 2238 346 2270 alicuius
372 2238 534 2271 natalicii
576 2239 723 2280 sideris,
757 2251 847 2286 quae
889 2241 1123 2286 complurium
1159 2245 1213 2273 est
1245 2241 1391 2284 opinio,
1419 2242 1635 2275 necessitate

194 2285 311 2328 ligari.
336 2296 419 2317 nam
438 2286 645 2330 caeteroqui
670 2287 770 2320 nulla
792 2300 828 2321 re
843 2300 907 2322 nos
925 2289 1060 2321 ratione
1089 2286 1206 2320 ornati
1230 2299 1249 2319 a
1275 2288 1389 2321 brutis
1417 2289 1634 2322 animalibus

196 2331 441 2372 differremus,
482 2343 632 2376 quorum
669 2338 722 2366 est
756 2334 931 2369 arbitratu
965 2335 1100 2374 alieno,
1137 2344 1208 2378 quo
1232 2334 1345 2367 visum
1371 2335 1476 2367 alteri
1501 2335 1633 2375 fuerit,

196 2378 296 2419 duci,
321 2389 401 2411 cum
436 2379 583 2411 rationis
609 2385 718 2424 atque
761 2384 890 2416 mentis
914 2382 1092 2427 particeps
1117 2386 1263 2421 natura,
1289 2383 1317 2414 si
1341 2382 1548 2415 libertatem
1570 2393 1635 2415 vo-

195 2425 345 2458 luntatis
370 2425 525 2466 amittat,
551 2426 657 2459 etiam
682 2426 857 2462 beneficio
883 2428 1063 2463 facultatis
1086 2427 1322 2472 intelligentis
1342 2429 1527 2473 spolietur.
1553 2429 1635 2474 quis

196 2473 292 2506 enim
327 2472 456 2512 mentis
495 2483 579 2505 usus
617 2474 650 2506 ei
687 2473 811 2515 fuerit,
838 2477 866 2509 si
890 2487 910 2510 a
937 2476 1003 2510 fati
1031 2475 1243 2509 necessitate
1271 2474 1439 2515 ducatur,
1467 2481 1503 2508 et
1523 2475 1567 2509 ab
1594 2487 1638 2509 ea

196 2519 297 2564 quasi
328 2518 561 2563 protrudatur
582 2524 618 2552 et
639 2520 846 2566 impellatur
870 2522 916 2557 ad
943 2521 1128 2557 actiones?
1163 2532 1204 2554 ac
1227 2521 1271 2554 ‹le
1297 2521 1351 2555 his
1379 2522 1525 2567 quidem
1549 2522 1635 2556 hac-

194 2572 319 2598 tenus.¹

288 2611 343 2646 Tu
362 2623 468 2653 vero,
503 2612 635 2646 dilecte
674 2614 748 2654 fili,
776 2616 805 2648 si
834 2617 977 2662 quando
1017 2615 1150 2649 videris
1185 2615 1357 2649 infantem
1389 2615 1554 2650 vitiatum
1591 2627 1635 2650 ex

197 2658 275 2691 alvo
300 2659 422 2691 matris
449 2659 569 2703 egredi
595 2661 657 2705 qui
686 2661 742 2693 vel
772 2661 893 2708 biceps
924 2663 984 2696 vel
1008 2661 1210 2708 quadrupes
1238 2663 1306 2701 sit,
1334 2662 1635 2707 quemadmodum

197 2705 365 2743 Mauricio
410 2704 608 2751 imperanto
640 2708 790 2745 accidit..
834 2710 909 2744 noli
936 2710 1137 2744 existimare
1163 2717 1236 2744 uon
1260 2709 1364 2743 bouis
1390 2709 1546 2744 siderum
1569 2710 1631 2745 ad—
