1826 3120
613 123 895 163 ANNALIUM
935 122 1071 163 PARS
1114 124 1146 162 1.
1493 114 1552 156 12
1571 122 1588 155 1

154 225 191 269 οἱ
222 227 531 281 φρενητιῶντες.
598 221 699 265 ὅθεν
745 224 817 265 καί
860 222 906 265 τὸ
938 222 1072 266 oleion
1101 224 1246 272 αὐτοῖς
1277 224 1399 271 ἰῶδες
1438 226 1597 278 γίνεται

152 292 225 334 καὶ
251 291 483 346 ξηρότερον.
543 286 608 331 ὅτι
638 292 684 331 δὲ
713 291 1002 345 ἐκπυροῦνται,
1034 292 1156 345 δῆλον
1183 292 1225 332 ἐκ
1254 293 1329 332 τοῦ
1349 291 1599 344 ἀσθμαίνειν

152 360 315 407 πυκναῖς
343 358 416 399 καί
446 356 620 413 πυρώδη
637 355 687 398 τὰ
719 351 886 410 ὄμματα
914 354 1027 410 ἔχειν
1045 355 1117 396 καί
1144 356 1398 414 ἠνεῳγμένον
1425 357 1470 400 τό
1503 359 1599 400 στό-

151 441 213 475 μα
254 423 359 479 πρὸς
393 422 574 477 ἐζιιψυξιν
612 424 750 479 α’ἑρος.
820 424 1002 464 λυττῶσι
1046 424 1092 464 δὲ
1133 424 1185 463 ου’
1211 422 1362 474 πάντες
1389 425 1429 467 οἱ
1457 423 1598 478 κύνες,

115 491 245 534 5οἔλλ’
289 487 458 546 ὅσοιπερ
505 492 550 532 ἐν
589 488 754 539 τούτοις
788 488 1011 544 ξηρότεροι.
1081 491 1190 538 τινὲς
1224 492 1271 532 δέ
1301 507 1403 546 φασι
1435 491 1505 533 καί
1527 490 1640 533 τὸνΟ

152 556 258 598 κύνα
287 556 331 598 τὸ
364 552 516 611 ἄστρον
550 555 872 609 συμβάλλεσθαι
915 553 1017 596 κατά
1048 572 1141 597 τινα
1183 557 1413 612 οἷπόρροιαν
1441 557 1601 606 τούτοις

151 621 257 676 πρὸς
284 621 359 677 τὴν
386 622 558 664 λύσσαν.
615 620 910 676 λυττήσαντες,
939 622 1053 663 καθά
1085 637 1189 677 φησι
1221 625 1401 671 Παῦλος
1432 623 1452 665 ὃ
1484 623 1603 666 Σινό-

153 706 278 744 πτης,
318 690 391 731 καί
431 689 590 743 βρῶσιν
628 687 702 729 καί
726 685 849 730 πόσιν
888 689 1246 744 ἀποστρέφονται,
1287 688 1424 732 σιἐλον
1454 691 1500 732 δὲ
1531 690 1605 732 καί

153 757 332 808 δαψιλὲς
372 754 446 796 καί
482 755 678 810 οἷφρῶδες
719 754 897 811 ἀφιᾶσι,
938 756 1012 796 καί
1039 751 1205 813 ἄφωνοι
1231 757 1440 816 τοῦπίπαν
1473 758 1602 810 εἰσίν,

94 843 140 868 10
154 821 257 878 πρὸς
291 824 335 863 δὲ
353 821 426 863 καί
453 816 648 878 ἄφρονες,
680 821 737 871 ὥς
762 823 871 877 μηδὲ
897 821 995 872 τους
1017 825 1194 872 οἰκείους
1212 824 1440 878 γνωριζειν.
1472 825 1602 879 ἐφορ-

149 891 264 942 μῶσι
293 889 340 930 δὲ
367 886 468 929 >eard
511 886 663 937 παντὸς
690 890 824 943 χωρίς
862 888 1018 944 ὑλακῆς
1048 889 1120 931 καί
1148 889 1371 942 δάκνουσι,
1413 889 1485 930 καί
1526 887 1602 930 ὸόί-

150 970 311 1004 κνοντες
327 955 451 997 οῦδὲν
467 949 649 1010 ὄχληρόν
677 957 938 1011 παραχρῆμα
969 958 1161 1012 φέρουσι,
1190 955 1297 1011 πλην
1327 952 1426 998 ὅσον
1452 953 1603 1011 ὀδύνην

149 1020 225 1076 την
250 1023 295 1063 ἐκ
327 1023 402 1063 τοῦ
435 1020 687 1076 τραύματος.
753 1020 931 1077 ’ὕστερον
963 1024 1009 1064 δὲ
1037 1021 1174 1072 πάθος
1205 1023 1428 1076 ἐμποιοῦσι
1457 1023 1501 1065 τὸ
1530 1039 1603 1064 κα-

149 1086 350 1140 λοίμενον
375 1086 656 1144 ὖὸροφόβιον·
713 1088 918 1146 φεύγουσι
941 1088 1019 1145 γὰρ
1043 1090 1088 1131 τὸ
1119 1087 1236 1144 ’ὕδωρ
1259 1089 1296 1131 οἱ
1325 1088 1604 1145 λυσσόδηκτοι

91 1156 222 1200 ιόκαί
250 1154 427 1211 ὁρῶντες
466 1153 570 1196 αὐτὸ
621 1157 695 1196 καί
731 1153 1082 1212 προσφερόμενοι.
1151 1155 1254 1198 ἔνιοι
1286 1158 1333 1198 δὲ
1367 1157 1505 1198 αὐτῶν
1531 1157 1647 1200 καίΙ)

150 1217 287 1276 ὥσπερ
315 1221 433 1270 κύνες
463 1219 689 1264 ὑλακτοῦσι
718 1223 792 1263 καί
820 1221 1044 1265 δάκνουσιν
1078 1222 1289 1277 ἐπιόντες,
1327 1226 1399 1266 καί
1429 1223 1600 1266 δάκνον-

148 1303 214 1337 τες
242 1287 367 1330 αἴτιοι
395 1289 470 1330 τοῦ
500 1288 630 1330 αὕτοῦ
659 1287 823 1338 πάθους
851 1291 1122 1345 κατέστησαν.
1154 1288 1178 1346 ἦ
1210 1293 1256 1332 δὲ
1283 1292 1365 1334 τῶν
1396 1308 1600 1343 συμπτω-

148 1352 294 1407 μάτων
323 1355 436 1396 αἰτία
470 1356 553 1395 τῶν
596 1357 674 1407 μὲν
703 1351 840 1396 ἄλλων
878 1351 1052 1412 εῦὸηλος
1072 1370 1084 1382 ·
1140 1356 1401 1413 κατειληφώς
1428 1357 1507 1413 γὰρ
1538 1356 1602 1407 ἰὸς

150 1419 202 1462 τὰ
231 1419 362 1475 μόρια
391 1421 522 1463 πάντα
544 1421 617 1463 καί
643 1421 771 1463 αὐτὸν
788 1420 861 1464 τὸν
889 1425 1116 1479 ἐγκέφαλον
1143 1427 1321 1465 τοιαῦτα
1353 1426 1473 1480 φέρει.
1492 1441 1602 1477 συμ-

45 1495 48 1499 ’
86 1505 137 1531 20
151 1486 363 1546 πτώματα.
421 1489 498 1529 τοῦ
527 1489 573 1528 δὲ
604 1491 832 1543 φοβεῖσθαι
859 1488 905 1530 τὸ
951 1486 1066 1545 ὕδωρ
1096 1491 1203 1538 τινὲς
1233 1491 1311 1543 μὲν
1336 1489 1501 1546 ἔφησαν
1529 1490 1600 1532 διὰ

148 1552 225 1609 τὴν
253 1548 435 1611 ἄμετρον
460 1553 646 1609 γίνεσθαι
683 1552 906 1610 ξηρότητα,
938 1552 1006 1599 οἷοι
1033 1557 1243 1606 παντελῶς
1269 1556 1601 1613 η’λλοτριωμένης

245 1692 276 1725 7.
304 1679 469 1722 σινώπης
492 1680 541 1721 V,
569 1679 753 1722 συνόπτης
778 1679 957 1714 Labbeus.

152 1776 302 1822 perinde
327 1782 436 1822 atque
478 1776 534 1808 illi
561 1777 622 1821 qui
662 1778 802 1810 exivere
837 1778 881 1811 de
921 1784 1111 1823 potestate.
1144 1791 1215 1824 quo
1258 1780 1300 1813 fit
1331 1785 1372 1813 ut
1397 1785 1432 1814 et
1457 1780 1602 1814 salivam

152 1826 336 1858 sicciorem
364 1830 401 1857 et
438 1830 651 1857 venenatam
687 1823 856 1858 habeant.
898 1831 935 1858 et
962 1826 1174 1858 inflammari
1200 1837 1261 1858 eos
1284 1827 1343 1860 vel
1368 1827 1453 1860 inde
1477 1833 1601 1873 patet,

152 1871 251 1917 quod
275 1871 501 1916 frequentius
532 1870 728 1912 anhelant,
765 1872 886 1905 oculos
920 1872 1060 1905 habent
1096 1872 1277 1906 flammeos
1313 1879 1350 1906 et
1373 1885 1411 1906 os
1438 1880 1603 1919 apertum

149 1924 296 1964 propter
322 1919 412 1952 afiris
439 1918 756 1962 refrigerationem.
774 1930 841 1951 nec
866 1919 980 1951 rabies
1005 1919 1094 1952 haec
1118 1931 1222 1952 canes
1251 1931 1373 1953 omnes
1397 1927 1514 1963 vexat,
1539 1921 1604 1957 sed

153 1978 212 1999 eos
228 1966 292 2011 qui
305 1966 470 1999 sicciores
485 1971 577 1998 sunt.
597 1966 765 1998 nonnulli
781 1966 908 1999 volunt
922 1966 1017 1998 sidus
1037 1966 1140 2009 illud,
1164 1967 1262 2012 quod
1288 1979 1411 2000 canem
1439 1968 1602 2011 dicimus,

151 2012 322 2046 nonnihil.
346 2014 448 2059 quasi
468 2012 612 2046 defluxu
637 2012 792 2058 quodam
815 2012 859 2045 ad
879 2013 1005 2046 horum
1030 2014 1205 2047 insaniam
1231 2015 1401 2048 conferre.
1424 2022 1604 2050 caeterum

151 2066 343 2106 postquam
367 2060 434 2093 hac
459 2061 559 2094 rabie
585 2061 739 2105 correpti
773 2065 875 2101 sunt,
909 2061 1211 2105 quemadmodum
1235 2063 1367 2096 Paulus
1393 2063 1602 2108 Sinopensis

153 2110 221 2149 ait,
258 2113 332 2140 tam
371 2107 491 2140 cibum
516 2119 621 2153 quam
647 2113 773 2152 potum
799 2113 1016 2141 aversantur.
1052 2109 1157 2142 simul
1185 2110 1319 2154 largam
1344 2121 1602 2156 spumeamque

153 2155 299 2188 salivam
337 2155 532 2196 emittunt,
573 2161 609 2188 et
633 2155 672 2187 in
699 2155 904 2187 universum
935 2156 1024 2189 muti
1052 2162 1136 2189 sunt
1152 2183 1160 2198 ‚
1185 2168 1226 2189 ac
1251 2163 1440 2201 tantopere
1467 2159 1603 2204 desipi-

152 2208 220 2236 unt
243 2208 283 2236 ut
306 2213 352 2235 ne
376 2202 568 2235 familiares
593 2202 740 2247 quidem
765 2207 977 2246 agnoscant,
1005 2202 1068 2236 sed
1093 2203 1131 2238 in
1158 2205 1307 2250 quosvis
1330 2204 1466 2251 absque
1492 2207 1604 2240 latra-

153 2255 193 2283 tu
217 2250 356 2283 irruant
385 2255 422 2283 et
457 2250 599 2294 quosvis
634 2249 833 2282 mordeant.
870 2248 928 2281 hic
951 2261 1087 2284 morsus
1116 2263 1190 2284 non
1213 2253 1386 2286 continuo
1410 2254 1603 2299 quicquam

153 2307 272 2330 secum
299 2297 417 2330 adfert
441 2296 674 2341 aegritudinis
714 2302 776 2330 aut
798 2297 994 2336 molestiae,
1029 2304 1174 2342 praeter
1199 2310 1279 2331 eum
1303 2300 1364 2344 qui
1390 2311 1433 2333 ex
1459 2302 1535 2346 ipsa
1565 2313 1604 2335 re

154 2344 308 2377 sentitur
336 2343 506 2377 dolorem.
548 2355 670 2377 verum
698 2344 868 2388 deinceps
903 2344 1046 2378 morbus
1074 2346 1237 2387 accedit,
1262 2358 1370 2392 quem
1394 2347 1604 2393 hydropho-

154 2390 276 2432 bium,
314 2391 358 2423 ab
398 2403 511 2436 aquae
549 2397 671 2434 metu,
706 2397 845 2424 vocant.
877 2402 958 2423 nam
994 2392 1057 2437 qui
1082 2405 1102 2426 a
1141 2394 1290 2427 canibus
1314 2394 1467 2428 rabiosis
1495 2396 1603 2429 morsi

157 2444 256 2480 sunt,
276 2450 403 2483 aquam
429 2438 676 2480 reformidant,
694 2439 766 2473 sive
795 2438 895 2470 illam
920 2438 1128 2473 intueantur
1155 2442 1228 2474 sive
1244 2442 1393 2487 propius
1422 2443 1603 2476 accedant.

156 2486 322 2518 nonnulli
362 2487 467 2519 etiarn
502 2498 627 2519 canum
661 2498 758 2518 more
794 2486 928 2518 latrant
967 2491 1003 2520 et
1026 2487 1115 2520 alios
1141 2490 1295 2532 aggressi
1319 2489 1504 2530 mordent,
1531 2502 1603 2534 quo

157 2543 275 2565 morsu
298 2533 431 2566 malum
457 2535 574 2578 ipsum
598 2538 804 2579 propagant.
829 2538 1008 2566 caeterum
1032 2546 1123 2580 quae
1143 2537 1363 2582 reliquorum
1390 2542 1605 2581 symptoma-

158 2583 234 2611 tum
263 2591 367 2612 causa
407 2582 455 2614 sit
487 2587 596 2626 patet.
636 2593 717 2614 narn
762 2593 839 2613 cum
878 2592 1055 2614 venenum
1079 2584 1198 2616 onmia
1237 2584 1397 2617 membra
1426 2590 1462 2617 et
1486 2585 1605 2629 ipsum

160 2625 250 2658 adeo
291 2627 476 2660 cerebrum
513 2629 715 2673 occupavit,
754 2628 960 2661 huiusmodi
995 2636 1231 2675 symptomata
1264 2643 1382 2664 secum
1409 2631 1535 2664 adfert.
1567 2638 1604 2666 at

161 2673 237 2705 eius
263 2674 334 2716 rei,
360 2675 459 2720 quod
485 2687 612 2721 aquam
640 2681 824 2716 metuant,
849 2687 988 2709 causam
1019 2677 1132 2722 aliqui
1156 2679 1303 2711 nimiam
1334 2678 1380 2711 ad
1404 2680 1602 2714 siccitatem

161 2719 340 2762 referunt,
369 2723 469 2767 quasi
495 2735 636 2768 prorsus
667 2723 710 2756 ab
735 2723 884 2759 humore
911 2724 984 2759 sint
1008 2724 1214 2761 abalienati.
1239 2725 1349 2761 Rufus
1374 2731 1493 2760 autem
1518 2737 1602 2772 per-
