1826 3120
545 149 828 192 ANNALmM
867 151 1004 193 PARS
1046 154 1079 192 1.
1437 153 1454 187 ι
1477 153 1492 187 ι
1509 133 1538 187 5

93 247 115 292 ὁ
135 248 359 306 προφήτης
386 251 531 293 Δαυίδ
563 250 610 294 τὸ
637 260 808 309 κηταῖον
847 253 1126 311 ὖπεμφαίνων
1157 256 1272 309 γένος
1299 251 1407 297 οὕτω
1435 254 1545 309 φησί

91 312 284 371 „deducant
312 309 435 367 οὗτος
463 314 507 359 ὃν
534 314 719 369 ἔπλασας
744 318 964 372 ἐμπαίζειν
991 320 1137 376 αὖτῇῧ
1191 321 1373 362 τοιοῦτον
1401 320 1447 361 δὲ
1475 320 1542 374 γε’-

90 397 160 432 νος
187 380 331 425 ὅποῖον
356 378 442 436 ἄρα
470 386 728 440 φημιζουσιν
755 383 795 426 οἱ
822 385 982 438 πολλοί,
1009 387 1137 440 μέχρι
1164 387 1238 428 καί
1265 386 1445 442 τήμερον
1474 402 1542 440 γεὸ-

89 451 328 504 γραμμένον
362 446 444 504 οὔχ
472 449 677 504 εὕρομεν
740 450 791 492 οὔ
819 450 899 506 γὰρ
929 452 1001 493 ἐπὶ
1038 450 1169 510 τούτῳ
1198 451 1244 494 τὸ
1278 452 1542 507 ἄστραπαῖον
1554 461 1650 506 V.47

53 508 255 560 δᾶνωθεν
295 517 628 573 καταρρήγνυται
673 519 782 570 πῦρ,
810 516 882 559 ε’πί
911 519 967 573 τῷ
999 519 1096 567 τοὺς
1123 517 1340 568 τοιούτους
1368 516 1582 574 δράκον-Ο

91 596 169 629 τας
196 581 417 636 ἐμπιπρᾶν.
487 581 535 624 τὸ
573 583 652 635 μὲν
699 578 774 624 οὖν
816 581 1077 636 δρακόντειον
1106 586 1223 638 γένος
1251 584 1377 640 ξηρόν
1396 600 1442 628 τε
1468 585 1543 640 τήν

92 645 226 703 φύσιν
263 648 355 690 ε’στί
389 646 462 690 καί
506 647 600 705 [τήν
630 648 783 706 φύσιν]
828 650 1054 703 διάπυρον·
1135 651 1219 705 πῦρ
1263 650 1344 706 γὰρ
1392 650 1466 694 καί
1507 649 1547 692 οἱ

90 711 309 769 ὄφθαλμοί
334 710 474 756 αὐτῶν
501 715 804 768 ἀποβλέπουσι.
839 714 913 756 καί
947 711 995 757 ὃν
1025 717 1071 756 δὲ
1102 716 1321 769 ἐξεμοῦσιν
1349 717 1439 771 ι’όν,
1469 735 1544 758 κα..

90 779 258 835 πνώδης
288 780 397 833 ἐστι’,
428 782 501 821 καί
527 781 689 835 διαιρεῖ
712 781 763 822 τὰ
793 779 972 834 σώματα
1006 780 1180 835 ψαύσας
1207 778 1368 824 αὖταῖν.
1427 782 1547 825 ἔνθεν

31 861 152 889 ιοτοι
183 848 256 888 καί
283 841 515 901 εἴπρηστος
542 848 653 888 ἐστίν
679 846 701 887 ὅ
733 848 919 903 δράκων,
953 849 1006 889 δι’
1037 846 1089 903 ἢν
1117 846 1205 901 ἔχει
1228 846 1446 903 ξηρότητα,
1477 849 1550 890 καί

90 910 197 967 πρὸς
234 911 490 968 κατάφλεξιν
528 913 773 967 ἐπιτήδειος.
838 913 1074 971 πεφόβηται
1104 910 1179 956 οὖν
1207 913 1278 956 διὰ
1309 917 1444 956 ταῦτα
1473 915 1548 955 τὸν

89 975 306 1034 κεραυνόν,
334 977 407 1018 καί
427 977 656 1031 ἁλλόμενός
684 981 797 1022 ἐστιν
826 976 896 1021 ὅτε
928 982 981 1021 δι’
1010 979 1133 1034 οἷὲρος
1163 983 1360 1036 φέρεται,
1393 978 1548 1028 τόπους

86 1060 130 1086 τε
157 1041 397 1098 καθύγρους
425 1046 616 1099 ἐπιζητεῖ
631 1045 703 1087 καί
732 1047 803 1088 ἐπὶ
830 1046 979 1100 λιζιινας
1007 1047 1289 1103 καταφεύγει·
1351 1043 1438 1088 οἶδε
1464 1044 1543 1101 γὰρ

89 1106 154 1152 ὅτι
187 1109 259 1152 διὰ
293 1109 368 1165 τὴν
395 1112 572 1153 ἐνοῦσαν
595 1112 710 1169 αὐτῷ
741 1108 944 1167 ’ξηρότητα
973 1113 1047 1154 καί
1075 1111 1157 1154 α’πό
1189 1110 1546 1169 διαστήματος-τῷ

29 1176 76 1219 15
88 1175 296 1235 nepavpt'cgt
325 1179 431 1231 πυρὶ
459 1180 781 1233 καταφλέγεται.
841 1178 945 1220 ἔνθα
963 1195 1043 1219 που
1068 1180 1186 1232 τύχοι
1217 1178 1363 1221 λοιπὸν
1388 1178 1409 1220 ὁ
1441 1178 1546 1233 δρά-

86 1258 170 1284 κων
211 1243 422 1297 συρίττων
465 1246 538 1284 καί
582 1242 727 1296 διιών,
771 1243 943 1286 ἐπειδάν
981 1242 1064 1286 ὑπὸ
1103 1247 1178 1286 τοῦ
1205 1244 1339 1299 πυρὸς
1376 1245 1588 1291 ἐλαύνεοῐ)

85 1325 181 1361 ται,
212 1307 307 1350 τότε
343 1307 393 1363 δὴ
434 1308 484 1350 τά
516 1308 803 1364 παρακείμενα
843 1309 952 1365 μέρη
983 1312 1388 1366 συγκαταφλέγεται.
1445 1314 1544 1351 πολ-

86 1375 206 1425 λοίκις
232 1372 310 1430 γάρ
341 1373 414 1416 καὶ
441 1376 666 1429 δράκοντος
688 1371 785 1430 ἄτερ
817 1371 924 1430 ἧχοί
938 1392 1046 1425 τινες
1075 1375 1343 1428 ἐξακούονται
1375 1372 1544 1431 ἄσημοι,

87 1442 168 1482 τοῦ
196 1441 344 1496 πυρὸς.
364 1437 528 1484 ἄνωθεν
572 1445 966 1496 καταρρηγνυμένου
1007 1443 1080 1484 καί
1109 1443 1277 1495 σώμασι
1304 1444 1486 1484 τοιοῖσδε
1515 1439 1545 1496 ἢ

25 1508 272 1550 ποτοιοῖσδε
309 1507 650 1562 προσπίπτοντος.
721 1505 811 1550 ὅσοι
853 1510 900 1550 δέ
943 1525 1052 1565 φασι
1089 1509 1174 1550 τῶν
1211 1505 1546 1563 ἐντετυχηκότων

87 1579 181 1622 ταῖς
215 1573 434 1622 τοιαύταις
459 1572 658 1616 καύσεσιν
702 1570 766 1616 ὅτι
793 1577 1014 1616 τεθέανται
1041 1581 1187 1631 χοῖρον
1213 1576 1487 1630 γρυλλίζοντα
1518 1572 1547 1628 ἢ

87 1640 275 1695 μηκάζον
318 1638 508 1682 αἰπόλιον
545 1637 574 1694 ἢ
611 1643 714 1693 βοῦν
747 1640 1015 1694 μυκώμενον,
1058 1639 1220 1683 ἑαυτῶν
1258 1657 1303 1683 τε
1347 1639 1420 1682 καί
1462 1644 1546 1682 τῶν

89 1706 309 1762 ἀκροατῶν
338 1703 698 1759 καταψεύδονται·
758 1706 882 1748 οὐδὲν
908 1705 989 1763 γὰρ
1019 1709 1263 1760 τεθέανται,
1293 1702 1385 1749 ἀλλ’
1414 1706 1436 1748 ὁ
1467 1707 1542 1763 φό-

90 1932 152 1966 c0”
178 1931 299 1976 inquit
330 1931 441 1972 ‚,iste,
467 1940 575 1976 quem
600 1929 815 1972 condidisti,
840 1936 882 1973 ut
907 1931 945 1964 in
968 1931 1055 1963 mari
1079 1931 1254 1964 luderet.”
1279 1935 1457 1964 caeterum
1482 1941 1543 1975 ge-

89 1990 156 2012 nus
181 1977 360 2012 eiusmodi
386 1978 599 2019 draconum,
640 1978 746 2023 quale
781 1976 962 2023 quoddam
992 1978 1146 2011 existere
1172 1979 1279 2022 vulgo
1307 1977 1541 2023 perhibetur,

90 2025 263 2060 hactenus
305 2025 524 2070 descriptum
558 2035 641 2057 saue
687 2036 864 2070 nusquam
901 2025 1215 2070 deprehendimus.
1255 2037 1321 2058 nec
1351 2031 1543 2070 propterea

91 2073 275 2118 fulgureus
305 2073 398 2117 ignis
436 2072 604 2106 deorsum
627 2073 759 2113 fertur,
793 2077 833 2105 ut
866 2071 1073 2105 huiusmodi
1105 2073 1277 2106 dracones
1299 2078 1434 2105 exurat.
1464 2073 1543 2116 ipsa

91 2120 284 2155 draconum
308 2126 436 2153 natura
462 2121 555 2153 sicca
581 2125 636 2152 est
661 2125 698 2152 et
719 2118 921 2152 substantia
948 2119 1101 2165 quadam
1126 2121 1232 2164 ignea
1257 2125 1409 2152 constat.
1434 2121 1542 2164 quip-

90 2178 137 2214 pe
161 2167 206 2200 (le
232 2168 391 2213 ipsorum
414 2168 527 2200 oculis
556 2168 664 2200 etiam
689 2167 779 2210 ignis
806 2167 952 2207 emicat,
983 2172 1020 2200 et
1043 2178 1220 2200 venenum
1247 2167 1346 2212 quod
1373 2172 1545 2199 evomunt:

92 2215 269 2248 fumosum
297 2220 375 2256 est,
403 2225 625 2260 corporaque
664 2219 826 2247 contacta
862 2213 1016 2247 dissilire
1043 2214 1140 2248 facit.
1166 2213 1252 2247 inde
1281 2214 1322 2247 fit
1346 2219 1386 2247 ut
1411 2213 1458 2246 ad
1484 2214 1541 2246 iu-

91 2262 370 2296 flammationem
411 2262 605 2307 dispositus
634 2262 680 2295 sit
704 2261 829 2301 draco,
859 2261 1029 2294 siccitatis
1056 2273 1141 2295 suae
1166 2273 1282 2294 causa.
1309 2261 1542 2306 quamobrem

92 2309 163 2342 sibi
188 2321 208 2342 a
247 2310 400 2343 fulmine
439 2310 589 2350 metuit,
629 2315 665 2342 et
694 2319 952 2352 nonnunquam
984 2309 1154 2342 exsiliens
1181 2320 1245 2354 per
1269 2313 1389 2342 aiii-em
1416 2308 1539 2341 fertur.

93 2357 236 2401 quaerit
272 2357 358 2390 item
384 2356 531 2390 humida
556 2357 634 2390 loca
667 2362 703 2389 et
728 2355 771 2387 ad
797 2362 919 2399 stagna
947 2356 1116 2400 confugit.
1140 2357 1242 2389 novit
1268 2356 1365 2388 enim
1391 2366 1428 2388 se
1458 2367 1542 2400 pro-

92 2409 173 2448 pter
195 2404 337 2437 insitam
363 2404 432 2437 sibi
459 2404 659 2437 siccitatem
686 2404 790 2436 etiam
817 2414 860 2435 ex
887 2403 1074 2436 intervallo
1103 2403 1259 2448 quodam
1282 2408 1461 2436 remotum
1495 2402 1539 2434 ab

94 2450 175 2494 igne
206 2451 367 2485 fulminis
408 2452 516 2484 exuri.
545 2461 803 2496 saepenumero
823 2448 970 2494 quidem
1006 2451 1083 2484 soni
1110 2451 1354 2483 exaudiuntur
1379 2450 1540 2488 obscuri,

94 2502 264 2542 tanquam
288 2498 469 2538 draconis,
496 2511 575 2532 cum
601 2499 720 2542 fulgur
746 2497 911 2529 deorsum
936 2497 1048 2530 fertur
1071 2509 1111 2530 ac
1137 2498 1196 2532 vel
1219 2498 1258 2530 in
1281 2497 1370 2530 haec
1394 2496 1451 2529 vel
1477 2496 1541 2528 illa

95 2555 242 2589 corpora
278 2546 391 2579 irruit.
432 2547 495 2591 qui
521 2552 642 2579 autem
679 2543 873 2590 perhibent
898 2543 958 2589 (de
984 2545 1026 2579 iis
1050 2545 1181 2590 loquor
1206 2544 1337 2590 quibus
1366 2542 1542 2575 eiusmodi

94 2602 133 2623 se
157 2590 369 2626 obtulerunt
394 2593 709 2638 inflammationes)
738 2603 775 2625 se
800 2603 945 2635 porcum
973 2593 1222 2636 grunnientem
1239 2590 1478 2635 conspexisse,
1501 2595 1543 2622 ut

94 2649 232 2682 gregem
257 2651 439 2685 caprarum
466 2641 650 2674 balantem
674 2640 731 2672 vel
757 2639 970 2682 mugientem
996 2638 1122 2674 bovem
1139 2665 1148 2680 ‚
1176 2645 1249 2672 tam
1274 2639 1409 2682 seipsos
1434 2648 1540 2682 quam

96 2685 184 2719 alios
229 2685 316 2720 haec
340 2687 530 2722 audientes
556 2686 743 2722 mendacio
772 2685 970 2730 decipiunt.
997 2685 1089 2719 nihil
1119 2687 1212 2718 enim
1239 2684 1413 2717 eiusmodi
1439 2683 1541 2717 vide-

96 2737 199 2771 runt,
230 2733 293 2767 sed
329 2735 596 2779 imaginationes
630 2745 750 2768 earum
779 2744 894 2766 rerum
931 2744 951 2765 a
974 2739 1070 2768 metu
1099 2734 1383 2779 proficiscuntur.
1412 2730 1542 2776 quodsi
