<?xml version="1.0" encoding="UTF-8"?>
<!DOCTYPE html PUBLIC "-//W3C//DTD XHTML 1.0 Transitional//EN"
    "http://www.w3.org/TR/xhtml1/DTD/xhtml1-transitional.dtd">
<html xmlns="http://www.w3.org/1999/xhtml" xml:lang="en" lang="en">
 <head>
  <title>
</title>
<meta http-equiv="Content-Type" content="text/html;charset=utf-8" />
  <meta name='ocr-system' content='tesseract 3.04.00' />
  <meta name='ocr-capabilities' content='ocr_page ocr_carea ocr_par ocr_line ocrx_word'/>
</head>
<body>
  <div class='ocr_page' id='page_1' title='image "./corpusscriptorum37niebuoft_0521.png"; bbox 0 0 1826 3120; ppageno 0'>
   <div class='ocr_carea' id='block_1_1' title="bbox 588 170 1582 244">
    <p class='ocr_par' dir='ltr' id='par_1_1' title="bbox 588 170 1582 244">
     <span class='ocr_line' id='line_1_1' title="bbox 588 170 1582 244; baseline 0.009 -16"><span class='ocrx_word' id='word_1_1' title='bbox 588 185 874 228; x_wconf 76' lang='lat' dir='ltr'><strong>ANNALlUM</strong></span> <span class='ocrx_word' id='word_1_2' title='bbox 912 183 1049 229; x_wconf 72' lang='lat' dir='ltr'>PARS</span> <span class='ocrx_word' id='word_1_3' title='bbox 1093 189 1164 229; x_wconf 75' lang='lat' dir='ltr'>iv.</span> <span class='ocrx_word' id='word_1_4' title='bbox 1466 170 1582 244; x_wconf 73' lang='lat'>499</span> 
     </span>
    </p>
   </div>
   <div class='ocr_carea' id='block_1_2' title="bbox 52 285 1622 1744">
    <p class='ocr_par' dir='ltr' id='par_1_2' title="bbox 126 285 1581 346">
     <span class='ocr_line' id='line_1_2' title="bbox 126 285 1581 346; baseline 0.002 -17"><span class='ocrx_word' id='word_1_5' title='bbox 126 290 196 337; x_wconf 80' lang='grc' dir='ltr'>λος</span> <span class='ocrx_word' id='word_1_6' title='bbox 222 289 391 343; x_wconf 76' lang='grc' dir='ltr'><strong><em>ἐκτίσθη</em></strong></span> <span class='ocrx_word' id='word_1_7' title='bbox 421 288 468 329; x_wconf 73' lang='grc' dir='ltr'><strong><em>τι)</em></strong></span> <span class='ocrx_word' id='word_1_8' title='bbox 517 286 717 346; x_wconf 83' lang='grc' dir='ltr'><strong><em>πρότερον</em></strong></span> <span class='ocrx_word' id='word_1_9' title='bbox 760 289 878 346; x_wconf 78' lang='grc' dir='ltr'><strong><em>παρὰ</em></strong></span> <span class='ocrx_word' id='word_1_10' title='bbox 912 291 987 332; x_wconf 82' lang='grc' dir='ltr'>τοῦ</span> <span class='ocrx_word' id='word_1_11' title='bbox 1016 285 1202 344; x_wconf 78' lang='grc' dir='ltr'><em>μεγάλου</em></span> <span class='ocrx_word' id='word_1_12' title='bbox 1233 291 1581 344; x_wconf 81' lang='grc' dir='ltr'><strong><em>Κωνσταντίνου,</em></strong></span> 
     </span>
    </p>

    <p class='ocr_par' dir='ltr' id='par_1_3' title="bbox 125 354 1583 414">
     <span class='ocr_line' id='line_1_3' title="bbox 125 354 1583 414; baseline 0.003 -18"><span class='ocrx_word' id='word_1_13' title='bbox 125 354 392 410; x_wconf 69' lang='grc' dir='ltr'><strong><em>ἐμεγαλύνθη</em></strong></span> <span class='ocrx_word' id='word_1_14' title='bbox 420 356 468 397; x_wconf 76' lang='grc' dir='ltr'>δὲ</span> <span class='ocrx_word' id='word_1_15' title='bbox 498 357 573 398; x_wconf 83' lang='grc' dir='ltr'><strong><em>καί</em></strong></span> <span class='ocrx_word' id='word_1_16' title='bbox 604 356 662 406; x_wconf 79' lang='grc' dir='ltr'>ὥς</span> <span class='ocrx_word' id='word_1_17' title='bbox 690 355 780 411; x_wconf 80' lang='grc' dir='ltr'><strong><em>ἔχει</em></strong></span> <span class='ocrx_word' id='word_1_18' title='bbox 811 358 887 399; x_wconf 80' lang='grc' dir='ltr'>νῦν</span> <span class='ocrx_word' id='word_1_19' title='bbox 920 356 1238 413; x_wconf 75' lang='grc' dir='ltr'><em>κατεσκευάσθη</em></span> <span class='ocrx_word' id='word_1_20' title='bbox 1266 356 1383 414; x_wconf 80' lang='grc' dir='ltr'><strong><em>παρὰ</em></strong></span> <span class='ocrx_word' id='word_1_21' title='bbox 1416 359 1583 403; x_wconf 74' lang='grc' dir='ltr'><strong><em>Θεοδώ-</em></strong></span> 
     </span>
    </p>

    <p class='ocr_par' dir='ltr' id='par_1_4' title="bbox 125 419 1584 481">
     <span class='ocr_line' id='line_1_4' title="bbox 125 419 1584 481; baseline 0.005 -20"><span class='ocrx_word' id='word_1_22' title='bbox 125 423 226 476; x_wconf 82' lang='grc' dir='ltr'><strong><em>ρας,</em></strong></span> <span class='ocrx_word' id='word_1_23' title='bbox 252 419 452 476; x_wconf 77' lang='grc' dir='ltr'><strong><em>γυναικός</em></strong></span> <span class='ocrx_word' id='word_1_24' title='bbox 487 421 799 468; x_wconf 83' lang='grc' dir='ltr'><strong><em>Ἰουστινιανοῦ.</em></strong></span> <span class='ocrx_word' id='word_1_25' title='bbox 853 421 899 466; x_wconf 85' lang='grc' dir='ltr'>τὸ</span> <span class='ocrx_word' id='word_1_26' title='bbox 935 425 984 466; x_wconf 78' lang='grc' dir='ltr'>δὲ</span> <span class='ocrx_word' id='word_1_27' title='bbox 1011 419 1131 478; x_wconf 74' lang='grc' dir='ltr'><strong><em>ἅγιον</em></strong></span> <span class='ocrx_word' id='word_1_28' title='bbox 1153 425 1271 479; x_wconf 71' lang='grc' dir='ltr'>βῆμα</span> <span class='ocrx_word' id='word_1_29' title='bbox 1298 427 1430 468; x_wconf 78' lang='grc' dir='ltr'><strong><em>ἐκεῖσε</em></strong></span> <span class='ocrx_word' id='word_1_30' title='bbox 1457 423 1584 481; x_wconf 70' lang='grc' dir='ltr'><strong><em>εἶάθη</em></strong></span> 
     </span>
    </p>

    <p class='ocr_par' dir='ltr' id='par_1_5' title="bbox 87 485 1585 598">
     <span class='ocr_line' id='line_1_5' title="bbox 125 485 1585 547; baseline 0.003 -17"><span class='ocrx_word' id='word_1_31' title='bbox 125 485 198 530; x_wconf 70' lang='grc' dir='ltr'>διὰ</span> <span class='ocrx_word' id='word_1_32' title='bbox 236 487 291 529; x_wconf 77' lang='grc' dir='ltr'>τὰ</span> <span class='ocrx_word' id='word_1_33' title='bbox 332 489 378 531; x_wconf 78' lang='grc' dir='ltr'><strong><em>ἐν</em></strong></span> <span class='ocrx_word' id='word_1_34' title='bbox 406 487 522 546; x_wconf 78' lang='grc' dir='ltr'><strong><em>αυτῷ</em></strong></span> <span class='ocrx_word' id='word_1_35' title='bbox 548 505 717 544; x_wconf 85' lang='grc' dir='ltr'><strong><em>κειμενα</em></strong></span> <span class='ocrx_word' id='word_1_36' title='bbox 759 506 880 544; x_wconf 71' lang='grc' dir='ltr'><strong><em>τιμία</em></strong></span> <span class='ocrx_word' id='word_1_37' title='bbox 913 490 1096 544; x_wconf 85' lang='grc' dir='ltr'><strong><em>λείψανα</em></strong></span> <span class='ocrx_word' id='word_1_38' title='bbox 1125 507 1405 547; x_wconf 82' lang='grc' dir='ltr'><strong><em>πατριαρχων</em></strong></span> <span class='ocrx_word' id='word_1_39' title='bbox 1435 508 1483 535; x_wconf 85' lang='grc' dir='ltr'>τε</span> <span class='ocrx_word' id='word_1_40' title='bbox 1511 495 1585 535; x_wconf 80' lang='grc' dir='ltr'><strong><em>καί</em></strong></span> 
     </span>
     <span class='ocr_line' id='line_1_6' title="bbox 87 552 382 598; baseline 0.007 -4"><span class='ocrx_word' id='word_1_41' title='bbox 87 552 382 598; x_wconf 68' lang='grc' dir='ltr'><strong><em>ὖοῖποστόλων.</em></strong></span> 
     </span>
    </p>

    <p class='ocr_par' dir='ltr' id='par_1_6' title="bbox 116 617 1622 882">
     <span class='ocr_line' id='line_1_7' title="bbox 234 617 1584 681; baseline 0.003 -17"><span class='ocrx_word' id='word_1_42' title='bbox 234 620 298 664; x_wconf 92' lang='grc' dir='ltr'>Γ</span> <span class='ocrx_word' id='word_1_43' title='bbox 274 637 424 664; x_wconf 88' lang='grc' dir='ltr'><strong><em>ινωσκε</em></strong></span> <span class='ocrx_word' id='word_1_44' title='bbox 466 623 535 676; x_wconf 74' lang='grc' dir='ltr'>δέ,</span> <span class='ocrx_word' id='word_1_45' title='bbox 581 617 794 678; x_wconf 80' lang='grc' dir='ltr'><strong><em>ἇγαπητὲ,</em></strong></span> <span class='ocrx_word' id='word_1_46' title='bbox 835 618 901 665; x_wconf 78' lang='grc' dir='ltr'>ὅτι</span> <span class='ocrx_word' id='word_1_47' title='bbox 949 624 1039 665; x_wconf 88' lang='grc' dir='ltr'><strong><em>κατ’</em></strong></span> <span class='ocrx_word' id='word_1_48' title='bbox 1088 625 1219 666; x_wconf 77' lang='grc' dir='ltr'><strong><em>ἐκεῖνο</em></strong></span> <span class='ocrx_word' id='word_1_49' title='bbox 1260 627 1414 679; x_wconf 82' lang='grc' dir='ltr'><strong><em>καιροῦ</em></strong></span> <span class='ocrx_word' id='word_1_50' title='bbox 1450 627 1523 668; x_wconf 84' lang='grc' dir='ltr'><strong><em>καί</em></strong></span> <span class='ocrx_word' id='word_1_51' title='bbox 1558 627 1584 681; x_wconf 84' lang='grc' dir='ltr'><em>ἦ</em></span> 
     </span>
     <span class='ocr_line' id='line_1_8' title="bbox 124 685 1584 747; baseline 0.005 -19"><span class='ocrx_word' id='word_1_52' title='bbox 124 686 351 744; x_wconf 75' lang='grc' dir='ltr'><strong><em>ὖπαπαντὴ</em></strong></span> <span class='ocrx_word' id='word_1_53' title='bbox 383 685 666 743; x_wconf 72' lang='grc' dir='ltr'><strong><em>ἐορτάζεσθαι</em></strong></span> <span class='ocrx_word' id='word_1_54' title='bbox 693 685 863 745; x_wconf 75' lang='grc' dir='ltr'><strong><em>ἤρξατο,</em></strong></span> <span class='ocrx_word' id='word_1_55' title='bbox 893 685 986 744; x_wconf 75' lang='grc' dir='ltr'><strong><em>ἥτις</em></strong></span> <span class='ocrx_word' id='word_1_56' title='bbox 1016 688 1120 732; x_wconf 71' lang='grc' dir='ltr'><strong><em>κατά</em></strong></span> <span class='ocrx_word' id='word_1_57' title='bbox 1152 689 1226 733; x_wconf 85' lang='grc' dir='ltr'>τὸν</span> <span class='ocrx_word' id='word_1_58' title='bbox 1252 692 1584 747; x_wconf 80' lang='grc' dir='ltr'><strong><em>χρυσορρήμονα</em></strong></span> 
     </span>
     <span class='ocr_line' id='line_1_9' title="bbox 116 751 1622 814; baseline 0.004 -19"><span class='ocrx_word' id='word_1_59' title='bbox 116 751 315 809; x_wconf 77' lang='grc' dir='ltr'>Ἰωάννην</span> <span class='ocrx_word' id='word_1_60' title='bbox 346 755 423 796; x_wconf 79' lang='grc' dir='ltr'>οιῖκ</span> <span class='ocrx_word' id='word_1_61' title='bbox 451 753 567 798; x_wconf 78' lang='grc' dir='ltr'><strong><em>ἔστιν</em></strong></span> <span class='ocrx_word' id='word_1_62' title='bbox 595 757 843 810; x_wconf 77' lang='grc' dir='ltr'><strong><em>ἐναρίθμιος</em></strong></span> <span class='ocrx_word' id='word_1_63' title='bbox 873 761 966 805; x_wconf 85' lang='grc' dir='ltr'><strong><em>ταῖς</em></strong></span> <span class='ocrx_word' id='word_1_64' title='bbox 995 758 1262 807; x_wconf 78' lang='grc' dir='ltr'><em>δεσποτικαῖς</em></span> <span class='ocrx_word' id='word_1_65' title='bbox 1290 754 1473 814; x_wconf 75' lang='grc' dir='ltr'><strong><em>ἑορταῖς.</em></strong></span> <span class='ocrx_word' id='word_1_66' title='bbox 1528 759 1622 808; x_wconf 60' lang='lat' dir='ltr'>aig-B</span> 
     </span>
     <span class='ocr_line' id='line_1_10' title="bbox 121 818 1586 882; baseline 0.004 -21"><span class='ocrx_word' id='word_1_67' title='bbox 121 818 202 875; x_wconf 75' lang='grc' dir='ltr'>γάρ</span> <span class='ocrx_word' id='word_1_68' title='bbox 232 822 279 863; x_wconf 79' lang='grc' dir='ltr'><strong><em>ἐν</em></strong></span> <span class='ocrx_word' id='word_1_69' title='bbox 307 823 351 871; x_wconf 76' lang='grc' dir='ltr'>ἓξ</span> <span class='ocrx_word' id='word_1_70' title='bbox 380 820 562 877; x_wconf 77' lang='grc' dir='ltr'><em>ἡμέραις</em></span> <span class='ocrx_word' id='word_1_71' title='bbox 589 819 644 864; x_wconf 68' lang='grc' dir='ltr'>τὰ</span> <span class='ocrx_word' id='word_1_72' title='bbox 675 821 814 864; x_wconf 84' lang='grc' dir='ltr'><strong><em>πάντα</em></strong></span> <span class='ocrx_word' id='word_1_73' title='bbox 853 824 1070 879; x_wconf 76' lang='grc' dir='ltr'><strong><em>ἐποίησεν,</em></strong></span> <span class='ocrx_word' id='word_1_74' title='bbox 1099 820 1212 865; x_wconf 71' lang='grc' dir='ltr'><strong><em>οὕτω</em></strong></span> <span class='ocrx_word' id='word_1_75' title='bbox 1245 825 1318 867; x_wconf 86' lang='grc' dir='ltr'><em>καί</em></span> <span class='ocrx_word' id='word_1_76' title='bbox 1342 826 1387 867; x_wconf 77' lang='grc' dir='ltr'><strong><em>ἐν</em></strong></span> <span class='ocrx_word' id='word_1_77' title='bbox 1417 827 1461 875; x_wconf 72' lang='grc' dir='ltr'>ἓξ</span> <span class='ocrx_word' id='word_1_78' title='bbox 1491 822 1586 882; x_wconf 72' lang='grc' dir='ltr'><strong><em>ἑορ-</em></strong></span> 
     </span>
    </p>

    <p class='ocr_par' dir='ltr' id='par_1_7' title="bbox 63 884 1586 1136">
     <span class='ocr_line' id='line_1_11' title="bbox 63 884 1586 947; baseline 0.001 -17"><span class='ocrx_word' id='word_1_79' title='bbox 63 905 109 931; x_wconf 88' lang='grc' dir='ltr'>ιο</span> <span class='ocrx_word' id='word_1_80' title='bbox 121 891 212 936; x_wconf 86' lang='grc' dir='ltr'><strong><em>ταις</em></strong></span> <span class='ocrx_word' id='word_1_81' title='bbox 240 884 289 929; x_wconf 77' lang='grc' dir='ltr'>τὰ</span> <span class='ocrx_word' id='word_1_82' title='bbox 320 888 396 942; x_wconf 79' lang='grc' dir='ltr'>τῆς</span> <span class='ocrx_word' id='word_1_83' title='bbox 425 886 631 943; x_wconf 77' lang='grc' dir='ltr'><strong><em>ἐνσάρκου</em></strong></span> <span class='ocrx_word' id='word_1_84' title='bbox 677 889 916 942; x_wconf 81' lang='grc' dir='ltr'><strong><em>οἰκονομίας</em></strong></span> <span class='ocrx_word' id='word_1_85' title='bbox 943 888 1183 944; x_wconf 77' lang='grc' dir='ltr'><strong><em>ἐπλήρωσε,</em></strong></span> <span class='ocrx_word' id='word_1_86' title='bbox 1213 891 1264 947; x_wconf 82' lang='grc' dir='ltr'>τῇ</span> <span class='ocrx_word' id='word_1_87' title='bbox 1291 889 1500 946; x_wconf 76' lang='grc' dir='ltr'><em>γεννήσει,</em></span> <span class='ocrx_word' id='word_1_88' title='bbox 1528 895 1586 934; x_wconf 76' lang='grc' dir='ltr'>τῶ</span> 
     </span>
     <span class='ocr_line' id='line_1_12' title="bbox 119 954 1589 1014; baseline 0.003 -19"><span class='ocrx_word' id='word_1_89' title='bbox 119 954 410 1008; x_wconf 80' lang='grc' dir='ltr'>βαπτίσματι,</span> <span class='ocrx_word' id='word_1_90' title='bbox 452 956 511 1013; x_wconf 77' lang='grc' dir='ltr'>τῶ</span> <span class='ocrx_word' id='word_1_91' title='bbox 547 955 746 1011; x_wconf 81' lang='grc' dir='ltr'><strong><em>σταυρῷ,</em></strong></span> <span class='ocrx_word' id='word_1_92' title='bbox 789 956 842 1012; x_wconf 82' lang='grc' dir='ltr'>τῇ</span> <span class='ocrx_word' id='word_1_93' title='bbox 879 971 1133 1010; x_wconf 85' lang='grc' dir='ltr'><strong><em>αναστασει,</em></strong></span> <span class='ocrx_word' id='word_1_94' title='bbox 1170 958 1222 1014; x_wconf 86' lang='grc' dir='ltr'>τῇ</span> <span class='ocrx_word' id='word_1_95' title='bbox 1262 957 1473 1012; x_wconf 78' lang='grc' dir='ltr'><strong><em>α’ναλήψει</em></strong></span> <span class='ocrx_word' id='word_1_96' title='bbox 1514 961 1589 1000; x_wconf 75' lang='grc' dir='ltr'>καί</span> 
     </span>
     <span class='ocr_line' id='line_1_13' title="bbox 120 1017 1586 1080; baseline 0.003 -18"><span class='ocrx_word' id='word_1_97' title='bbox 120 1021 173 1077; x_wconf 82' lang='grc' dir='ltr'>τῇ</span> <span class='ocrx_word' id='word_1_98' title='bbox 209 1021 481 1077; x_wconf 76' lang='grc' dir='ltr'>πεντηκοστῇ.</span> <span class='ocrx_word' id='word_1_99' title='bbox 539 1023 728 1064; x_wconf 85' lang='grc' dir='ltr'><strong><em>λείπεται</em></strong></span> <span class='ocrx_word' id='word_1_100' title='bbox 775 1036 849 1063; x_wconf 85' lang='grc' dir='ltr'><strong><em>ουν</em></strong></span> <span class='ocrx_word' id='word_1_101' title='bbox 876 1018 904 1078; x_wconf 78' lang='grc' dir='ltr'><em>ἢ</em></span> <span class='ocrx_word' id='word_1_102' title='bbox 934 1017 1117 1078; x_wconf 74' lang='grc' dir='ltr'><strong><em>ἑβδόμη,</em></strong></span> <span class='ocrx_word' id='word_1_103' title='bbox 1160 1023 1206 1065; x_wconf 82' lang='grc' dir='ltr'><strong><em>ἐν</em></strong></span> <span class='ocrx_word' id='word_1_104' title='bbox 1240 1025 1266 1080; x_wconf 82' lang='grc' dir='ltr'><strong><em>ᾐ</em></strong></span> <span class='ocrx_word' id='word_1_105' title='bbox 1306 1025 1424 1066; x_wconf 85' lang='grc' dir='ltr'><strong><em>πᾶσα</em></strong></span> <span class='ocrx_word' id='word_1_106' title='bbox 1455 1023 1586 1066; x_wconf 81' lang='grc' dir='ltr'><strong><em>κατοί-</em></strong></span> 
     </span>
     <span class='ocr_line' id='line_1_14' title="bbox 118 1101 292 1136; baseline 0.013 -9"><span class='ocrx_word' id='word_1_107' title='bbox 118 1101 292 1136; x_wconf 87' lang='grc' dir='ltr'><strong><em>παυσις.</em></strong></span> 
     </span>
    </p>

    <p class='ocr_par' dir='ltr' id='par_1_8' title="bbox 235 1152 1588 1213">
     <span class='ocr_line' id='line_1_15' title="bbox 235 1152 1588 1213; baseline 0.003 -18"><span class='ocrx_word' id='word_1_108' title='bbox 235 1152 334 1195; x_wconf 83' lang='grc' dir='ltr'><strong><em>Τότε</em></strong></span> <span class='ocrx_word' id='word_1_109' title='bbox 364 1153 438 1196; x_wconf 82' lang='grc' dir='ltr'><strong><em>καί</em></strong></span> <span class='ocrx_word' id='word_1_110' title='bbox 471 1153 499 1208; x_wconf 82' lang='grc' dir='ltr'><em>ἦ</em></span> <span class='ocrx_word' id='word_1_111' title='bbox 541 1152 741 1197; x_wconf 76' lang='grc' dir='ltr'><strong><em>θάλασσα</em></strong></span> <span class='ocrx_word' id='word_1_112' title='bbox 784 1156 1017 1205; x_wconf 71' lang='grc' dir='ltr'><strong><em>ἐξελθοῦσα</em></strong></span> <span class='ocrx_word' id='word_1_113' title='bbox 1056 1157 1142 1197; x_wconf 75' lang='grc' dir='ltr'>τῶν</span> <span class='ocrx_word' id='word_1_114' title='bbox 1181 1155 1310 1211; x_wconf 78' lang='grc' dir='ltr'><strong><em>ὁρίων</em></strong></span> <span class='ocrx_word' id='word_1_115' title='bbox 1357 1158 1487 1213; x_wconf 73' lang='grc' dir='ltr'><strong><em>αὐτῆς</em></strong></span> <span class='ocrx_word' id='word_1_116' title='bbox 1514 1158 1588 1199; x_wconf 73' lang='grc' dir='ltr'>ἐπὶ</span> 
     </span>
    </p>

    <p class='ocr_par' dir='ltr' id='par_1_9' title="bbox 59 1219 1620 1544">
     <span class='ocr_line' id='line_1_16' title="bbox 59 1219 1585 1280; baseline 0.002 -19"><span class='ocrx_word' id='word_1_117' title='bbox 59 1221 105 1262; x_wconf 88' lang='lat'>15</span> <span class='ocrx_word' id='word_1_118' title='bbox 117 1220 242 1273; x_wconf 74' lang='grc' dir='ltr'><strong><em>μιλια</em></strong></span> <span class='ocrx_word' id='word_1_119' title='bbox 271 1220 372 1274; x_wconf 85' lang='grc' dir='ltr'><strong><em>τρία</em></strong></span> <span class='ocrx_word' id='word_1_120' title='bbox 420 1219 524 1276; x_wconf 88' lang='grc' dir='ltr'><strong><em>πρὸς</em></strong></span> <span class='ocrx_word' id='word_1_121' title='bbox 572 1220 624 1263; x_wconf 82' lang='grc' dir='ltr'>τὰ</span> <span class='ocrx_word' id='word_1_122' title='bbox 663 1224 773 1277; x_wconf 84' lang='grc' dir='ltr'><strong><em>μέρη</em></strong></span> <span class='ocrx_word' id='word_1_123' title='bbox 812 1222 885 1276; x_wconf 81' lang='grc' dir='ltr'>τῆς</span> <span class='ocrx_word' id='word_1_124' title='bbox 916 1222 1114 1280; x_wconf 69' lang='grc' dir='ltr'><strong><em>Θρᾴκης,</em></strong></span> <span class='ocrx_word' id='word_1_125' title='bbox 1154 1221 1229 1264; x_wconf 80' lang='grc' dir='ltr'>καί</span> <span class='ocrx_word' id='word_1_126' title='bbox 1253 1221 1411 1272; x_wconf 77' lang='grc' dir='ltr'><strong><em>πολλὰς</em></strong></span> <span class='ocrx_word' id='word_1_127' title='bbox 1437 1220 1585 1278; x_wconf 78' lang='grc' dir='ltr'><strong><em>χώρας</em></strong></span> 
     </span>
     <span class='ocr_line' id='line_1_17' title="bbox 117 1284 1584 1343; baseline 0.001 -15"><span class='ocrx_word' id='word_1_128' title='bbox 117 1287 190 1328; x_wconf 83' lang='grc' dir='ltr'>καί</span> <span class='ocrx_word' id='word_1_129' title='bbox 215 1285 470 1342; x_wconf 72' lang='grc' dir='ltr'><strong><em>ἀνθρώπους</em></strong></span> <span class='ocrx_word' id='word_1_130' title='bbox 495 1289 766 1339; x_wconf 73' lang='grc' dir='ltr'><strong><em>α’ποπνίξασα</em></strong></span> <span class='ocrx_word' id='word_1_131' title='bbox 792 1284 1047 1343; x_wconf 70' lang='grc' dir='ltr'><strong><em>ὑπέστρεψε.</em></strong></span> <span class='ocrx_word' id='word_1_132' title='bbox 1102 1287 1200 1330; x_wconf 85' lang='grc' dir='ltr'><strong><em>τότε</em></strong></span> <span class='ocrx_word' id='word_1_133' title='bbox 1230 1290 1277 1330; x_wconf 79' lang='grc' dir='ltr'>δὲ</span> <span class='ocrx_word' id='word_1_134' title='bbox 1305 1291 1379 1331; x_wconf 81' lang='grc' dir='ltr'><strong><em>καί</em></strong></span> <span class='ocrx_word' id='word_1_135' title='bbox 1406 1291 1584 1332; x_wconf 77' lang='grc' dir='ltr'><strong><em>θανατι-</em></strong></span> 
     </span>
     <span class='ocr_line' id='line_1_18' title="bbox 117 1351 1583 1410; baseline 0.003 -16"><span class='ocrx_word' id='word_1_136' title='bbox 117 1351 192 1395; x_wconf 77' lang='grc' dir='ltr'><strong><em>κὸν</em></strong></span> <span class='ocrx_word' id='word_1_137' title='bbox 232 1351 471 1410; x_wconf 74' lang='grc' dir='ltr'><strong><em>ἀνθρώπων</em></strong></span> <span class='ocrx_word' id='word_1_138' title='bbox 508 1355 555 1397; x_wconf 82' lang='grc' dir='ltr'><strong><em>ἐν</em></strong></span> <span class='ocrx_word' id='word_1_139' title='bbox 592 1354 1044 1397; x_wconf 81' lang='grc' dir='ltr'><strong><em>Κωνσταντινουπόλει</em></strong></span> <span class='ocrx_word' id='word_1_140' title='bbox 1070 1356 1237 1410; x_wconf 67' lang='grc' dir='ltr'>4γέγονε.</span> <span class='ocrx_word' id='word_1_141' title='bbox 1312 1359 1507 1398; x_wconf 80' lang='grc' dir='ltr'><strong><em>τοσοῦτον</em></strong></span> <span class='ocrx_word' id='word_1_142' title='bbox 1535 1358 1583 1399; x_wconf 82' lang='grc' dir='ltr'>δὲ</span> 
     </span>
     <span class='ocr_line' id='line_1_19' title="bbox 115 1415 1580 1478; baseline 0.001 -16"><span class='ocrx_word' id='word_1_143' title='bbox 115 1415 170 1475; x_wconf 80' lang='grc' dir='ltr'><strong><em>ἧν</em></strong></span> <span class='ocrx_word' id='word_1_144' title='bbox 219 1415 330 1463; x_wconf 70' lang='grc' dir='ltr'><strong><em>ὥστε</em></strong></span> <span class='ocrx_word' id='word_1_145' title='bbox 377 1420 520 1473; x_wconf 84' lang='grc' dir='ltr'><strong><em>μένειν</em></strong></span> <span class='ocrx_word' id='word_1_146' title='bbox 565 1420 759 1477; x_wconf 69' lang='grc' dir='ltr'><strong><em>ἀτάφους</em></strong></span> <span class='ocrx_word' id='word_1_147' title='bbox 794 1420 891 1470; x_wconf 85' lang='grc' dir='ltr'>τούς</span> <span class='ocrx_word' id='word_1_148' title='bbox 929 1421 1272 1478; x_wconf 66' lang='grc' dir='ltr'><strong><em>ἀποθνήσκοντας</em></strong></span> <span class='ocrx_word' id='word_1_149' title='bbox 1317 1423 1479 1478; x_wconf 78' lang='grc' dir='ltr'><strong><em>ἡμέρας</em></strong></span> <span class='ocrx_word' id='word_1_150' title='bbox 1519 1423 1580 1478; x_wconf 83' lang='lat' dir='ltr'>y&#39;·</span> 
     </span>
     <span class='ocr_line' id='line_1_20' title="bbox 115 1483 1620 1544; baseline 0.002 -16"><span class='ocrx_word' id='word_1_151' title='bbox 115 1486 216 1529; x_wconf 75' lang='grc' dir='ltr'>οὐδὲ</span> <span class='ocrx_word' id='word_1_152' title='bbox 255 1487 334 1542; x_wconf 78' lang='grc' dir='ltr'>γὰρ</span> <span class='ocrx_word' id='word_1_153' title='bbox 377 1483 432 1542; x_wconf 76' lang='grc' dir='ltr'><strong><em>ἦν</em></strong></span> <span class='ocrx_word' id='word_1_154' title='bbox 461 1485 563 1537; x_wconf 77' lang='grc' dir='ltr'>ὁδὸς</span> <span class='ocrx_word' id='word_1_155' title='bbox 591 1487 663 1529; x_wconf 74' lang='grc' dir='ltr'>διὰ</span> <span class='ocrx_word' id='word_1_156' title='bbox 690 1486 736 1530; x_wconf 85' lang='grc' dir='ltr'>τὸ</span> <span class='ocrx_word' id='word_1_157' title='bbox 767 1491 927 1544; x_wconf 76' lang='grc' dir='ltr'><strong><em>πλῆθος</em></strong></span> <span class='ocrx_word' id='word_1_158' title='bbox 953 1486 1210 1534; x_wconf 74' lang='grc' dir='ltr'><strong><em>θάπτεσθαι.</em></strong></span> <span class='ocrx_word' id='word_1_159' title='bbox 1287 1488 1505 1543; x_wconf 75' lang='grc' dir='ltr'><strong><em>ἐπεκράτει</em></strong></span> <span class='ocrx_word' id='word_1_160' title='bbox 1534 1490 1620 1536; x_wconf 77' lang='grc' dir='ltr'>ὃὲο</span> 
     </span>
    </p>

    <p class='ocr_par' dir='ltr' id='par_1_10' title="bbox 52 1548 1582 1744">
     <span class='ocr_line' id='line_1_21' title="bbox 52 1548 1580 1610; baseline 0.003 -18"><span class='ocrx_word' id='word_1_161' title='bbox 52 1554 251 1609; x_wconf 63' lang='grc' dir='ltr'><strong><em>πομῆνας</em></strong></span> <span class='ocrx_word' id='word_1_162' title='bbox 276 1551 450 1596; x_wconf 79' lang='grc' dir='ltr'><strong><em>Ἰούλιον</em></strong></span> <span class='ocrx_word' id='word_1_163' title='bbox 476 1556 551 1596; x_wconf 83' lang='grc' dir='ltr'><em>καί</em></span> <span class='ocrx_word' id='word_1_164' title='bbox 571 1548 838 1610; x_wconf 68' lang='grc' dir='ltr'><strong><em>Αὔγουστον.</em></strong></span> <span class='ocrx_word' id='word_1_165' title='bbox 871 1556 1067 1596; x_wconf 78' lang='grc' dir='ltr'><strong><em>ἐντεῦθεν</em></strong></span> <span class='ocrx_word' id='word_1_166' title='bbox 1094 1553 1169 1596; x_wconf 81' lang='grc' dir='ltr'><em>καί</em></span> <span class='ocrx_word' id='word_1_167' title='bbox 1195 1555 1312 1596; x_wconf 79' lang='grc' dir='ltr'><strong><em>πᾶσα</em></strong></span> <span class='ocrx_word' id='word_1_168' title='bbox 1338 1555 1365 1610; x_wconf 82' lang='grc' dir='ltr'><em>ἦ</em></span> <span class='ocrx_word' id='word_1_169' title='bbox 1392 1557 1446 1610; x_wconf 74' lang='grc' dir='ltr'>γῆ</span> <span class='ocrx_word' id='word_1_170' title='bbox 1471 1553 1580 1598; x_wconf 77' lang='grc' dir='ltr'><strong><em>ἐπώ-</em></strong></span> 
     </span>
     <span class='ocr_line' id='line_1_22' title="bbox 117 1617 1582 1676; baseline 0.002 -16"><span class='ocrx_word' id='word_1_171' title='bbox 117 1620 211 1670; x_wconf 85' lang='grc' dir='ltr'><strong><em>ζεσε</em></strong></span> <span class='ocrx_word' id='word_1_172' title='bbox 243 1618 312 1661; x_wconf 76' lang='grc' dir='ltr'>διὰ</span> <span class='ocrx_word' id='word_1_173' title='bbox 343 1620 395 1662; x_wconf 75' lang='grc' dir='ltr'>τά</span> <span class='ocrx_word' id='word_1_174' title='bbox 424 1617 644 1675; x_wconf 76' lang='grc' dir='ltr'><strong><em>πτώματα.</em></strong></span> <span class='ocrx_word' id='word_1_175' title='bbox 703 1622 899 1664; x_wconf 83' lang='grc' dir='ltr'><strong><em>τοσοῦτον</em></strong></span> <span class='ocrx_word' id='word_1_176' title='bbox 937 1623 984 1663; x_wconf 76' lang='grc' dir='ltr'>δὲ</span> <span class='ocrx_word' id='word_1_177' title='bbox 1013 1619 1060 1663; x_wconf 82' lang='grc' dir='ltr'>τὸ</span> <span class='ocrx_word' id='word_1_178' title='bbox 1091 1624 1254 1676; x_wconf 77' lang='grc' dir='ltr'><strong><em>πλῆθος</em></strong></span> <span class='ocrx_word' id='word_1_179' title='bbox 1283 1624 1367 1664; x_wconf 77' lang='grc' dir='ltr'>τῶν</span> <span class='ocrx_word' id='word_1_180' title='bbox 1390 1623 1582 1676; x_wconf 75' lang='grc' dir='ltr'><strong><em>ιῖποθνη-</em></strong></span> 
     </span>
     <span class='ocr_line' id='line_1_23' title="bbox 115 1681 1581 1744; baseline 0.001 -16"><span class='ocrx_word' id='word_1_181' title='bbox 115 1682 297 1729; x_wconf 86' lang='grc' dir='ltr'><strong><em>σκόντων</em></strong></span> <span class='ocrx_word' id='word_1_182' title='bbox 331 1681 382 1742; x_wconf 78' lang='grc' dir='ltr'><strong><em>ἦν</em></strong></span> <span class='ocrx_word' id='word_1_183' title='bbox 420 1684 529 1730; x_wconf 68' lang='grc' dir='ltr'><strong><em>ὥστε</em></strong></span> <span class='ocrx_word' id='word_1_184' title='bbox 567 1690 734 1742; x_wconf 81' lang='grc' dir='ltr'><strong><em>χιλίους</em></strong></span> <span class='ocrx_word' id='word_1_185' title='bbox 771 1685 1038 1742; x_wconf 74' lang='grc' dir='ltr'><strong><em>κραββοίτους</em></strong></span> <span class='ocrx_word' id='word_1_186' title='bbox 1077 1686 1149 1731; x_wconf 84' lang='grc' dir='ltr'>τὸν</span> <span class='ocrx_word' id='word_1_187' title='bbox 1185 1688 1366 1742; x_wconf 83' lang='grc' dir='ltr'><strong><em>βασιλέα</em></strong></span> <span class='ocrx_word' id='word_1_188' title='bbox 1405 1690 1581 1744; x_wconf 72' lang='grc' dir='ltr'><strong><em>ποιῆσαι</em></strong></span> 
     </span>
    </p>
   </div>
   <div class='ocr_carea' id='block_1_3' title="bbox 92 1897 1577 2420">
    <p class='ocr_par' dir='ltr' id='par_1_11' title="bbox 92 1897 1577 2087">
     <span class='ocr_line' id='line_1_24' title="bbox 112 1897 1577 1945; baseline 0.001 -13"><span class='ocrx_word' id='word_1_189' title='bbox 112 1909 242 1942; x_wconf 76' lang='lat' dir='ltr'>magno</span> <span class='ocrx_word' id='word_1_190' title='bbox 282 1898 428 1945; x_wconf 85' lang='lat' dir='ltr'>quidem</span> <span class='ocrx_word' id='word_1_191' title='bbox 462 1898 701 1933; x_wconf 86' lang='lat' dir='ltr'>Constantino</span> <span class='ocrx_word' id='word_1_192' title='bbox 731 1899 887 1944; x_wconf 87' lang='lat' dir='ltr'>primum</span> <span class='ocrx_word' id='word_1_193' title='bbox 923 1902 979 1932; x_wconf 73' lang='lat' dir='ltr'>est</span> <span class='ocrx_word' id='word_1_194' title='bbox 1015 1897 1182 1931; x_wconf 84' lang='lat' dir='ltr'>condita:</span> <span class='ocrx_word' id='word_1_195' title='bbox 1216 1907 1339 1932; x_wconf 85' lang='lat' dir='ltr'>verum</span> <span class='ocrx_word' id='word_1_196' title='bbox 1363 1906 1401 1934; x_wconf 82' lang='lat' dir='ltr'>et</span> <span class='ocrx_word' id='word_1_197' title='bbox 1423 1897 1577 1943; x_wconf 82' lang='lat' dir='ltr'>amplior</span> 
     </span>
     <span class='ocr_line' id='line_1_25' title="bbox 92 1944 1576 1992; baseline 0.001 -14"><span class='ocrx_word' id='word_1_198' title='bbox 92 1990 94 1992; x_wconf 26' lang='grc' dir='ltr'>Ι</span> <span class='ocrx_word' id='word_1_199' title='bbox 115 1946 206 1980; x_wconf 82' lang='lat' dir='ltr'>facta</span> <span class='ocrx_word' id='word_1_200' title='bbox 233 1951 270 1979; x_wconf 88' lang='lat' dir='ltr'>et</span> <span class='ocrx_word' id='word_1_201' title='bbox 298 1948 349 1980; x_wconf 79' lang='lat' dir='ltr'>ita</span> <span class='ocrx_word' id='word_1_202' title='bbox 372 1951 551 1980; x_wconf 81' lang='lat' dir='ltr'>exstructa</span> <span class='ocrx_word' id='word_1_203' title='bbox 578 1952 635 1979; x_wconf 88' lang='lat' dir='ltr'>est</span> <span class='ocrx_word' id='word_1_204' title='bbox 658 1947 710 1979; x_wconf 92' lang='lat' dir='ltr'>uti</span> <span class='ocrx_word' id='word_1_205' title='bbox 733 1946 841 1979; x_wconf 89' lang='lat' dir='ltr'>modo</span> <span class='ocrx_word' id='word_1_206' title='bbox 868 1946 1100 1990; x_wconf 78' lang='lat' dir='ltr'>conspicitur,</span> <span class='ocrx_word' id='word_1_207' title='bbox 1125 1957 1144 1978; x_wconf 85' lang='lat' dir='ltr'>a</span> <span class='ocrx_word' id='word_1_208' title='bbox 1162 1944 1357 1979; x_wconf 82' lang='lat' dir='ltr'>Theodora</span> <span class='ocrx_word' id='word_1_209' title='bbox 1381 1948 1576 1982; x_wconf 83' lang='lat' dir='ltr'>Iustiniani</span> 
     </span>
     <span class='ocr_line' id='line_1_26' title="bbox 111 1992 1574 2039; baseline 0.001 -13"><span class='ocrx_word' id='word_1_210' title='bbox 111 1995 274 2038; x_wconf 76' lang='lat' dir='ltr'>coniuge.</span> <span class='ocrx_word' id='word_1_211' title='bbox 296 2005 395 2028; x_wconf 76' lang='lat' dir='ltr'>sacra</span> <span class='ocrx_word' id='word_1_212' title='bbox 419 1999 543 2027; x_wconf 86' lang='lat' dir='ltr'>tamen</span> <span class='ocrx_word' id='word_1_213' title='bbox 569 2005 630 2026; x_wconf 85' lang='lat' dir='ltr'>ara</span> <span class='ocrx_word' id='word_1_214' title='bbox 654 2000 847 2039; x_wconf 86' lang='lat' dir='ltr'>propterea</span> <span class='ocrx_word' id='word_1_215' title='bbox 872 1993 999 2026; x_wconf 79' lang='lat' dir='ltr'>relicta</span> <span class='ocrx_word' id='word_1_216' title='bbox 1025 1993 1108 2033; x_wconf 86' lang='lat' dir='ltr'>fuit,</span> <span class='ocrx_word' id='word_1_217' title='bbox 1133 1992 1232 2038; x_wconf 87' lang='lat' dir='ltr'>quod</span> <span class='ocrx_word' id='word_1_218' title='bbox 1256 1994 1337 2028; x_wconf 85' lang='lat' dir='ltr'>istic</span> <span class='ocrx_word' id='word_1_219' title='bbox 1349 1996 1574 2030; x_wconf 77' lang='lat' dir='ltr'>venerabiies</span> 
     </span>
     <span class='ocr_line' id='line_1_27' title="bbox 112 2040 1245 2087; baseline -0.001 -13"><span class='ocrx_word' id='word_1_220' title='bbox 112 2041 392 2086; x_wconf 82' lang='lat' dir='ltr'>patriarcharum</span> <span class='ocrx_word' id='word_1_221' title='bbox 418 2048 456 2075; x_wconf 85' lang='lat' dir='ltr'>et</span> <span class='ocrx_word' id='word_1_222' title='bbox 482 2042 729 2087; x_wconf 82' lang='lat' dir='ltr'>apostolorum</span> <span class='ocrx_word' id='word_1_223' title='bbox 755 2041 932 2086; x_wconf 78' lang='lat' dir='ltr'>reliquiae</span> <span class='ocrx_word' id='word_1_224' title='bbox 968 2041 1041 2073; x_wconf 73' lang='lat' dir='ltr'>nint</span> <span class='ocrx_word' id='word_1_225' title='bbox 1065 2040 1245 2078; x_wconf 84' lang='lat' dir='ltr'>conditae.</span> 
     </span>
    </p>

    <p class='ocr_par' dir='ltr' id='par_1_12' title="bbox 108 2087 1572 2420">
     <span class='ocr_line' id='line_1_28' title="bbox 206 2087 1572 2134; baseline 0.001 -12"><span class='ocrx_word' id='word_1_226' title='bbox 206 2089 304 2123; x_wconf 90' lang='lat' dir='ltr'>Scito</span> <span class='ocrx_word' id='word_1_227' title='bbox 341 2090 468 2129; x_wconf 84' lang='lat' dir='ltr'>etiam,</span> <span class='ocrx_word' id='word_1_228' title='bbox 503 2089 636 2122; x_wconf 88' lang='lat' dir='ltr'>dilecte</span> <span class='ocrx_word' id='word_1_229' title='bbox 675 2089 747 2130; x_wconf 87' lang='lat' dir='ltr'>fili,</span> <span class='ocrx_word' id='word_1_230' title='bbox 786 2089 918 2122; x_wconf 83' lang='lat' dir='ltr'>festum</span> <span class='ocrx_word' id='word_1_231' title='bbox 959 2087 1057 2134; x_wconf 90' lang='lat' dir='ltr'>quod</span> <span class='ocrx_word' id='word_1_232' title='bbox 1092 2088 1307 2132; x_wconf 75' lang='lat' dir='ltr'>llypapanta</span> <span class='ocrx_word' id='word_1_233' title='bbox 1342 2090 1474 2123; x_wconf 85' lang='lat' dir='ltr'>dicitur</span> <span class='ocrx_word' id='word_1_234' title='bbox 1498 2091 1572 2124; x_wconf 74' lang='lat' dir='ltr'>illis</span> 
     </span>
     <span class='ocr_line' id='line_1_29' title="bbox 111 2134 1572 2182; baseline 0.002 -14"><span class='ocrx_word' id='word_1_235' title='bbox 111 2137 266 2180; x_wconf 81' lang='lat' dir='ltr'>primum</span> <span class='ocrx_word' id='word_1_236' title='bbox 298 2136 522 2182; x_wconf 79' lang='lat' dir='ltr'><strong>temporibus</strong></span> <span class='ocrx_word' id='word_1_237' title='bbox 562 2137 768 2169; x_wconf 77' lang='lat' dir='ltr'>institutum</span> <span class='ocrx_word' id='word_1_238' title='bbox 807 2136 943 2176; x_wconf 86' lang='lat' dir='ltr'>fuisse,</span> <span class='ocrx_word' id='word_1_239' title='bbox 979 2134 1076 2180; x_wconf 84' lang='lat' dir='ltr'>quod</span> <span class='ocrx_word' id='word_1_240' title='bbox 1108 2137 1293 2181; x_wconf 83' lang='lat' dir='ltr'><strong>ceteroqui</strong></span> <span class='ocrx_word' id='word_1_241' title='bbox 1327 2137 1373 2170; x_wconf 83' lang='lat' dir='ltr'>de</span> <span class='ocrx_word' id='word_1_242' title='bbox 1399 2134 1572 2171; x_wconf 75' lang='lat' dir='ltr'>Iohannis</span> 
     </span>
     <span class='ocr_line' id='line_1_30' title="bbox 110 2182 1570 2230; baseline 0.001 -14"><span class='ocrx_word' id='word_1_243' title='bbox 110 2183 356 2227; x_wconf 76' lang='lat' dir='ltr'>chrysostomi</span> <span class='ocrx_word' id='word_1_244' title='bbox 381 2184 562 2217; x_wconf 83' lang='lat' dir='ltr'>sententia</span> <span class='ocrx_word' id='word_1_245' title='bbox 590 2184 686 2216; x_wconf 87' lang='lat' dir='ltr'>inter</span> <span class='ocrx_word' id='word_1_246' title='bbox 710 2183 802 2216; x_wconf 86' lang='lat' dir='ltr'>festa</span> <span class='ocrx_word' id='word_1_247' title='bbox 826 2182 963 2216; x_wconf 88' lang='lat' dir='ltr'>domini</span> <span class='ocrx_word' id='word_1_248' title='bbox 990 2193 1066 2215; x_wconf 87' lang='lat' dir='ltr'>non</span> <span class='ocrx_word' id='word_1_249' title='bbox 1094 2189 1308 2217; x_wconf 77' lang='lat' dir='ltr'>recensetur.</span> <span class='ocrx_word' id='word_1_250' title='bbox 1335 2185 1570 2230; x_wconf 83' lang='lat' dir='ltr'>quemadmo-</span> 
     </span>
     <span class='ocr_line' id='line_1_31' title="bbox 110 2229 1570 2277; baseline 0.001 -14"><span class='ocrx_word' id='word_1_251' title='bbox 110 2230 194 2264; x_wconf 86' lang='lat' dir='ltr'>dum</span> <span class='ocrx_word' id='word_1_252' title='bbox 220 2233 316 2264; x_wconf 88' lang='lat' dir='ltr'>enim</span> <span class='ocrx_word' id='word_1_253' title='bbox 342 2243 403 2264; x_wconf 83' lang='lat' dir='ltr'>sex</span> <span class='ocrx_word' id='word_1_254' title='bbox 427 2231 556 2265; x_wconf 89' lang='lat' dir='ltr'>diebus</span> <span class='ocrx_word' id='word_1_255' title='bbox 576 2231 695 2263; x_wconf 86' lang='lat' dir='ltr'>omnia</span> <span class='ocrx_word' id='word_1_256' title='bbox 714 2229 895 2272; x_wconf 80' lang='lat' dir='ltr'>condidit,</span> <span class='ocrx_word' id='word_1_257' title='bbox 923 2231 972 2262; x_wconf 86' lang='lat' dir='ltr'>sic</span> <span class='ocrx_word' id='word_1_258' title='bbox 996 2230 1104 2262; x_wconf 79' lang='lat' dir='ltr'>etiam</span> <span class='ocrx_word' id='word_1_259' title='bbox 1131 2241 1204 2263; x_wconf 74' lang='lat' dir='ltr'>sex·</span> <span class='ocrx_word' id='word_1_260' title='bbox 1218 2231 1318 2264; x_wconf 70' lang='lat' dir='ltr'>testis</span> <span class='ocrx_word' id='word_1_261' title='bbox 1343 2244 1385 2265; x_wconf 82' lang='lat' dir='ltr'>ea</span> <span class='ocrx_word' id='word_1_262' title='bbox 1410 2234 1570 2277; x_wconf 83' lang='lat' dir='ltr'>compie-</span> 
     </span>
     <span class='ocr_line' id='line_1_32' title="bbox 109 2277 1570 2324; baseline 0.002 -14"><span class='ocrx_word' id='word_1_263' title='bbox 109 2278 158 2311; x_wconf 81' lang='lat' dir='ltr'>cti</span> <span class='ocrx_word' id='word_1_264' title='bbox 184 2277 271 2312; x_wconf 78' lang='lat' dir='ltr'>deus</span> <span class='ocrx_word' id='word_1_265' title='bbox 305 2279 444 2320; x_wconf 87' lang='lat' dir='ltr'>voluit,</span> <span class='ocrx_word' id='word_1_266' title='bbox 491 2289 584 2324; x_wconf 84' lang='lat' dir='ltr'>quae</span> <span class='ocrx_word' id='word_1_267' title='bbox 610 2277 770 2311; x_wconf 83' lang='lat' dir='ltr'>Christus</span> <span class='ocrx_word' id='word_1_268' title='bbox 810 2288 876 2323; x_wconf 88' lang='lat' dir='ltr'>per</span> <span class='ocrx_word' id='word_1_269' title='bbox 910 2277 1258 2311; x_wconf 81' lang='lat' dir='ltr'>administrationem</span> <span class='ocrx_word' id='word_1_270' title='bbox 1298 2280 1336 2312; x_wconf 89' lang='lat' dir='ltr'>in</span> <span class='ocrx_word' id='word_1_271' title='bbox 1372 2292 1477 2313; x_wconf 83' lang='lat' dir='ltr'>carne</span> <span class='ocrx_word' id='word_1_272' title='bbox 1505 2292 1570 2313; x_wconf 82' lang='lat' dir='ltr'>sua</span> 
     </span>
     <span class='ocr_line' id='line_1_33' title="bbox 109 2324 1569 2370; baseline 0.001 -12"><span class='ocrx_word' id='word_1_273' title='bbox 109 2326 238 2359; x_wconf 79' lang='lat' dir='ltr'>effecit.</span> <span class='ocrx_word' id='word_1_274' title='bbox 265 2337 305 2358; x_wconf 85' lang='lat' dir='ltr'>ea</span> <span class='ocrx_word' id='word_1_275' title='bbox 330 2337 415 2359; x_wconf 87' lang='lat' dir='ltr'>vero</span> <span class='ocrx_word' id='word_1_276' title='bbox 440 2332 525 2359; x_wconf 89' lang='lat' dir='ltr'>sunt</span> <span class='ocrx_word' id='word_1_277' title='bbox 548 2325 727 2366; x_wconf 76' lang='lat' dir='ltr'>nativitas,</span> <span class='ocrx_word' id='word_1_278' title='bbox 756 2324 974 2370; x_wconf 83' lang='lat' dir='ltr'>baptismus,</span> <span class='ocrx_word' id='word_1_279' title='bbox 1009 2336 1112 2366; x_wconf 82' lang='lat' dir='ltr'>crux,</span> <span class='ocrx_word' id='word_1_280' title='bbox 1148 2327 1381 2368; x_wconf 86' lang='lat' dir='ltr'>resurrectio,</span> <span class='ocrx_word' id='word_1_281' title='bbox 1423 2327 1569 2360; x_wconf 78' lang='lat' dir='ltr'>adsum-</span> 
     </span>
     <span class='ocr_line' id='line_1_34' title="bbox 108 2372 1568 2420; baseline 0.001 -14"><span class='ocrx_word' id='word_1_282' title='bbox 108 2374 160 2406; x_wconf 87' lang='lat' dir='ltr'>tio</span> <span class='ocrx_word' id='word_1_283' title='bbox 186 2379 223 2407; x_wconf 88' lang='lat' dir='ltr'>et</span> <span class='ocrx_word' id='word_1_284' title='bbox 248 2373 559 2419; x_wconf 80' lang='lat' dir='ltr'>quinquagesima,</span> <span class='ocrx_word' id='word_1_285' title='bbox 596 2378 706 2406; x_wconf 80' lang='lat' dir='ltr'>restat</span> <span class='ocrx_word' id='word_1_286' title='bbox 730 2372 860 2406; x_wconf 85' lang='lat' dir='ltr'>festum</span> <span class='ocrx_word' id='word_1_287' title='bbox 884 2372 1097 2417; x_wconf 82' lang='lat' dir='ltr'>septimum,</span> <span class='ocrx_word' id='word_1_288' title='bbox 1134 2373 1232 2418; x_wconf 89' lang='lat' dir='ltr'>quod</span> <span class='ocrx_word' id='word_1_289' title='bbox 1255 2384 1399 2407; x_wconf 85' lang='lat' dir='ltr'>omnem</span> <span class='ocrx_word' id='word_1_290' title='bbox 1425 2376 1568 2420; x_wconf 86' lang='lat' dir='ltr'>requie-</span> 
     </span>
    </p>
   </div>
   <div class='ocr_carea' id='block_1_4' title="bbox 108 2419 1566 2511">
    <p class='ocr_par' dir='ltr' id='par_1_13' title="bbox 108 2419 1566 2511">
     <span class='ocr_line' id='line_1_35' title="bbox 108 2419 366 2455; baseline 0 -1"><span class='ocrx_word' id='word_1_291' title='bbox 108 2426 180 2454; x_wconf 82' lang='lat' dir='ltr'>tem</span> <span class='ocrx_word' id='word_1_292' title='bbox 202 2419 366 2455; x_wconf 83' lang='lat' dir='ltr'>habebit.</span> 
     </span>
     <span class='ocr_line' id='line_1_36' title="bbox 201 2465 1566 2511; baseline -0.003 -10"><span class='ocrx_word' id='word_1_293' title='bbox 201 2467 265 2501; x_wconf 81' lang='lat' dir='ltr'>llis</span> <span class='ocrx_word' id='word_1_294' title='bbox 289 2468 391 2501; x_wconf 85' lang='lat' dir='ltr'>annis</span> <span class='ocrx_word' id='word_1_295' title='bbox 419 2468 527 2501; x_wconf 80' lang='lat' dir='ltr'>etiam</span> <span class='ocrx_word' id='word_1_296' title='bbox 552 2478 648 2500; x_wconf 84' lang='lat' dir='ltr'>mare</span> <span class='ocrx_word' id='word_1_297' title='bbox 673 2478 755 2500; x_wconf 79' lang='lat' dir='ltr'>suos</span> <span class='ocrx_word' id='word_1_298' title='bbox 781 2477 959 2511; x_wconf 84' lang='lat' dir='ltr'>egressum</span> <span class='ocrx_word' id='word_1_299' title='bbox 983 2465 1115 2504; x_wconf 77' lang='lat' dir='ltr'>limites</span> <span class='ocrx_word' id='word_1_300' title='bbox 1139 2466 1186 2500; x_wconf 86' lang='lat' dir='ltr'>ad</span> <span class='ocrx_word' id='word_1_301' title='bbox 1213 2468 1280 2501; x_wconf 85' lang='lat' dir='ltr'>tria</span> <span class='ocrx_word' id='word_1_302' title='bbox 1306 2468 1459 2500; x_wconf 79' lang='lat' dir='ltr'>miliaria</span> <span class='ocrx_word' id='word_1_303' title='bbox 1483 2479 1566 2501; x_wconf 83' lang='lat' dir='ltr'>ver-</span> 
     </span>
    </p>
   </div>
   <div class='ocr_carea' id='block_1_5' title="bbox 107 2513 1565 2844">
    <p class='ocr_par' dir='ltr' id='par_1_14' title="bbox 107 2513 1565 2844">
     <span class='ocr_line' id='line_1_37' title="bbox 109 2513 1565 2559; baseline 0.001 -12"><span class='ocrx_word' id='word_1_304' title='bbox 109 2527 167 2548; x_wconf 80' lang='lat' dir='ltr'>sus</span> <span class='ocrx_word' id='word_1_305' title='bbox 196 2514 405 2556; x_wconf 80' lang='lat' dir='ltr'>Thraciam,</span> <span class='ocrx_word' id='word_1_306' title='bbox 429 2516 519 2559; x_wconf 82' lang='lat' dir='ltr'>agris</span> <span class='ocrx_word' id='word_1_307' title='bbox 546 2520 583 2547; x_wconf 92' lang='lat' dir='ltr'>et</span> <span class='ocrx_word' id='word_1_308' title='bbox 614 2514 820 2548; x_wconf 86' lang='lat' dir='ltr'>hominibus</span> <span class='ocrx_word' id='word_1_309' title='bbox 856 2513 980 2546; x_wconf 81' lang='lat' dir='ltr'>multis</span> <span class='ocrx_word' id='word_1_310' title='bbox 1006 2515 1206 2559; x_wconf 81' lang='lat' dir='ltr'>oppressis,</span> <span class='ocrx_word' id='word_1_311' title='bbox 1232 2515 1278 2548; x_wconf 80' lang='lat' dir='ltr'>ad</span> <span class='ocrx_word' id='word_1_312' title='bbox 1308 2516 1386 2547; x_wconf 80' lang='lat' dir='ltr'>loca</span> <span class='ocrx_word' id='word_1_313' title='bbox 1413 2516 1565 2559; x_wconf 84' lang='lat' dir='ltr'>pristina</span> 
     </span>
     <span class='ocr_line' id='line_1_38' title="bbox 109 2560 1565 2607; baseline 0.001 -13"><span class='ocrx_word' id='word_1_314' title='bbox 109 2562 228 2595; x_wconf 85' lang='lat' dir='ltr'>rediit.</span> <span class='ocrx_word' id='word_1_315' title='bbox 259 2570 379 2596; x_wconf 84' lang='lat' dir='ltr'>secuta</span> <span class='ocrx_word' id='word_1_316' title='bbox 414 2568 469 2595; x_wconf 86' lang='lat' dir='ltr'>est</span> <span class='ocrx_word' id='word_1_317' title='bbox 500 2562 603 2607; x_wconf 84' lang='lat' dir='ltr'>Cpoli</span> <span class='ocrx_word' id='word_1_318' title='bbox 629 2567 729 2594; x_wconf 83' lang='lat' dir='ltr'>tanta</span> <span class='ocrx_word' id='word_1_319' title='bbox 769 2567 912 2605; x_wconf 84' lang='lat' dir='ltr'>tamque</span> <span class='ocrx_word' id='word_1_320' title='bbox 939 2560 1015 2593; x_wconf 81' lang='lat' dir='ltr'>dira</span> <span class='ocrx_word' id='word_1_321' title='bbox 1041 2562 1151 2606; x_wconf 78' lang='lat' dir='ltr'>pestis</span> <span class='ocrx_word' id='word_1_322' title='bbox 1186 2568 1224 2595; x_wconf 89' lang='lat' dir='ltr'>ut</span> <span class='ocrx_word' id='word_1_323' title='bbox 1245 2564 1378 2595; x_wconf 87' lang='lat' dir='ltr'>mortui</span> <span class='ocrx_word' id='word_1_324' title='bbox 1402 2563 1565 2597; x_wconf 75' lang='lat' dir='ltr'>triduum</span> 
     </span>
     <span class='ocr_line' id='line_1_39' title="bbox 108 2609 1564 2654; baseline 0.001 -12"><span class='ocrx_word' id='word_1_325' title='bbox 108 2609 281 2654; x_wconf 85' lang='lat' dir='ltr'>insepulti</span> <span class='ocrx_word' id='word_1_326' title='bbox 308 2615 513 2643; x_wconf 77' lang='lat' dir='ltr'>manerentz</span> <span class='ocrx_word' id='word_1_327' title='bbox 541 2621 607 2642; x_wconf 85' lang='lat' dir='ltr'>nec</span> <span class='ocrx_word' id='word_1_328' title='bbox 634 2610 729 2641; x_wconf 86' lang='lat' dir='ltr'>enim</span> <span class='ocrx_word' id='word_1_329' title='bbox 754 2609 827 2640; x_wconf 71' lang='lat' dir='ltr'>ulla</span> <span class='ocrx_word' id='word_1_330' title='bbox 855 2619 891 2640; x_wconf 82' lang='lat' dir='ltr'>se</span> <span class='ocrx_word' id='word_1_331' title='bbox 921 2609 976 2640; x_wconf 85' lang='lat' dir='ltr'>via</span> <span class='ocrx_word' id='word_1_332' title='bbox 1003 2609 1136 2641; x_wconf 83' lang='lat' dir='ltr'>ratiove</span> <span class='ocrx_word' id='word_1_333' title='bbox 1161 2609 1363 2654; x_wconf 75' lang='lat' dir='ltr'>sepeliendi</span> <span class='ocrx_word' id='word_1_334' title='bbox 1388 2621 1449 2642; x_wconf 91' lang='lat' dir='ltr'>eos</span> <span class='ocrx_word' id='word_1_335' title='bbox 1474 2612 1564 2643; x_wconf 83' lang='lat' dir='ltr'>offe-</span> 
     </span>
     <span class='ocr_line' id='line_1_40' title="bbox 107 2655 1564 2698; baseline 0.002 -9"><span class='ocrx_word' id='word_1_336' title='bbox 107 2657 210 2690; x_wconf 83' lang='lat' dir='ltr'>rebat</span> <span class='ocrx_word' id='word_1_337' title='bbox 246 2656 292 2689; x_wconf 89' lang='lat' dir='ltr'>ob</span> <span class='ocrx_word' id='word_1_338' title='bbox 317 2658 548 2690; x_wconf 81' lang='lat' dir='ltr'>morientium</span> <span class='ocrx_word' id='word_1_339' title='bbox 583 2655 865 2689; x_wconf 86' lang='lat' dir='ltr'>multitudinem.</span> <span class='ocrx_word' id='word_1_340' title='bbox 909 2660 1064 2698; x_wconf 80' lang='lat' dir='ltr'>grassata</span> <span class='ocrx_word' id='word_1_341' title='bbox 1099 2662 1154 2689; x_wconf 85' lang='lat' dir='ltr'>est</span> <span class='ocrx_word' id='word_1_342' title='bbox 1191 2658 1370 2689; x_wconf 84' lang='lat' dir='ltr'>continuis</span> <span class='ocrx_word' id='word_1_343' title='bbox 1408 2657 1500 2690; x_wconf 79' lang='lat' dir='ltr'>Iulio</span> <span class='ocrx_word' id='word_1_344' title='bbox 1526 2664 1564 2692; x_wconf 81' lang='lat' dir='ltr'>et</span> 
     </span>
     <span class='ocr_line' id='line_1_41' title="bbox 108 2703 1563 2749; baseline 0.001 -13"><span class='ocrx_word' id='word_1_345' title='bbox 108 2707 269 2749; x_wconf 80' lang='lat' dir='ltr'>Augusto</span> <span class='ocrx_word' id='word_1_346' title='bbox 293 2704 490 2737; x_wconf 86' lang='lat' dir='ltr'>mensibus.</span> <span class='ocrx_word' id='word_1_347' title='bbox 516 2704 601 2737; x_wconf 83' lang='lat' dir='ltr'>hinc</span> <span class='ocrx_word' id='word_1_348' title='bbox 628 2703 759 2736; x_wconf 85' lang='lat' dir='ltr'>factum</span> <span class='ocrx_word' id='word_1_349' title='bbox 785 2708 826 2735; x_wconf 90' lang='lat' dir='ltr'>ut</span> <span class='ocrx_word' id='word_1_350' title='bbox 849 2709 996 2747; x_wconf 81' lang='lat' dir='ltr'>propter</span> <span class='ocrx_word' id='word_1_351' title='bbox 1013 2705 1185 2736; x_wconf 77' lang='lat' dir='ltr'>cadavera</span> <span class='ocrx_word' id='word_1_352' title='bbox 1213 2710 1287 2736; x_wconf 84' lang='lat' dir='ltr'>tota</span> <span class='ocrx_word' id='word_1_353' title='bbox 1317 2703 1414 2748; x_wconf 84' lang='lat' dir='ltr'>regio</span> <span class='ocrx_word' id='word_1_354' title='bbox 1445 2704 1563 2738; x_wconf 84' lang='lat' dir='ltr'>foete-</span> 
     </span>
     <span class='ocr_line' id='line_1_42' title="bbox 108 2750 1563 2796; baseline 0.001 -12"><span class='ocrx_word' id='word_1_355' title='bbox 108 2757 173 2784; x_wconf 65' lang='lat' dir='ltr'>rot.</span> <span class='ocrx_word' id='word_1_356' title='bbox 199 2756 271 2784; x_wconf 82' lang='lat' dir='ltr'>tam</span> <span class='ocrx_word' id='word_1_357' title='bbox 307 2752 451 2795; x_wconf 80' lang='lat' dir='ltr'>copiose</span> <span class='ocrx_word' id='word_1_358' title='bbox 475 2757 595 2784; x_wconf 82' lang='lat' dir='ltr'>autem</span> <span class='ocrx_word' id='word_1_359' title='bbox 621 2750 785 2784; x_wconf 80' lang='lat' dir='ltr'>homiues</span> <span class='ocrx_word' id='word_1_360' title='bbox 810 2750 941 2794; x_wconf 81' lang='lat' dir='ltr'>passim</span> <span class='ocrx_word' id='word_1_361' title='bbox 966 2751 1284 2794; x_wconf 79' lang='lat' dir='ltr'>extinguebantur,</span> <span class='ocrx_word' id='word_1_362' title='bbox 1310 2756 1349 2784; x_wconf 88' lang='lat' dir='ltr'>ut</span> <span class='ocrx_word' id='word_1_363' title='bbox 1370 2752 1563 2796; x_wconf 75' lang='lat' dir='ltr'>imperator</span> 
     </span>
     <span class='ocr_line' id='line_1_43' title="bbox 108 2797 1563 2844; baseline 0.001 -12"><span class='ocrx_word' id='word_1_364' title='bbox 108 2799 207 2832; x_wconf 76' lang='lat' dir='ltr'>mille</span> <span class='ocrx_word' id='word_1_365' title='bbox 237 2798 400 2842; x_wconf 74' lang='lat' dir='ltr'>grabatos</span> <span class='ocrx_word' id='word_1_366' title='bbox 434 2811 474 2833; x_wconf 82' lang='lat' dir='ltr'>ac</span> <span class='ocrx_word' id='word_1_367' title='bbox 503 2799 634 2834; x_wconf 73' lang='lat' dir='ltr'>feretra</span> <span class='ocrx_word' id='word_1_368' title='bbox 670 2798 746 2832; x_wconf 85' lang='lat' dir='ltr'>fieri</span> <span class='ocrx_word' id='word_1_369' title='bbox 773 2802 935 2839; x_wconf 71' lang='lat' dir='ltr'>curaret,</span> <span class='ocrx_word' id='word_1_370' title='bbox 972 2797 1102 2844; x_wconf 84' lang='lat' dir='ltr'>quibus</span> <span class='ocrx_word' id='word_1_371' title='bbox 1128 2797 1300 2833; x_wconf 80' lang='lat' dir='ltr'>cadavera</span> <span class='ocrx_word' id='word_1_372' title='bbox 1331 2805 1563 2844; x_wconf 72' lang='lat' dir='ltr'>exportaren-</span> 
     </span>
    </p>
   </div>
  </div>
 </body>
</html>
