1826 3120
573 130 855 171 ANNAMUM
896 127 1031 168 PARS
1064 127 1098 166 1.
1483 107 1552 182 75

117 234 177 280 ὅτι
205 237 322 291 ἓρπει
351 235 407 292 τῷ
435 229 557 274 ὕδατι
590 233 664 274 καί
689 230 798 274 οὕτω
826 229 900 285 την
927 227 1291 283 ἑαυτῶν-πορείαν
1319 229 1554 280 ποιοῦνται,

118 302 288 358 ἀριθμῷ
314 301 360 341 δὲ
388 299 468 353 οὐχ
498 298 804 340 ὑποπίπτουσιν
832 293 939 338 ὥστε
966 294 1025 350 μή
1055 296 1245 348 ε’κλεΐψαι
1273 292 1378 335 κατὰ
1406 293 1557 348 μικρὸν

117 365 409 420 δαπανώμενα.
475 363 696 418 βόσκονται
724 363 803 419 γάρ
846 360 886 403 οἱ
924 359 1201 416 δυνατώτεροι
1229 358 1327 410 τούς
1354 361 1556 401 καταδεε-

117 435 312 489 στέρους,
341 433 415 474 καί
441 430 516 473 ov'x
538 429 777 486 η’νάλωσαν·
836 428 931 485 νικᾷ
956 426 1038 484 γὰρ
1067 426 1140 483 τῆν
1171 423 1355 482 δαπάνην
1377 426 1402 483 ἡ
1426 424 1557 482 πρόσ-

81 499 227 550 ὄσδος.

225 565 340 609 Ἀλλ’
376 559 456 619 ὅρα
501 561 648 619 φωνην
688 563 813 614 θεοῦ,
855 562 1014 615 μᾶλλον
1056 560 1102 602 δὲ
1146 558 1246 601 οὐδὲ
1283 557 1428 615 φωνην
1453 559 1559 601 θεοῦ

119 632 225 675 ἀλλὰ
253 632 427 686 θέλησιν
465 627 622 683 μόνον,
665 626 759 682 ἥτις
794 625 846 669 τοὶ
887 623 1132 669 παντοδαπὰ
1163 626 1259 680 γένη
1286 627 1369 667 τῶν
1396 625 1562 679 ἰχθύων

118 701 164 740 ἐκ
190 699 273 740 τῶν
298 694 466 739 ὑδάτων
498 693 750 750 παρήγαγεν.
822 694 847 750 ἦ
873 692 951 749 γὰρ
979 695 1151 748 θέλησις
1180 689 1287 746 αὕτη
1317 690 1445 748 φύσις
1473 693 1563 746 ἐγε-

117 763 230 819 γόνει
266 769 352 813 τοῖς
380 759 523 804 ὕδασι.
579 764 712 803 ταῦτα
739 762 818 815 μὲν
855 759 908 803 τὰ
937 757 1074 802 ὕδατα
1099 756 1173 800 καί
1197 761 1239 808 ἐξ
1270 758 1405 818 ἀρχῆς
1434 758 1563 813 αὐτῆς

60 829 297 886 ιοζωτικὴν
336 830 529 883 ἐδέχοντο
560 828 753 881 δύναμιν.
827 828 867 868 εἰ
900 824 959 881 μή
995 825 1077 880 γάρ
1123 826 1248 866 τοῦτο
1284 819 1359 878 ἦν,
1407 824 1481 864 οὐκ
1509 821 1599 866 ἄνα

120 895 262 947 αὖτοΐς
301 896 467 949 πνεῦμα
494 896 599 937 θεοῦ
626 895 865 950 ἐπεφέρετο,
933 890 1164 949 φερόμενον
1192 892 1238 932 δὲ
1269 888 1445 944 ζωτικὴν
1473 891 1560 931 ἐδί-

120 966 195 1006 δου
221 968 306 1012 τοῖς
336 957 467 1004 ὕδασι
497 959 572 1016 τὴν
592 959 783 1014 δύναμιν,
812 957 869 1009 ὥς
897 956 919 1000 ὅ
947 958 1234 1014 χρυσόστομος
1258 954 1447 1010 Ἰωάννης
1480 972 1562 1012 φη-

118 1032 183 1083 σί,
212 1027 284 1071 καί
309 1024 376 1070 ὅτι
400 1027 508 1082 μετὰ
540 1025 691 1083 μικρὸν
720 1028 806 1079 ζῶα
835 1027 881 1077 ἐξ
908 1026 1047 1067 αυ’τῶν
1074 1020 1436 1078 παραχθησονται.
1491 1023 1565 1063 καί

119 1095 142 1137 ὅ
179 1098 257 1149 μὲν
292 1091 627 1150 χρυσορρήμων,
674 1091 865 1147 καθάπερ
914 1090 1095 1147 εἴρηται,
1148 1088 1322 1144 ζωτικὴν
1370 1089 1564 1131 ἐντεῦθεν

61 1163 332 1217 ιόἑνέργειαν
358 1161 747 1216 κατασημαίνεσθαι
780 1161 911 1214 λέγει·
967 1156 988 1200 ὅ
1015 1159 1061 1200 δὲ
1088 1158 1218 1211 μέγας
1242 1156 1466 1203 Βασίλειος
1491 1153 1566 1196 καὶ

120 1227 377 1283 πλατύτερον
406 1226 458 1269 τὰ
486 1228 583 1283 περί
607 1226 764 1269 τούτων
793 1228 986 1278 διέξεισι,
1014 1223 1088 1266 καί
1115 1220 1224 1265 οὕτω
1253 1223 1394 1279 φησίν.
1448 1218 1562 1274 ,,εἴτε

119 1295 243 1336 τοῦτο
273 1294 381 1348 λέγει
409 1291 454 1335 τὸ
484 1295 648 1346 πνεῦμα
678 1290 753 1346 τήν
787 1293 862 1334 τοῦ
891 1291 1013 1346 ἀέρος
1040 1288 1188 1343 χύσιν,
1219 1290 1333 1339 δέξαι
1361 1285 1433 1329 τὸν
1460 1303 1562 1342 συγ-

119 1362 285 1417 γραφέα
312 1358 366 1401 vd
394 1361 502 1414 μέρη
530 1361 603 1401 τοῦ
628 1360 785 1412 κοσμοῦ
813 1353 1152 1412 καταριθμοῦντά
1181 1370 1272 1406 σοι,
1324 1350 1389 1397 ὅτι
1417 1355 1560 1408 ἐποιή..

120 1443 192 1469 σεν
232 1425 253 1468 ὅ
291 1423 393 1475 θεὸς
435 1423 614 1481 ου’ρανὸν
655 1427 732 1479 γῆν
763 1421 880 1480 ὕδωρ
927 1424 1055 1478 α’έρα,
1088 1423 1161 1463 καί
1189 1422 1335 1463 τοῦτον
1357 1419 1563 1475 χεόμενον

57 1510 109 1536 20
123 1489 200 1549 ἤδη
239 1492 312 1535 καί
357 1492 520 1548 ῥέοντα.
596 1490 697 1542 εἴτε,
729 1489 753 1532 ὃ
780 1492 853 1532 καί
878 1492 1038 1544 μᾶλλον
1066 1486 1347 1543 ἀληθέστερόν
1375 1487 1464 1529 ἐστι
1491 1487 1565 1528 καί

119 1566 205 1609 τοῖς
219 1557 300 1614 πρὸ
320 1559 440 1614 ἡμῶν
470 1560 678 1614 ἐκκριθέν,
708 1559 873 1611 πνεῦμα
901 1558 1009 1598 θεοῦ
1034 1554 1078 1600 τὸ
1105 1549 1220 1610 ἅγιον
1247 1552 1408 1610 εἴρηται
1443 1549 1606 1609 (mid-*SD

120 1624 200 1683 γὰρ
240 1621 340 1668 ἄλλο
381 1623 498 1680 παρὰ
543 1627 597 1682 τῇ
639 1627 785 1682 γραφῇ
823 1625 988 1678 πνεῦμα
1034 1624 1139 1665 θεοῦ
1183 1620 1435 1676 ὀνομάζεται
1461 1616 1557 1676 ἢτὸ

221 1748 271 1771 ιο.
296 1735 344 1773 ἂν
370 1741 455 1783 post
479 1731 553 1783 γὰρ
580 1736 616 1769 Ρ.

120 1831 236 1876 pisces
260 1828 394 1863 infiniti
420 1833 551 1870 essent,
574 1840 646 1862 uon
670 1833 818 1874 possent
841 1828 885 1861 ad
910 1840 1011 1862 usum
1035 1827 1112 1860 ullo
1135 1827 1243 1860 modo
1268 1827 1454 1869 sufficere,
1482 1839 1563 1862 cum

121 1877 256 1923 pariter
285 1882 321 1909 et
344 1888 363 1909 a
386 1887 422 1909 se
444 1877 598 1910 invicem
627 1881 663 1909 et
689 1875 732 1907 ab
758 1875 965 1908 hominibus
993 1875 1236 1908 absumantur.
1259 1875 1394 1919 quippe
1419 1876 1565 1908 tametsi

121 1925 256 1958 viribus
281 1924 482 1969 superiores
509 1922 719 1959 devorandis
744 1922 1038 1956 imbecillioribus
1065 1932 1141 1954 sese
1163 1927 1321 1967 pascant,
1348 1932 1421 1955 non
1443 1927 1564 1955 tamen

123 1972 271 2005 omnino
302 1976 584 2013 consumuntur,
618 1969 760 2016 quando
797 1970 909 2003 maius
950 1980 1070 2003 eorum
1096 1974 1151 2003 est
1171 1969 1431 2002 incrementum
1457 1981 1564 2015 quam

123 2024 165 2053 ut
193 2018 333 2052 absumi
356 2019 507 2064 possint.

202 2062 260 2099 'Et
300 2065 486 2099 considera
519 2065 589 2099 hoc
626 2064 716 2098 mihi
753 2065 833 2098 loco
862 2062 920 2097 dei
949 2075 1096 2106 vocem,
1119 2063 1178 2098 vel
1199 2063 1321 2109 potius
1345 2074 1417 2096 non
1440 2074 1564 2097 vocem

125 2111 183 2145 dei
217 2112 282 2147 sed
315 2113 540 2147 voluntatem
577 2113 706 2153 solam,
742 2123 832 2157 quae
865 2111 978 2145 omnis
1015 2111 1154 2156 generis
1177 2111 1331 2156 piscium
1357 2111 1494 2156 species
1522 2123 1565 2144 ex

124 2160 227 2205 aquis
262 2160 442 2206 produxit.
477 2172 559 2194 nam
598 2160 667 2192 hoc
701 2160 816 2204 ipsum
852 2158 912 2192 dei
938 2158 1033 2192 velle
1060 2164 1224 2192 naturam
1249 2169 1346 2192 suam
1373 2158 1475 2203 aquis
1499 2159 1567 2191 tri-

122 2207 229 2248 buit,
265 2218 358 2253 quae
394 2208 471 2253 ipso
498 2220 518 2241 a
544 2207 721 2253 principio
758 2206 903 2240 vitalem
929 2206 1107 2251 quandam
1136 2207 1207 2239 vim
1231 2211 1316 2240 sunt
1339 2211 1566 2240 consecutae.

124 2253 260 2299 absque
293 2266 365 2300 quo
402 2255 496 2289 soret
512 2281 521 2296 ,
547 2266 620 2288 non
656 2255 693 2287 in
716 2255 768 2287 eis
792 2253 850 2287 dei
875 2254 1021 2298 spiritus
1047 2255 1141 2287 latus
1181 2253 1327 2293 suisset,
1356 2264 1428 2299 qua
1451 2259 1559 2286 mota-

123 2302 226 2335 tione
248 2302 321 2335 vim
346 2301 446 2335 illam
463 2303 609 2336 vitalem
637 2303 738 2347 aquis
764 2300 1056 2346 impertiebatur,
1086 2300 1387 2346 quemadmodum
1413 2299 1566 2344 Chryso-

124 2354 260 2382 stomus
285 2349 468 2395 loquitur,
492 2355 533 2383 ut
560 2361 633 2383 non
661 2350 772 2383 multo
796 2354 878 2394 post
892 2359 934 2382 ex
959 2348 1009 2381 eis
1033 2349 1200 2381 animalia
1223 2348 1467 2393 provenirent.
1492 2353 1566 2380 tra-

126 2395 181 2429 dit
207 2396 302 2429 enim
339 2396 611 2441 Chrysostomus
646 2397 745 2430 hisce
778 2396 896 2429 verbis
928 2395 1074 2429 vitalem
1111 2395 1291 2441 quandam
1318 2396 1565 2428 efficacitatem

125 2443 328 2488 significari.
376 2445 529 2477 Basilius
565 2450 684 2478 autem
713 2444 820 2477 latius
845 2443 890 2476 de
926 2443 976 2476 eis
1000 2443 1037 2476 in
1062 2443 1151 2476 haec
1175 2443 1283 2477 verba
1311 2443 1466 2476 disserit.
1491 2443 1564 2475 sive

129 2489 172 2523 de
197 2491 286 2525 aeris
313 2490 504 2525 diffusione
529 2492 648 2526 Moses
672 2492 854 2537 loquitur,
889 2490 1083 2536 intelligito
1106 2496 1267 2524 nostrum
1293 2491 1388 2523 hunc
1413 2490 1566 2535 scripto-

128 2547 203 2570 rem
233 2537 406 2571 historiae
454 2539 578 2572 mundi
620 2545 737 2584 partes
778 2548 1008 2579 enumerare,
1047 2537 1249 2572 condidisse
1288 2537 1459 2571 videlicet
1499 2535 1565 2570 de-

128 2595 188 2616 um
213 2585 352 2618 coelum
382 2591 512 2620 terram
551 2598 677 2631 aquam
715 2591 813 2626 aera,
841 2585 903 2630 qui
929 2584 1074 2630 quidem
1104 2586 1173 2619 iam
1197 2591 1273 2619 tum
1304 2583 1565 2617 diffunderetur

128 2636 238 2676 atque
271 2632 408 2666 flueret.
442 2634 516 2667 sive
554 2633 651 2678 quod
685 2634 804 2666 verius
840 2638 895 2665 est
920 2637 957 2665 et
982 2631 1025 2665 ab
1062 2633 1105 2666 iis
1145 2633 1208 2678 qui
1241 2637 1324 2665 ante
1357 2642 1422 2665 nos
1462 2631 1563 2664 fuere

129 2677 320 2720 traditum,
365 2679 409 2712 (le
450 2681 584 2726 Spiritu
629 2680 696 2713 Dei
738 2685 860 2713 sancto
903 2678 991 2712 haec
1036 2680 1107 2713 dici
1152 2685 1289 2725 putato.
1331 2690 1412 2711 nam
1456 2678 1561 2711 sacris

131 2725 169 2757 in
194 2725 322 2759 litteris
355 2728 474 2761 nullus
509 2727 599 2761 alius
641 2727 698 2761 dei
732 2728 876 2774 spiritus
910 2727 1109 2773 appellatur
1139 2733 1238 2761 extra
1266 2726 1429 2772 spiritum
1459 2725 1561 2758 illum
