1826 3120
253 142 269 175 1
287 142 314 175 2
689 135 976 178 MlCHAELls
1017 133 1234 175 GLYCAE

245 235 320 283 οὖν
348 241 566 295 στοιχείων
606 237 654 280 τὰ
695 238 899 290 κτίσματα
939 236 1227 289 συνέστησαν,
1266 238 1372 294 πλὴν
1410 234 1484 281 οὔκ
1527 238 1573 280 ἐκ
1612 239 1686 294 τῆς

245 305 470 360 ἀσωμάτου
514 302 617 361 ὕλης
654 302 707 345 τὰ
756 309 945 357 στοιχεῖα
985 300 1029 343 τὸ
1075 299 1184 343 εἶναι
1224 301 1422 360 εἰλήφασι
1451 303 1553 348 κατὰ
1588 302 1688 352 τούς

164 372 423 449 Ρ.6ἐ”ξω3·εν,
456 373 544 415 ἀλλ’
573 373 616 421 ἐξ
645 370 778 411 αὐτοῦ
806 372 883 411 τοῦ
910 369 1073 410 πάντων
1102 369 1362 448 δημιουργοῦ
1388 373 1462 413 καί
1487 371 1614 413 θεοῦ·
1644 371 1689 412 ἐν

154 448 197 482 V.
213 441 293 496 5τῇ
325 437 466 495 πρώτῃ
503 436 581 492 γὰρ
628 436 773 515 ἡμέρᾳζ
802 438 900 476 καθ’
937 433 988 490 ἢν
1014 435 1058 484 ἐξ
1092 435 1168 474 ov‘n
1213 428 1343 477 ὄντων
1373 437 1590 491 παρήγαγε
1615 435 1690 478 τὸν

245 502 421 565 ου’ρανόν
451 506 523 545 καί
544 502 619 557 τὴν
645 504 722 558 γῆν
750 519 770 543 ο
810 498 936 554 θεός,
976 502 1202 555 τηιικαῦτα
1231 517 1300 543 και
1330 501 1436 544 αυτοὶ
1466 502 1725 558 συμπαρὴ-5

243 587 344 625 γαγε
372 570 421 612 τά
450 574 667 623 στοιχεῖα,
697 585 754 618 ως
779 569 971 610 ἐντεῦθεν
1000 565 1133 609 πάντα
1162 565 1268 622 πρὸς
1294 566 1338 610 τὸ
1371 564 1480 610 εἶναι
1508 565 1690 623 παράγε·

245 641 363 680 σθωαι
419 652 487 677 και
510 636 609 691 περὶ
634 637 710 689 μὲν
739 637 816 677 τοῦ
849 635 1033 688 ου’ρανοῦ
1056 636 1247 676 τοιαῦτα.

354 703 472 757 Περὶ
504 703 550 744 δὲ
587 703 658 753 τῆς
683 703 759 756 γῆς
799 701 956 742 εἰδέναι
989 700 1173 755 ὀφείλεις
1215 696 1282 741 ὅτι
1310 703 1439 753 μέσον
1478 693 1588 755 αὕτη
1613 700 1692 741 τοῦ

244 767 396 818 παντὸς
425 767 685 825 α’πῃιόρηται.
753 769 826 808 καί
853 768 974 808 τοῦτο
1001 767 1142 820 γνοίης
1169 762 1220 808 ἂν
1247 767 1293 808 ἐκ
1319 769 1392 822 τῆς
1418 766 1500 808 τῶν
1526 761 1693 820 ἄστρων

244 836 455 890 κινήσεως.
514 835 740 888 ἰσομεγέθη
768 834 842 874 καί
872 830 952 887 γὰρ
985 830 1208 885 σύμπαντα
1238 835 1435 889 φαίνεται
1462 832 1563 887 ἡμῖν
1586 830 1690 873 α’να..
1708 845 1757 873 ιό

243 902 437 943 τέλλοντα
476 899 549 941 καί
580 900 924 954 μεσουρανοῦντα
963 897 1037 939 καί
1067 895 1261 940 δυ’νοντα.
1332 897 1404 940 καί
1428 895 1550 940 τοῦτό
1578 898 1694 940 ἐστιν

245 964 348 1020 ὅπερ
379 963 400 1008 ὖ
435 968 566 1020 μέγας
593 966 818 1015 Βασίλειος
864 966 909 1007 ἑν
941 965 992 1020 τῇ
1018 962 1117 1018 περὶ
1158 964 1390 1020 φωστήριον
1439 966 1534 1021 ἕκτῃ
1560 962 1696 1005 αὐτοῦ

208 1032 390 1090 Βὸμιλίᾳ
420 1032 548 1088 φησί,
588 1032 673 1089 „tegi
702 1032 748 1073 δὲ
780 1031 883 1089 ἡλίῳ
912 1030 1048 1079 οὐδείς
1077 1030 1191 1072 ἐστιν
1217 1030 1425 1085 ἐγγυτάτω
1453 1032 1528 1072 καί
1557 1028 1696 1077 οὐδείς

245 1097 527 1154 πορρωτάτω,
567 1094 658 1139 ἀλλ’
687 1098 730 1149 ἐξ
760 1095 857 1139 ἴσου
899 1099 973 1139 τοῦ
1018 1093 1299 1152 διαστήματος
1338 1101 1426 1146 τοῖς
1466 1094 1573 1138 κατὰ
1612 1095 1697 1136 πᾶν

245 1166 371 1219 μέρος
399 1167 469 1219 τῆς
494 1165 569 1219 γῆς
596 1163 920 1220 κατωκισμένοις
949 1164 1248 1217 προσβάλλειῧ
1304 1164 1487 1218 πρόσεχε
1512 1156 1599 1203 ουν.
1657 1161 1698 1203 εἰ
1715 1166 1760 1206 ι5

246 1229 327 1285 γάρ
370 1231 631 1286 παρήλλαξεν
679 1229 705 1284 ἦ
750 1230 801 1283 γῆ
841 1227 917 1284 τὴν
954 1226 1190 1283 μεσότητα,
1229 1229 1363 1305 ἐχρῆν
1401 1227 1583 1286 ὁποτέρῳ
1619 1229 1698 1281 μὲν

250 1311 593 1351 προσκεχωρηκει
629 1296 711 1337 τῶν
737 1297 856 1350 πέριξ
885 1297 1050 1349 μερῶν,
1090 1297 1223 1337 ἐκεῖσε
1251 1292 1302 1337 τοὶ
1335 1290 1468 1350 ἄστρα
1494 1292 1714 1349 γινόμενα

249 1361 354 1416 ὁρᾶν
379 1363 578 1415 μείζονα,
619 1362 696 1417 ἀφ’
743 1361 802 1403 ὡν
832 1363 878 1403 δὲ
908 1362 1117 1416 διέστηκεν
1147 1356 1277 1440 αὕτη,
1304 1362 1350 1404 ἒν
1381 1358 1546 1410 τούτοις
1572 1358 1698 1402 eldaa

248 1443 350 1469 σονα
380 1430 511 1469 ταῦτα
541 1423 704 1483 ἀθρεῖν.
734 1429 810 1470 νῦν
841 1428 887 1468 δὲ
914 1424 1208 1480 ἁπανταχόθεν
1251 1426 1324 1469 ι’σα
1349 1425 1539 1482 ὁρώμενα
1572 1426 1696 1468 διδω-

249 1510 317 1535 σιν
343 1494 443 1547 ἡμῖν
470 1496 625 1535 ἐννοεῖν
654 1491 719 1535 ὅτι
741 1494 871 1545 μέσον
899 1493 925 1547 ἦ
960 1495 1012 1547 γῆ
1037 1495 1114 1533 τοῦ
1147 1493 1301 1542 παντὸς
1329 1490 1595 1549 α’πῃώρηται.
1625 1509 1694 1534 και
1709 1508 1762 1536 20

248 1558 327 1614 γάρ
356 1561 395 1600 εἰ
437 1576 494 1614 μη
543 1560 663 1601 τοῦτο
701 1554 778 1613 ἦν,
810 1574 846 1600 ει
873 1575 932 1613 μη
971 1555 1161 1613 καθάπερ
1193 1558 1391 1612 εἴπομεν,
1418 1558 1696 1615 α’πῃωρημένη

250 1622 361 1680 αὕτη
389 1623 597 1680 παρήγετο
626 1628 715 1668 κατ’
753 1621 913 1681 ἀρχάς,
957 1625 1034 1666 ov’n
1059 1620 1111 1667 ἂν
1143 1623 1187 1667 αἱ
1212 1624 1318 1667 κατά
1346 1622 1498 1673 τόπους
1521 1622 1699 1679 κινήσεις

349 1731 401 1775 ¹4·
425 1730 520 1780 τοῖς]
545 1731 615 1766 τοιῖ
646 1732 682 1766 Ρ.

252 1827 332 1861 est?
358 1828 403 1860 de
429 1832 599 1873 quattuor
625 1826 772 1872 quidem
796 1827 985 1861 elementis
1011 1827 1130 1861 omnia
1157 1826 1331 1873 producta
1356 1831 1450 1869 sunt,
1474 1837 1596 1860 verum
1621 1837 1696 1861 non

252 1886 297 1907 ex
320 1875 383 1907 illa
408 1875 556 1908 materie
584 1875 743 1920 corporis
769 1881 915 1920 experte
939 1881 1102 1908 naturam
1130 1875 1392 1929 essentiamque
1417 1886 1514 1907 suam
1539 1875 1698 1907 elemen-

250 1927 289 1954 ta
315 1928 549 1967 acceperunt,
575 1933 669 1967 quae
696 1923 931 1955 extr-ariorum
968 1928 1022 1955 est
1043 1923 1238 1956 sententia.
1263 1922 1314 1955 sic
1336 1926 1456 1954 tamen
1478 1920 1567 1954 haec
1587 1921 1698 1954 intel-

252 1968 426 2012 ligantur,
455 1975 496 2002 ut
520 1970 639 2002 omnia
664 1979 781 2001 rerum
807 1969 852 2002 ab
880 1969 1007 2015 opifice
1032 1970 1193 2014 profecta
1217 1968 1402 2001 fateamur.
1426 1980 1510 2002 nam
1537 1967 1596 2002 die
1623 1968 1699 2013 pri-

249 2026 319 2055 mo,
348 2027 419 2060 quo
452 2017 590 2049 caelum
617 2026 657 2048 ac
680 2020 811 2048 terram
844 2016 888 2048 de
912 2016 1029 2049 nihilo
1057 2017 1095 2049 in
1121 2021 1237 2049 ortum
1263 2014 1454 2060 produxit,
1491 2015 1569 2061 ipsa
1593 2015 1699 2049 simul

254 2062 433 2095 elementa
459 2062 635 2103 condidit,
663 2067 702 2095 ut
726 2063 811 2095 inde
825 2075 934 2107 porro
968 2069 1107 2097 caetera
1122 2063 1364 2109 provenirent.
1389 2068 1498 2108 atque
1522 2061 1701 2098 hactenus

255 2114 293 2142 et
316 2108 523 2142 huiusmodi
550 2108 594 2141 de
621 2109 720 2142 caelo
751 2109 846 2143 dicta
868 2117 983 2144 sunto.

349 2156 496 2188 Terram
523 2157 611 2188 scire
636 2156 772 2188 debes
762 2168 800 2189 m
816 2157 1060 2191 universitatis
1076 2167 1194 2190 rernm
1215 2155 1355 2189 medio
1364 2157 1467 2202 quasi
1490 2168 1699 2203 suspensam

257 2213 354 2244 esse3
388 2202 487 2247 quod
522 2202 640 2246 ipsum
664 2202 752 2236 licet
785 2203 830 2236 de
871 2204 1028 2238 siderum
1057 2209 1156 2237 motu
1190 2214 1392 2248 cognoscas.
1418 2215 1500 2237 nam
1526 2215 1568 2238 ea
1592 2204 1701 2238 nobis

258 2260 334 2283 esse
357 2249 613 2293 magnitudinis
650 2249 809 2282 eiusdem
826 2250 996 2285 videntur
1028 2251 1170 2292 omnia,
1196 2251 1269 2284 sive
1294 2250 1457 2284 oriantur
1481 2252 1555 2285 sive
1578 2251 1699 2285 medio

257 2297 331 2329 sint
356 2297 393 2328 in
419 2296 520 2328 coelo
554 2296 629 2328 sive
658 2296 833 2330 occidant.
860 2304 968 2343 atque
1003 2298 1072 2332 hoc
1095 2296 1187 2330 illud
1211 2302 1265 2331 est
1287 2297 1385 2342 quod
1408 2309 1554 2343 magnus
1577 2304 1702 2332 noster

255 2343 410 2376 Basilius
445 2343 484 2376 in
520 2343 684 2376 oratione
723 2349 822 2377 sexta
845 2345 888 2378 de
918 2345 1153 2379 luminaribus
1178 2344 1247 2386 ait,
1273 2345 1455 2378 neminem
1483 2345 1551 2379 soli
1578 2345 1701 2391 proxi-

255 2401 352 2423 mum
378 2401 454 2423 esse
478 2400 545 2422 nec
572 2401 592 2422 a
630 2391 706 2423 sole
731 2391 938 2435 longissime
963 2393 1115 2433 distare,
1144 2391 1208 2424 sed
1233 2402 1314 2423 eum
1338 2392 1530 2426 intervallo
1552 2392 1630 2437 pari
1654 2391 1701 2426 ad

257 2437 400 2481 quasvis
434 2441 552 2470 terrae
591 2442 709 2481 partes
743 2437 987 2473 inhabitantes
1012 2438 1190 2473 accedere.
1226 2438 1458 2483 quamobrem
1482 2438 1571 2473 haec
1592 2438 1701 2472 velim

258 2488 377 2516 tecum
403 2484 514 2529 ipsius
551 2490 634 2516 ante
660 2484 874 2519 consideres.
916 2498 998 2520 nam
1025 2487 1057 2520 si
1082 2485 1241 2518 medium
1264 2485 1370 2518 huius
1396 2486 1555 2519 universi
1581 2486 1700 2520 locum

256 2535 352 2563 terra
380 2542 454 2564 non
491 2530 690 2572 obtineret,
727 2533 830 2577 seq'ui
863 2545 1009 2567 necesse
1033 2534 1127 2567 soret
1152 2537 1193 2565 ut
1217 2531 1261 2564 ad
1285 2543 1538 2578 quamcunque
1561 2537 1701 2579 partem

258 2577 350 2610 forte
378 2578 524 2622 propius
555 2577 768 2612 accederent
800 2579 936 2622 sidera,
975 2581 1056 2615 istic
1089 2579 1223 2612 maiora
1246 2578 1478 2621 viderentur,
1518 2590 1539 2612 a
1567 2579 1700 2625 quibus

261 2629 380 2657 autem
406 2624 546 2668 longius
570 2624 749 2667 abessent,
775 2626 813 2659 in
832 2627 875 2660 iis
899 2629 1038 2661 minora
1061 2626 1362 2671 conspicerentur.
1385 2637 1482 2660 nunc
1506 2637 1591 2659 vero
1619 2638 1700 2660 cum

260 2670 446 2715 quibusvis
487 2682 530 2704 ex
569 2672 731 2716 partibus
765 2680 962 2718 appareant
996 2673 1183 2720 aequalia,
1207 2672 1435 2717 cogitandum
1460 2673 1565 2707 nobis
1589 2673 1701 2707 relin-

259 2723 376 2764 quunt
400 2723 528 2752 terram
552 2719 590 2753 in
614 2719 769 2755 universi
794 2722 912 2756 medio
938 2721 1107 2768 pendere.
1129 2730 1211 2755 nam
1236 2719 1373 2767 absque
1397 2720 1464 2755 illo
1486 2720 1606 2763 foret,
1631 2719 1704 2754 hoe
