1826 3120
228 129 341 195 460
667 142 951 185 MicuAEms
991 141 1205 183 GLYGAE

403 315 784 365 TMHMA
881 279 1478 368 TETAPTOM

95 469 129 501 Ρ.
147 449 287 515 247‘0
309 467 439 519 μέγας
468 466 782 514 Κωνσταντΐνος
813 463 932 520 ἡνίκα
971 463 1075 507 κατὰ
1102 466 1341 513 Μαξεντίου
1385 463 1654 520 ἐστράτευσε,

90 538 131 574 V.
150 549 206 581 ι9ι
224 531 311 572 τότε
339 527 448 571 εἶδεν
485 532 529 572 ἐν
557 531 718 586 oubam?
755 529 828 572 τὸν
858 531 1008 582 τίμιον
1038 528 1241 584 σταυρόν,
1271 531 1341 586 ἐφ’
1371 525 1406 588 ᾦ
1439 531 1654 586 νενύτηκεν.

223 594 314 638 εἶτα
347 595 601 652 ῥαθυμὴσας
622 596 694 638 καί
718 600 808 638 κατ’
836 599 1004 651 ἐχθρῶν
1021 595 1209 652 ὁρμήσας
1239 597 1426 651 ἡττᾶται,
1457 595 1532 639 καί
1548 596 1658 638 οἷθν-

221 663 362 717 μήσας
400 660 589 716 ὕπνωσε,
631 661 705 705 καί
739 666 828 704 κατ’
868 659 969 719 ὄναρ
1004 661 1084 704 ὑπὸ
1127 663 1286 719 ῥάβδου
1314 661 1694 718 ηλήττεταιτοὺςό

219 731 448 784 μυκτῆρας,
474 731 665 771 κάκεῖθεν
698 725 801 782 αἷμα
832 728 941 780 ἐξιὸν
965 728 1036 771 τὸν
1065 727 1249 785 σταυρὸν
1276 731 1321 772 ἐν
1347 727 1475 787 ὀθόνῃ
1503 727 1658 785 ἕχᾶραε-

221 799 280 845 ξε.
337 799 467 838 ταῦτα
511 797 559 837 δὲ
585 795 711 848 ἰδών,
749 794 821 837 καί
847 792 1080 848 μετάμελος
1123 796 1195 837 ἐπὶ
1218 796 1277 853 τῷ
1302 795 1514 850 πράγματι
1539 810 1659 850 γεγο-

219 860 326 915 νώς,
367 865 462 919 νικᾷ
491 860 563 903 καί
607 856 734 910 αὖθις
777 860 877 910 τούς
904 857 1260 916 ἑχθροὺςζαῦτοῦ.
1318 859 1422 915 μετὰ
1454 862 1501 904 δὲ
1524 862 1656 904 ταῦτα

219 927 301 968 ὑπὸ
326 930 400 982 τῆς
425 927 622 982 γυναικὸς
651 927 786 969 αὐτοῦ
813 928 1015 976 Φαύστας
1043 928 1102 976 εἷς
1130 929 1431 981 εἰδωλομανιάν
1457 930 1650 972 ἐκκλίνει.

218 996 311 1035 ἀλλ’
341 991 362 1033 ὃ
391 992 489 1043 θεὸς
516 995 623 1036 ἕλκει
651 992 773 1035 πάλιν
802 992 930 1035 αὐτὸν
959 991 1028 1034 διὰ
1057 996 1127 1047 τῆς
1154 996 1329 1050 λέπρας·
1388 998 1651 1051 κατασχοῦσα
1671 1013 1720 1040 ιο

87 1068 123 1101 Ρ.
141 1059 296 1116 24870'29
343 1056 474 1102 αὐτὸν
509 1062 638 1114 μέγαν
677 1057 949 1114 ἑστενοχώρει
991 1062 1194 1108 παντοίως
1224 1062 1299 1101 καί
1323 1059 1481 1114 ἔθλιβε.
1537 1061 1650 1105 καθὰ

218 1127 265 1168 δὲ
293 1124 629 1179 συνεβούλευσαν
677 1125 717 1168 οἱ
754 1124 880 1178 ἱερεῖς
929 1127 1005 1166 τοῦ
1042 1126 1322 1167 Καπετωλίου
1363 1125 1488 1181 Διός,
1515 1130 1652 1184 βρέφη

215 1194 492 1246 συνελέγησαν
519 1188 627 1234 ὥστε
654 1193 972 1247 σφαγιασθῆναι
999 1193 1130 1233 ταῦτα
1162 1191 1234 1232 καί
1257 1194 1313 1249 τῷ
1340 1194 1486 1245 αἵματι
1513 1194 1654 1236 αὐτῶν

214 1259 476 1312 ἐμβληθῆναι
515 1260 587 1300 καί
624 1255 735 1300 οὕτω
774 1259 901 1313 δῆθεν
937 1257 1062 1299 αὐτὸν
1091 1258 1381 1312 ἀπαλλαγῆναι
1409 1261 1482 1314 τῆς
1507 1257 1650 1302 νόσου.

213 1323 478 1378 διερχόμενος
507 1319 582 1365 οὖν
610 1325 683 1366 καί
707 1326 788 1366 τῶν
814 1327 1008 1379 μητέρων
1030 1324 1170 1366 αὐτῶν
1194 1325 1374 1373 α’κούσας
1394 1326 1651 1380 θρηνουσῶν,
1669 1332 1716 1373 15

210 1391 284 1432 καί
309 1388 384 1445 τήν
413 1391 552 1432 αἰτίαν
587 1392 661 1433 τοῦ
697 1391 857 1446 θρήνου
895 1389 1071 1445 μαθών,
1102 1387 1191 1433 εἶπε
1229 1396 1446 1447 υκρεῖσσον
1471 1391 1650 1446 πάσχειν

301 1515 331 1557 4.
360 1511 490 1561 ιῖθυμ]
517 1512 744 1560 ῥαθυμήσας
769 1515 804 1548 Ρ.

788 1652 962 1694 PARS
998 1654 1067 1695 1V.

240 1780 320 1824 DE
352 1777 1099 1824 CONSTANTINOPOLITANIS
1132 1778 1608 1824 IMPERATORIBUS

518 1905 617 1951 QUI
660 1906 930 1941 DEINCEPS
976 1905 1334 1940 REGNARUNT.

207 2022 315 2098 Quo
347 2056 508 2097 tempore
534 2050 787 2086 Constantinus
813 2062 961 2097 magnus
994 2053 1114 2098 copias
1149 2057 1270 2085 contra
1290 2051 1510 2087 Maxentium
1534 2049 1644 2084 duce-

206 2097 281 2139 bat,
307 2098 445 2142 signum
470 2099 696 2132 venerandae
723 2099 836 2133 crucis
862 2102 900 2133 in
923 2103 1006 2133 aere
1031 2100 1228 2143 conspexit,
1255 2099 1413 2144 indeque
1437 2108 1515 2132 cum
1539 2096 1642 2131 hoste

207 2156 412 2188 congressus
439 2146 555 2179 victor
592 2146 762 2180 discessit.
796 2152 871 2179 tum
897 2158 988 2180 ,vero
1014 2146 1253 2190 negligentior
1279 2146 1406 2186 factus,
1434 2144 1497 2178 ubi
1521 2154 1641 2178 rursus

208 2191 247 2224 in
269 2191 410 2224 hostem
443 2193 685 2237 prorupisset,
718 2194 830 2227 victus
855 2192 918 2227 est.
944 2204 1015 2239 quo
1044 2193 1258 2227 detrimento
1288 2198 1434 2237 accepto
1459 2190 1640 2236 quendam

207 2239 247 2271 in
286 2250 485 2271 moerorem
525 2240 654 2274 incidit
684 2246 719 2274 et
756 2241 963 2285 consopitus
997 2246 1057 2274 est.
1087 2239 1169 2273 heic
1195 2250 1260 2284 per
1283 2240 1442 2284 quietem
1465 2239 1561 2271 visus
1585 2244 1641 2272 est

207 2284 276 2318 sibi
302 2296 403 2319 nares
436 2286 533 2330 virga
565 2287 718 2331 quadam
753 2287 944 2321 verberari.
981 2298 1135 2332 moxque
1161 2286 1204 2319 de
1225 2286 1369 2320 naribus
1391 2285 1529 2330 sanguis
1553 2295 1637 2328 pro-

205 2343 352 2365 manans
377 2333 416 2365 in
430 2339 528 2366 veste
554 2334 649 2367 linea
671 2339 791 2368 notam
818 2336 929 2367 crucis
957 2335 1139 2378 expressit.
1166 2345 1236 2378 qua
1265 2344 1303 2365 re
1330 2337 1528 2378 conspecta,
1551 2342 1640 2375 poe-

207 2379 374 2412 nitudine
399 2381 453 2413 sui
491 2379 615 2413 delicti
642 2381 770 2414 ductus
795 2387 872 2423 est,
913 2381 1068 2425 ideoque
1096 2392 1218 2413 rursus
1242 2379 1404 2414 hostibus
1435 2380 1507 2412 suis
1532 2389 1638 2422 supe-

207 2425 280 2458 rior
305 2426 435 2459 evadit.
474 2427 668 2460 secundum
695 2428 784 2460 haec
810 2428 928 2461 denuo
954 2439 1018 2472 per
1042 2438 1188 2460 uxorem
1209 2427 1372 2461 Faustam
1395 2425 1441 2459 ad
1464 2425 1639 2459 furiosum

208 2471 428 2506 deastrorum
470 2474 602 2506 cultum
639 2475 896 2508 exorbitantem
931 2474 1017 2507 deus
1048 2485 1113 2519 per
1146 2476 1281 2519 lepram
1304 2473 1461 2507 retraxit.
1486 2484 1568 2505 nam
1594 2483 1638 2505 ea

207 2531 286 2551 cum
309 2521 426 2564 magui
469 2520 575 2553 huius
612 2522 674 2553 viri
710 2533 836 2566 corpus
870 2526 1095 2566 occupasset,
1120 2521 1284 2555 omnibus
1318 2520 1498 2552 hominem
1522 2518 1638 2552 modis

207 2565 354 2608 urgebat
389 2573 425 2599 et
466 2567 700 2601 excruciabat.
732 2569 783 2600 ibi
817 2570 861 2602 (le
887 2568 1081 2614 Capitolini
1108 2568 1201 2602 Iovis
1236 2566 1459 2601 sacerdotum
1486 2566 1636 2599 consilio

207 2612 326 2656 colligi
354 2614 501 2658 quidam
537 2614 691 2647 infantes
715 2616 800 2648 iussi
829 2622 932 2657 sunt,
967 2616 1005 2648 in
1029 2626 1180 2660 quorum
1210 2615 1403 2647 occisorum
1430 2615 1636 2657 sanguinem

206 2659 282 2702 ipse
306 2670 439 2694 mersus
463 2660 586 2694 morbo
612 2663 679 2694 isto
705 2662 928 2695 liberaretur.
956 2674 1034 2695 cum
1061 2668 1181 2695 autem
1205 2661 1338 2695 alicubi
1360 2661 1535 2693 transiens
1559 2671 1635 2692 ma-

207 2710 277 2737 tres
303 2707 478 2741 infantum
503 2709 736 2742 lamentantes
764 2710 958 2744 audivisset
983 2710 1213 2754 ploratusque
1242 2719 1379 2741 causam
1402 2707 1634 2751 cognovisset,
