1826 3120
204 88 470 98 -—--————-——-0—
475 88 1282 98 -w——q-m—-o-—u--um-W*
1287 92 1450 97 ⁷·-—-—---
1456 92 1655 100 ...Ἥ

299 592 613 644 IOHANNIS
653 593 1110 650 LEWNKLAVIL
1148 596 1553 653 AMELBURNL

464 707 526 740 An
554 707 836 742 GENERosuM
866 708 927 742 ET
953 709 1211 743 ILLUSTREM
1235 710 1386 745 vmuM

264 807 650 854 IOHANNEM
692 810 1030 855 BARONEM
1068 812 1583 868 KITLICIANUM‚

511 919 671 953 CRAINI
695 920 754 954 Ac
777 920 1070 955 DRENCAVIAE
1095 892 1340 956 DOMINUM*

416 1020 478 1059 IN
510 1020 793 1061 ANNALES
828 994 1093 1061 ‘GLYGAE
1127 1021 1420 1062 LATINOS

669 1128 1175 1179 PROOEMIUM.

191 1391 281 1451 Est
306 1412 349 1451 in
373 1412 527 1466 familia
558 1413 738 1453 Caesaris
769 1413 929 1465 nostri,
959 1413 1164 1467 Domine,
1194 1414 1261 1454 vir
1290 1419 1497 1468 praestans
1527 1413 1643 1467 inge..

190 1478 289 1531 nio,
318 1480 563 1533 cognitionis
597 1480 819 1531 varietate,
860 1494 1000 1520 rerum
1033 1495 1130 1532 usu,
1161 1486 1202 1520 et
1226 1480 1383 1521 virtute
1413 1495 1645 1534 propemo-

189 1543 290 1584 dum
332 1545 558 1600 singulari,
599 1547 824 1586 sambucus
864 1546 932 1587 ille
960 1561 1096 1595 meus;
1144 1539 1260 1587 cuius'
1297 1563 1373 1602 ego
1401 1549 1645 1603 frequenter

185 1611 300 1666 apud
327 1613 503 1665 amicos,
541 1619 582 1653 et
618 1613 794 1654 iucunde
834 1613 1024 1667 quidem,
1063 1614 1277 1654 recordari
1314 1615 1442 1655 soleo.
1471 1627 1565 1654 nam
1595 1617 1642 1656 iis

187 1678 364 1731 dotibus,
391 1694 517 1733 supra
543 1681 776 1735 complures
806 1680 926 1720 huius
951 1682 1092 1722 aetatis
1109 1696 1156 1722 ex
1182 1681 1374 1721 doctrina
1402 1682 1533 1722 claros
1558 1682 1640 1724 ho-

183 1747 339 1797 mines,
383 1746 575 1786 divinitus
615 1753 674 1787 est
711 1754 951 1798 exornatus,
999 1754 1046 1788 ut
1084 1748 1194 1788 inter
1231 1762 1306 1789 nos
1336 1749 1417 1788 iam
1446 1750 1496 1788 ab
1527 1749 1640 1790 annis

183 1813 345 1868 aliquot
373 1813 596 1854 amicitiam
645 1829 730 1854 non
758 1815 970 1868 vulgarem
1012 1814 1152 1855 civisse
1182 1829 1267 1854 non
1295 1830 1341 1855 ex
1367 1816 1503 1855 animo
1536 1830 1639 1869 gau-

184 1878 303 1924 deam
329 1880 462 1920 solum
479 1909 491 1930 ,
519 1895 664 1921 verum
696 1881 818 1920 etiam
841 1882 884 1920 in
923 1881 1058 1935 aliqua
1085 1882 1289 1922 felicitatis
1318 1888 1439 1936 parte
1465 1894 1636 1937 ponam.

183 1960 262 1993 cur
291 1947 400 1987 enim
428 1946 544 1987 illum
572 1947 783 1987 hominem
809 1962 894 1987 non
926 1948 1091 1987 maximi
1117 1948 1287 1999 faciam,
1321 1950 1394 2004 qui
1421 1951 1638 2004 publicatis

184 2014 357 2068 egregiis
385 2014 539 2068 ingenii
567 2015 842 2054 monumentis
859 2044 871 2065 ,
908 2014 1158 2056 emblematis
1198 2016 1375 2056 solerter
1401 2018 1638 2072 excogitatis

183 2087 227 2122 et
253 2095 331 2135 per
360 2087 505 2136 arguta
527 2081 727 2136 quaedam
758 2081 897 2136 idyllia
925 2081 1150 2133 declaratis,
1180 2082 1428 2123 Dioscoride
1455 2091 1636 2138 purgato

183 2153 226 2194 et
256 2147 483 2199 illustrato,
517 2149 765 2188 varietattun
796 2148 910 2188 libris
938 2162 1023 2188 non
1053 2149 1128 2188 illis
1147 2149 1317 2204 quidem
1347 2150 1480 2190 adhuc
1503 2150 1634 2204 editis,

180 2213 252 2254 sed
280 2228 353 2253 suo
383 2221 520 2256 tamen
545 2221 732 2270 tempore
761 2215 1045 2268 proferendis,
1074 2231 1212 2256 omnes
1239 2216 1281 2255 in
1315 2217 1633 2261 admirationem

181 2281 244 2325 sui
273 2282 412 2335 rapit?
457 2297 509 2323 ne
541 2282 673 2322 dicam
702 2287 902 2336 quantum
932 2282 975 2321 in
1003 2296 1052 2322 eo
1082 2282 1211 2323 laudis
1242 2290 1453 2324 mereatur
1481 2300 1635 2340 perve-

179 2348 388 2402 stigandae
417 2349 671 2404 antiquitatis
701 2349 940 2389 indefessum
967 2364 1062 2390 sane
1088 2349 1290 2402 studium,
1322 2366 1406 2406 quo
1435 2367 1519 2392 non
1547 2353 1634 2394 sine

178 2416 334 2469 magnis
365 2417 552 2470 impensis
594 2423 659 2456 tot
687 2416 892 2456 rarissima
923 2416 1154 2470 priscorum
1186 2418 1430 2458 numismata
1454 2419 1632 2473 conqui-

179 2483 299 2535 sivit,
328 2489 391 2522 tot
422 2484 588 2524 eximios
634 2484 675 2523 in
718 2483 831 2523 omni
877 2482 1185 2538 disciplinarum
1227 2499 1376 2539 genere
1417 2485 1547 2525 libros
1576 2487 1627 2525 ah

178 2551 352 2591 interitu
377 2550 624 2598 vindicavit;
654 2565 756 2605 quos
785 2551 893 2604 ipsos
911 2550 1083 2593 aliorum
1106 2551 1370 2606 quorundam
1389 2552 1627 2592 invidorum

179 2631 298 2657 more
324 2631 406 2657 non
434 2618 543 2657 intra
571 2632 755 2658 carceres
788 2623 830 2657 et
857 2623 970 2671 septa
989 2618 1152 2672 privata
1172 2625 1362 2671 coercet,
1391 2618 1460 2659 sed
1489 2619 1625 2659 animo

182 2683 363 2735 lubente,
394 2699 497 2738 quae
530 2685 609 2725 viri
637 2685 892 2739 perhumana
909 2685 1136 2740 benignitas
1167 2692 1206 2727 et
1227 2685 1493 2729 memoranda
1521 2685 1627 2726 lihe-
