1826 3120
242 147 315 201 30
692 158 981 201 MianEms
1019 159 1235 203 GLYCAE

241 291 398 318 κνυται.
471 272 542 314 διὰ
584 269 665 326 γάρ
711 270 785 325 τήν
819 269 1016 326 καπνώδη
1061 271 1350 326 ἀναθυμίασιν
1374 277 1703 331 παρακειμένην.

241 343 352 398 αὐτῇ
390 338 461 381 καὶ
508 337 634 379 οἷονεί
659 337 982 391 παρακαίουσάν
1010 353 1055 380 τε
1099 337 1172 380 καί
1196 339 1583 395 παραφρύγουσαν,
1609 342 1684 383 καί

238 409 314 463 τήν
342 403 541 460 ἁλμυρὰν
569 403 680 459 αῦτῇ
707 404 964 455 ἐμποιοῦσαν
989 405 1218 460 ποιότητα,
1249 401 1392 460 ὥσπερ
1407 422 1456 448 ’τι
1482 407 1680 461 περίττω-

236 491 296 524 μα
324 473 368 514 τὸ
408 467 596 523 ἁλμυρὸν
637 465 754 523 ὕδωρ
785 466 1029 525 ὑφίσταται.
1095 468 1182 512 ἔδει
1215 473 1293 524 μὲν
1317 466 1392 512 οὖν
1419 470 1492 514 κατ’
1520 471 1568 515 τὸ
1597 474 1681 515 τῶν

237 540 431 592 ποταμῶν
469 531 585 589 ’ὕδωρ
624 534 944 587 ἑξατμιζόμενον
986 537 1059 578 καί
1093 535 1464 593 παραφλεγόμενον
1490 537 1719 594 ἆλμυρὸνὸ

197 615 223 646 1)
238 606 510 647 detkvvoaac·
576 600 664 642 ἀλλ’
705 601 731 657 ἦ
778 601 968 658 ὃιηνεκὴς
1011 604 1170 658 κίνησις
1205 605 1324 645 τοῦτο
1363 602 1416 644 οὔ
1455 611 1679 659 συγχωρεὶἱ

235 671 367 725 ἐκείνη
411 670 456 709 δὲ
500 668 543 709 ἐν
584 668 696 725 τόπῳ
733 666 856 725 κοίλῳ
901 669 1260 725 περιλιμνάζουσα
1306 670 1379 711 καί
1416 670 1483 726 ἐφ’
1524 666 1680 726 ἑαυτῆς

234 734 396 777 ἑστῶσα
426 732 712 789 ἓτοιμοπαθής
743 735 835 776 ἐστι
862 739 949 785 τοῖς
981 736 1129 784 αἰτίοις
1155 737 1228 791 τῆς
1256 736 1554 792 ἁλμυρότητος.
1581 738 1678 778 τοῦ-

220 817 305 843 >τον
333 803 477 854 μέντοι
519 799 593 842 τὸν
619 798 741 854 λόγον
773 801 1014 854 ἐπιβεβαιοῖ
1032 803 1105 845 καί
1132 801 1155 842 ὅ
1182 800 1460 857 Δαμασκηνὸς
1491 801 1679 858 Ἰωάννης

231 869 361 920 λέγων
389 863 442 919 ,,ὅ
485 868 562 920 μὲν
593 861 667 908 οὖν
693 865 890 916 Ὠκεανὸς
926 866 1102 921 πότιμος
1127 864 1186 910 (ὂν
1213 870 1286 910 καί
1308 866 1561 922 γλυκύτατος
1587 869 1676 910 ὲπι-
1695 883 1742 911 m

230 940 411 988 χορηγεῖ
431 931 478 974 τὸ
507 931 624 988 ὕδωρ
652 935 705 989 τῇ
736 930 952 990 θαλάσσῃ·
1009 935 1218 988 χρονίζων
1248 936 1294 976 δὲ
1319 931 1434 987 ὅμως
1449 933 1523 976 καί
1545 929 1678 983 ἑστώς

233 999 423 1054 α’κίνητος
448 997 595 1053 πικρὸς
621 1001 793 1053 γίνεται,
823 1001 900 1040 τοῦ
925 999 1045 1054 ἡλίου
1074 1000 1147 1042 det*
1169 999 1213 1043 τὸ
1243 1001 1488 1056 λεπτότερον
1508 1000 1676 1058 νοῖνιμω-

233 1070 362 1118 μένου
392 1064 539 1120 καίπερ
574 1066 619 1107 ἐκ
646 1066 729 1106 τῶν
760 1064 977 1121 σιφιόνων,
1023 1063 1124 1109 ὅθεν
1150 1069 1224 1108 καί
1247 1065 1297 1109 τὰ
1326 1066 1432 1124 νέφη
1459 1067 1678 1111 συνίσταν-

233 1148 302 1173 ται
333 1131 406 1173 καί
432 1130 468 1173 οῖ
498 1126 650 1187 ὄμβροι
681 1129 866 1185 γίνονται
898 1131 968 1174 διὰ
997 1134 1070 1188 τῆς
1099 1131 1332 1188 διηθήσεως
1351 1135 1676 1188 γλυκαινομένου

232 1201 310 1239 τοῦ
337 1194 534 1246 ὖἰ)“ατος.”
591 1194 702 1239 οὕτω
738 1198 816 1251 μὲν
844 1194 920 1240 οὖν
948 1198 1021 1240 καί
1052 1198 1075 1240 ὅ
1104 1199 1322 1248 θειότατος
1351 1199 1624 1248 Ἀναστάσιος
1652 1197 1675 1241 ὅ
1693 1199 1744 1240 15

232 1266 423 1319 Σιναΐτης
443 1266 487 1306 ἐν
514 1265 564 1321 τῇ
591 1265 806 1323 ἐξαημὲρῳ
834 1265 963 1307 αὐτοῦ
983 1267 1152 1316 διέξεισι
1171 1267 1300 1320 λέγων
1329 1263 1384 1320 ,,ἧ
1413 1267 1459 1308 δὲ
1476 1265 1676 1308 θάλασσα

117 1337 152 1371 Ρ.
178 1334 399 1385 ι6γλυκεῖα
441 1325 492 1386 ἦν
520 1336 608 1372 κατ’
651 1328 787 1385 α’ρχοὶς
826 1331 898 1373 καί
921 1334 1034 1386 νᾶμα
1060 1333 1233 1385 πότιμον
1260 1330 1443 1386 ἔχουσα·
1501 1328 1678 1388 ὕστερον

231 1398 277 1438 δὲ
305 1398 362 1453 τῷ
401 1396 539 1454 χρόνῳ
568 1399 639 1439 καί
680 1403 766 1446 τοῖς
795 1400 1014 1452 στοιχείοις
1041 1397 1118 1453 τήν
1146 1395 1371 1440 ἇλλοίωσιν
1403 1397 1561 1454 ταύτην
1585 1399 1675 1442 ἐδέ-

232 1465 372 1512 ξατο.”
427 1462 449 1504 ὁ
478 1461 558 1516 γὰρ
585 1459 702 1516 ἥλιος
718 1496 731 1516 ,
761 1463 818 1512 ὥς
848 1462 1035 1519 εἴρηται,
1067 1467 1119 1521 τῇ
1150 1464 1279 1521 οἰκείᾳ
1315 1463 1541 1520 θερμότητι
1579 1465 1674 1516 ἕξοι·

230 1529 391 1581 τμίζων
407 1528 481 1583 τὴν
496 1526 732 1582 θάλασσαν,
765 1532 838 1571 καί
860 1529 905 1570 τό
931 1527 1184 1585 γλυκύτερον
1206 1532 1333 1572 ἕλκων
1365 1530 1438 1572 καί
1463 1530 1674 1587 κουφίζων
1685 1547 1739 1574 20

231 1592 336 1649 πρὸς
361 1592 432 1635 τὸν
459 1595 590 1648 α’ἐρα,
621 1593 732 1636 κάτω
761 1593 808 1637 τὸ
839 1595 1135 1651 ἆλμυρώτερον
1164 1597 1215 1654 ἐᾷ
1242 1599 1315 1638 καί
1338 1595 1582 1652 βαρύτερον.
1609 1593 1674 1640 ὅτι
1756 1595 1758 1597 ’

233 1661 279 1703 δὲ
317 1658 556 1715 παχύτερόν
591 1662 681 1703 ἐστι
717 1659 764 1703 τὸ
794 1661 1022 1704 θαλάττιον
1066 1660 1181 1718 ὕδωρ
1209 1664 1289 1704 τῶν
1319 1665 1534 1717 ποταμίων
1562 1660 1672 1706 ὗδᾶῲ

330 1789 381 1822 13.
405 1787 557 1837 καίπερ]
586 1785 714 1835 ὥσπερ
736 1789 778 1824 ἐκ
801 1791 918 1826 τινιόν
942 1790 1003 1824 a?

231 1897 323 1932 usui.
346 1908 428 1929 nam
442 1901 589 1942 propter
613 1897 875 1931 exhalationem
900 1899 999 1932 illam
1022 1900 1203 1943 fumosam,
1227 1912 1318 1946 quae
1344 1902 1382 1935 in
1412 1911 1455 1934 eo
1481 1901 1534 1942 fit,
1559 1911 1671 1947 quae—

230 1956 301 1989 que
324 1944 437 1978 veluti
464 1956 646 1989 spumeum
669 1944 774 1979 efficit
802 1951 839 1979 et
862 1947 1026 1980 accendit
1048 1959 1143 1981 mare
1167 1960 1207 1981 ac
1231 1949 1439 1993 qualitatem
1463 1948 1496 1981 ei
1519 1959 1671 1984 amaram
1708 1959 1714 1964 “

229 1991 346 2032 indit,
370 1991 514 2024 tandem
547 2003 639 2037 aqua
662 1993 753 2025 salsa
792 1994 1022 2038 reliquiarum
1058 1995 1158 2040 quasi
1183 1996 1401 2040 quarundam
1422 1996 1532 2028 instar
1558 1997 1670 2030 relin-

230 2039 362 2083 quitur.
388 2044 425 2071 et
460 2038 612 2071 fluvialis
653 2039 798 2084 quidem
822 2052 914 2086 aqua
947 2041 1062 2075 nihilo
1087 2043 1198 2075 secius
1223 2043 1313 2076 salsa
1337 2043 1564 2084 redderetur,
1591 2055 1670 2078 cum

231 2090 268 2118 et
294 2086 369 2129 ipsa
393 2086 522 2118 sentiat
545 2086 786 2120 exhalationes
812 2099 852 2120 ac
886 2094 1029 2122 uratur:
1059 2100 1179 2122 verum
1205 2089 1243 2122 id
1266 2096 1382 2124 motus
1404 2091 1515 2136 ipsius
1538 2101 1671 2136 perpe..

229 2137 312 2164 tuus
340 2131 437 2164 haud
468 2133 640 2166 concedit.
676 2140 713 2167 at
739 2145 833 2167 mare
862 2147 1014 2170 concavo
1037 2136 1076 2169 in
1102 2137 1182 2170 loco
1206 2143 1426 2182 restagnan8‚
1454 2145 1491 2172 et
1513 2148 1670 2172 seorsum

229 2190 375 2211 manens
402 2190 442 2211 ac
475 2179 639 2213 insistens
656 2207 665 2222 ‚
699 2181 804 2214 facile
829 2183 1016 2228 salsuginis
1042 2195 1160 2217 causas
1184 2184 1349 2218 admittit.
1374 2184 1466 2218 hanc
1496 2186 1668 2220 rationem

228 2231 383 2258 nostram
405 2225 579 2260 Iohannes
605 2228 842 2262 Damascenus
867 2231 1070 2273 confirmat,
1101 2242 1179 2264 cum
1209 2232 1327 2277 inquit
1349 2244 1525 2274 „oceanus
1549 2239 1668 2267 caete-

231 2274 335 2317 roqui
362 2273 531 2317 potabilis
570 2286 609 2307 ac
637 2275 750 2308 dulcis
774 2277 862 2309 mari
895 2289 1023 2323 aquam
1046 2277 1259 2323 suppeditat.
1284 2291 1405 2313 verum
1434 2292 1513 2313 cum
1538 2291 1579 2314 ea
1604 2280 1666 2314 diu

229 2320 299 2352 iam
322 2332 394 2352 uno
422 2321 567 2355 insistat
590 2323 669 2355 loco
694 2334 760 2356 nec
783 2331 987 2367 moveatur,
1015 2326 1211 2366 amarescit,
1234 2327 1309 2360 sole
1334 2328 1470 2361 scilicet
1490 2334 1666 2373 perpetuo

230 2367 328 2412 quod
353 2367 517 2400 subtilius
545 2375 598 2403 est
622 2369 872 2412 exhauriente,
899 2373 1056 2418 itemque
1088 2372 1294 2418 siphonibus
1319 2376 1420 2420 quasi
1444 2374 1666 2420 quibusdam,

229 2413 325 2446 unde
349 2413 462 2447 nubes
501 2417 665 2460 existunt,
691 2423 727 2450 et
748 2418 890 2462 pluviae
925 2420 1129 2464 gignuntur,
1161 2431 1253 2465 aqua
1287 2423 1400 2456 veluti
1422 2423 1665 2468 percolatione

230 2461 381 2505 quadam
406 2461 602 2496 edulcata.”
632 2463 756 2497 eodem
785 2465 890 2499 modo
925 2473 962 2500 et
986 2467 1135 2501 Sinaites
1160 2468 1362 2503 Anastasius
1387 2470 1425 2502 in
1449 2475 1665 2503 commenta-

228 2508 279 2540 rio
305 2520 367 2541 suo
395 2508 440 2542 de
466 2521 527 2543 sex
543 2512 734 2555 primorum
758 2511 895 2546 dierum
919 2513 1084 2559 operibus
1108 2513 1199 2547 hanc
1222 2526 1296 2549 rem
1322 2517 1485 2562 explicat.
1511 2518 1663 2558 ‚‚mare‚’'

227 2555 367 2598 inquit,
403 2563 501 2596 „erat
534 2558 635 2591 initio
677 2558 800 2601 dulce,
830 2561 1077 2607 liquoremque
1113 2561 1309 2606 potabilem
1345 2563 1560 2597 continebat.
1599 2563 1663 2597 sed

228 2600 395 2645 deinceps
422 2615 440 2634 a
479 2605 696 2649 temporibus
733 2605 965 2642 diuturnitate
1004 2620 1044 2642 ac
1072 2609 1256 2643 elementis
1281 2612 1368 2656 ipsis
1393 2622 1470 2644 eam
1493 2612 1663 2644 mutatio-

226 2658 308 2679 nem
336 2651 488 2693 accepit,
515 2663 617 2695 quam
642 2652 748 2687 modo
774 2656 981 2699 experimur.
1007 2667 1089 2689 nam
1117 2657 1169 2689 sol
1192 2658 1310 2691 calore
1338 2670 1401 2692 suo
1423 2659 1527 2691 maris
1552 2658 1662 2691 exha-

227 2694 378 2727 lationes
413 2698 580 2740 quasdam
605 2700 782 2742 efficiens,
807 2712 846 2734 ac
878 2708 1014 2747 partem
1041 2704 1115 2735 eius
1141 2703 1334 2738 dulciorem
1359 2705 1538 2739 attrahens
1563 2711 1599 2739 et
1623 2706 1661 2739 in

226 2745 310 2775 aera
333 2741 486 2786 tollens,
524 2745 622 2790 quod
656 2748 894 2793 gravissimum
930 2755 984 2784 est
1006 2755 1115 2796 atque
1140 2751 1285 2795 salsius,
1309 2753 1448 2788 inferne
1477 2752 1659 2799 relinquit·
