1826 3120
612 131 896 173 ANNMAUM
938 130 1074 172 PARS
1105 133 1139 172 1.
1526 130 1598 185 29

155 233 282 287 αὖθις
326 236 672 291 ἐπιστρέφουσιν,
718 234 862 290 ἐπειδή
898 237 1037 276 πᾶσαν
1077 231 1304 276 ἀπολαύειν
1348 231 1450 288 ἡμῖν
1492 229 1599 287 αὕτη

152 305 394 359 χαρίζεται,
439 303 509 343 ἵνα
552 301 610 356 μή
649 300 695 344 τὸ
735 303 820 343 πᾶν
858 302 967 357 αὐτῇ
1007 302 1181 357 λογισθῇ
1220 300 1445 342 κάντεῦθεν
1471 301 1600 353 σέβας

155 371 265 428 αὐτῇ
289 370 530 425 προσαχθῇ,
559 367 736 421 δυνάμει
765 369 893 422 δῆθεν
909 369 1039 425 οἰκείᾳ
1067 366 1276 409 τοσούτων
1301 366 1474 420 ἀγαθῶν
1496 365 1598 420 ἡμῖν

154 437 264 494 αἰτίᾳ
292 436 562 492 γεγενημένῃ,
605 432 677 476 διά
703 436 824 476 τοῦτο
864 434 1012 489 πρῶτα
1039 436 1118 486 μὲν
1145 430 1414 475 ἐπικαλύπτει
1445 434 1601 486 ταύτην
1612 440 1712 475 Vua

117 503 212 560 5qu
242 499 368 544 ὕδατι
410 499 484 542 καί
525 496 811 542 ἀκατάσκευον
857 504 971 541 ποιεῖ’
975 533 987 552 ,
1023 497 1131 552 μετὰ
1168 499 1376 541 δὲταῦτα
1406 497 1450 540 τὸ
1481 496 1599 554 ὕδωρ

154 571 215 617 εἰς
257 570 361 621 μίαν
387 562 627 621 ἐπισυνάγει
670 564 939 621 συναγωγήν,
979 564 1053 607 καί
1092 561 1226 615 οὕτως
1253 565 1436 621 ὀφθῆναι
1462 580 1600 619 παρα-

153 634 348 686 σκευάζει
375 629 522 687 αὐτήν.

260 698 391 743 Ἀλλὰ
418 698 493 741 καὶ
520 701 644 741 τοῦτο
672 699 847 754 ζητῆσαι
876 693 1018 752 ἄξιον,
1050 699 1135 739 ποῦ
1163 695 1355 753 συνήχθη
1381 698 1428 739 τὸ
1457 694 1641 753 ὕδωρ,Β

153 767 211 817 οὖς
239 767 434 810 ἐντεῦθεν
453 761 640 821 ὀφθῆναι
668 764 744 820 τήν
773 765 917 820 ξηράν,
949 763 1032 819 εἴγε
1060 762 1106 805 τό
1139 763 1362 818 πρόσωπον
1390 762 1504 805 ἅπαν
1529 765 1604 818 τῆς

94 849 142 874 ιο
153 836 252 890 γῆς,
271 831 340 882 Ἴοἶός
367 847 496 889 φησιν
525 829 551 886 ἦ
580 829 748 888 γραφή,
775 838 861 880 τοῖς
888 828 1043 873 ὕδασιν
1069 829 1330 872 ἐκαλύπτετο.
1381 831 1604 878 Ἰουστῖνος

153 898 175 943 ὃ
203 898 434 957 φιλόσοφος
464 897 537 939 καί
576 896 740 954 μάρτυς
770 899 964 953 Χριστοῦ
990 896 1010 939 ὃ
1037 898 1167 950 μέγας
1190 911 1234 938 τε
1266 893 1490 945 Βασίλειός
1517 913 1604 951 φα-

152 982 221 1010 σιν
245 962 308 1008 ὅτι
349 965 584 1020 κοιλότητες
622 965 806 1020 ἐγένοντο
842 965 1068 1020 τηνικαῦτα
1110 961 1217 1004 κατὰ
1257 965 1379 1004 θείαν
1419 965 1607 1004 κέλευσιν

156 1034 248 1087 (κατ’
273 1032 351 1075 τοῦ
378 1028 498 1086 λόγου
535 1032 752 1087 μάρτυρες
797 1027 1118 1086 ἇπαράτρεπτοι
1147 1029 1191 1070 αἱ
1215 1027 1320 1071 κατά
1354 1026 1508 1077 τόπους
1535 1027 1606 1069 εὖ·

153 1098 397 1154 ρισκόμεναι
426 1099 590 1153 νῆσοι),
626 1101 700 1139 καί
731 1093 865 1147 οὕτως
906 1091 1035 1139 αὗται
1075 1094 1121 1138 τὸ
1161 1093 1276 1152 ὕδωρ
1305 1092 1606 1149 ὗποχαλασθὲν

86 1166 361 1217 .ιὸὲδέξαντο.
429 1165 470 1206 εἰ
503 1163 561 1218 μή
603 1163 684 1219 γάρ
724 1163 919 1219 συνήχθη
959 1162 1005 1205 τὸ
1034 1160 1152 1217 ὕδωρ
1199 1164 1244 1205 ἐν
1270 1169 1362 1211 ταῖς
1389 1160 1606 1211 τοιαύταις

154 1230 412 1286 κοιλότησιν,
442 1231 518 1272 ου’κ
548 1226 599 1273 ἂν
623 1231 978 1287 ἀποκαλυφθῆναι
1023 1227 1213 1285 ἔφθασεν
1241 1229 1267 1284 ἦ
1297 1228 1416 1283 ξηρά.
1473 1227 1607 1282 ἄλλα,

154 1299 401 1353 κηδεμονίας
425 1298 555 1348 θεοῦ,
600 1297 674 1338 καί
708 1294 861 1350 νήσους
898 1294 980 1350 γάρ
1026 1301 1120 1344 ταῖς
1150 1293 1357 1349 κοιλότησι
1389 1300 1607 1349 προσεῖναι

155 1361 453 1419 παρεσκεύασε.
510 1361 619 1411 τίνος
645 1363 781 1404 ἕνεκεν
797 1379 810 1414 ,·
841 1357 949 1403 ὥστε
976 1361 1073 1410 τους
1101 1361 1448 1413 ναυτιλλομένους
1475 1361 1647 1407 ἐκεῖσερ

155 1426 511 1482 διαναπαύεσθαι,
539 1427 664 1483 ἡνίκα
685 1428 758 1470 καί
770 1429 928 1481 μᾶλλον
945 1425 1203 1483 ὁδοιπορίαις
1220 1432 1406 1481 μακραῖς
1432 1423 1611 1475 ἑαυτούς

91 1513 145 1540 20
157 1495 386 1539 ἐκδιδόασι.

266 1561 347 1616 Μή
377 1560 572 1613 θαύμαζε
595 1562 641 1602 δὲ
669 1557 752 1615 εἴγε
779 1561 968 1614 ποτίμων
989 1555 1115 1602 ὄντων
1141 1560 1226 1601 τῶν
1254 1559 1315 1608 εἷς
1342 1556 1417 1613 τήν
1444 1555 1607 1600 θάλασ-

156 1644 236 1672 σαν
260 1626 504 1683 εἰσρεόντων
546 1626 716 1670 ὑδάτων
762 1625 932 1682 ἁλμυρὰ
969 1623 1074 1682 μόνη
1109 1623 1216 1681 αὕτη
1240 1627 1312 1668 καὶ
1340 1620 1494 1674 ἄποτος
1523 1627 1607 1667 δεί-

258 1766 284 1788 1.
309 1765 356 1788 an
379 1752 617 1789 οἷπόλαυσινὶ>

159 1879 332 1920 redeunt,
358 1883 396 1912 et
420 1877 564 1924 quando
588 1888 628 1910 ea
654 1877 811 1923 quemvis
837 1878 990 1911 fructum
1015 1876 1118 1910 nohis
1143 1877 1307 1921 largitur,
1332 1888 1378 1911 ne
1403 1876 1459 1910 illi
1487 1878 1605 1912 omnia

158 1927 421 1968 tribuerentur,
445 1937 559 1972 eaque
580 1925 624 1958 de
650 1936 754 1957 causa
778 1925 893 1958 cultus
921 1924 1066 1969 quidam
1091 1924 1275 1958 accederet
1301 1931 1470 1970 tanquam
1492 1926 1525 1957 vi
1552 1926 1604 1958 fa-

160 1975 365 2019 cultateque
393 1985 455 2006 sua
481 1979 536 2007 tot
568 1972 662 2006 bona
689 1972 792 2005 nobis
817 1972 1034 2016 proferenti,
1072 1972 1198 2005 iccirco
1223 1971 1309 2005 deus
1335 1973 1434 2005 illam
1453 1973 1605 2018 primum

158 2033 253 2068 aqua
278 2022 368 2065 tegit
390 2027 428 2054 et
450 2022 648 2054 inornatam
675 2019 870 2064 rudemque
888 2018 1030 2062 con‹lit;
1059 2018 1190 2052 deinde
1217 2031 1344 2065 aquam
1358 2020 1397 2052 in
1419 2020 1605 2053 collectio·

159 2080 241 2104 nem
264 2080 370 2101 unam
393 2069 488 2113 cogit
503 2095 513 2110 ‚
538 2074 645 2113 atque
670 2067 738 2100 hoc
762 2066 906 2100 tandem
929 2065 1035 2100 modo
1060 2072 1188 2100 terram
1217 2067 1371 2103 instruit.

254 2115 329 2149 Hoc
354 2116 462 2149 etiarn
492 2127 512 2148 a
544 2115 647 2148 nobis
672 2114 803 2159 inquiri
843 2114 996 2159 pretium
1025 2125 1154 2159 operae
1184 2114 1314 2154 fuerit,
1340 2113 1486 2147 ubinam
1511 2126 1604 2160 aqua

161 2163 314 2197 collecta
339 2163 465 2204 suerit,
492 2168 534 2196 ut
553 2164 682 2196 siccum
711 2162 878 2206 deinceps
913 2163 1193 2206 conspiceretur,
1221 2163 1250 2195 si
1270 2161 1414 2207 quidem
1442 2163 1604 2196 universa

159 2217 274 2245 terrae
309 2210 534 2256 superficies,
571 2208 868 2256 quemadmodum
901 2220 1016 2242 sacrae
1057 2209 1198 2242 litterae
1235 2208 1403 2250 tradunt,
1434 2209 1478 2242 ab
1503 2211 1605 2255 aquis

161 2257 414 2293 occultabatur.
441 2258 486 2292 de
511 2257 579 2291 hoc
606 2257 762 2291 Iustinus
788 2257 851 2288 ille
880 2255 1114 2302 philosophus
1147 2268 1188 2290 ac
1221 2258 1321 2290 testis
1345 2255 1499 2298 Christi,
1530 2269 1605 2289 ma-

161 2317 321 2352 gnusque
356 2306 505 2339 Basilius
540 2304 665 2338 dicunt
696 2303 862 2337 mandato
897 2303 1016 2337 divino
1052 2310 1129 2354 tum
1163 2305 1398 2337 concavitates
1435 2304 1605 2350 quasdam

162 2364 238 2387 esse
264 2353 383 2387 factas.
409 2354 508 2386 cuius
534 2354 584 2386 rei
610 2358 717 2386 testes
744 2352 815 2384 sint
837 2351 994 2393 insulae,
1020 2352 1129 2384 nullis
1156 2352 1260 2385 certis
1285 2351 1482 2396 descriptae
1506 2352 1605 2393 locis,

163 2411 255 2446 quae
293 2401 421 2446 passim
444 2401 681 2445 reperiuntur.
711 2410 772 2432 eae
800 2399 1034 2432 concavitates
1067 2399 1167 2444 intra·
1196 2411 1232 2432 se
1262 2399 1446 2432 demissam
1479 2410 1607 2444 aquam

163 2454 383 2493 receperunt.
410 2447 508 2494 quod
531 2448 599 2481 nisi
623 2448 754 2480 sactum
782 2446 925 2487 suisset,
956 2457 1028 2479 non
1065 2446 1212 2480 dixisset
1244 2446 1361 2480 Moses
1400 2446 1608 2491 adapertum

164 2496 293 2529 siccum
319 2497 531 2541 apparuisse.
562 2495 760 2541 quinetiam
786 2494 822 2540 (o
843 2493 1015 2538 insignem
1037 2493 1097 2527 dei
1120 2506 1238 2527 curam
1264 2493 1308 2527 de
1333 2493 1435 2526 nobis
1460 2505 1500 2526 ac
1524 2505 1609 2539 pro-

162 2542 371 2589 videntiam)
395 2542 598 2576 huiusmodi
624 2540 900 2575 concavitatibus
924 2541 1056 2574 insulas
1080 2541 1255 2577 adiunxit.
1280 2553 1341 2574 cur
1364 2540 1423 2582 id,
1450 2541 1608 2586 quaeso?

165 2596 206 2623 ut
228 2591 498 2635 tempestatibus
522 2590 642 2634 iactati
667 2589 826 2623 homines
849 2588 927 2622 istic
962 2589 1243 2635 requiescerent,
1267 2588 1409 2634 quoties
1436 2589 1609 2634 longiori-

165 2636 231 2670 bus
258 2637 446 2671 itineribus
470 2649 546 2671 sese
575 2636 761 2670 dederunt.

259 2685 334 2718 Nec
367 2691 421 2718 est
454 2684 552 2731 quod
574 2685 710 2718 mireris
749 2693 856 2728 aquas
887 2681 1101 2728 quidemsin
1132 2693 1226 2716 mare
1250 2681 1400 2716 fluentes
1424 2681 1547 2715 dulces
1569 2692 1610 2715 ac

168 2730 343 2777 potabiles
368 2743 443 2767 esse
458 2758 467 2774 ,
492 2733 607 2779 ipsum
632 2738 749 2766 autem
774 2740 869 2764 mare
894 2734 1034 2764 tantum
1055 2741 1209 2764 amarum
1232 2741 1300 2764 nec
1323 2730 1389 2764 ulli
1416 2728 1461 2762 ad
1483 2734 1608 2775 potum
