1826 3120
250 174 277 206 2
296 172 309 204 ι
329 171 356 204 2
698 161 982 214 MicuAEms
1022 159 1239 201 GLYCAE

319 294 329 308 «
354 264 553 320 Πρόσεχε
585 261 737 303 λοιπόν.
795 256 892 302 ὅταν
914 258 1091 315 μὲνγὰρ
1118 257 1163 301 τὸ
1185 259 1409 311 λογιστικὸν
1434 255 1563 316 ἄρχῃ,
1595 274 1687 300 πει-

243 334 422 387 θόμενον
450 332 527 382 μὲν
555 326 686 384 ἑαυτῷ
709 325 754 369 τὸ
784 327 1008 378 θυμοειδὲς
1037 324 1154 379 ἔχον,
1182 319 1356 372 ἀσθενὲς
1385 325 1431 366 δὲ
1457 325 1530 367 καί
1541 340 1686 366 ταπει-

118 405 151 438 Ρ.
167 417 175 438 ι
191 417 226 439 12
242 400 308 442 νὸν
336 397 382 439 τὸ
414 391 725 447 ἐπιθυμητικόν,
751 387 845 434 οὔτε
875 388 1105 440 ἀκόλαστος
1130 389 1151 432 ὃ
1182 391 1366 438 τοιοῦτος
1384 391 1474 442 βίος
1500 384 1596 432 οὔτε
1624 385 1684 432 οἷ-

128 469 166 502 V.
181 472 222 515 85
240 483 283 507 ον
311 465 348 504 οἱ
381 460 528 517 λῃσταί
566 460 710 512 βιοῦσι
750 461 821 500 καί
866 459 1092 512 τύραννοι,
1121 452 1227 498 ἀλλὰ
1260 453 1410 508 σεμνὸς
1443 452 1577 512 πάντῃ
1611 456 1687 498 καί

240 531 406 575 δίκαιος.
464 526 536 566 καί
563 522 714 565 τούτου
742 522 871 579 χάριν
903 520 1185 579 οἶμφιβάλλειν
1211 520 1263 562 ου’
1289 521 1386 576 χρή.
1448 522 1488 563 εἰ
1513 518 1572 576 μὴ
1599 519 1719 577 γὰρό

236 598 359 637 τοῦτο
388 588 451 647 ἦν,
484 593 524 633 εἰ
547 589 605 645 μὴ
637 591 680 640 ἐξ
708 591 839 645 αὐτῆς
856 589 928 644 τῆς
961 586 1152 642 σώματος
1175 588 1435 642 κατασκευῆς
1461 581 1581 636 οὗτος
1605 589 1684 641 μὲν

235 658 317 702 ὑπὸ
348 659 498 700 παθῶν
526 653 675 711 ἥτῑηιο
693 689 705 710 ‚
741 657 893 704 ἐκεῖνος
932 656 979 697 δὲ
1007 655 1134 696 πάλιν
1161 652 1363 709 ἐγκρατὴς
1393 653 1536 695 αὐτῶν
1565 667 1683 695 κατε·

237 727 408 782 φαίνετο
427 757 438 777 ,
479 725 553 764 οὐκ
581 718 632 764 ἂν
673 722 694 764 ὁ
738 725 869 776 με’γας
895 724 1120 771 Βασίλειος
1151 718 1225 762 τὸν
1264 720 1481 775 προφήτην
1503 718 1687 762 Ἡσαΐαν

235 790 507 846 ἐξηγούμενος
551 790 690 843 εἰσῆγὲ
727 804 846 837 τινας
874 790 919 830 ἐκ
950 786 1118 844 φύσεως
1160 784 1332 840 ἔχοντάς
1360 801 1451 827 τινα
1481 782 1683 841 προτερή-

233 875 348 911 ματα
380 858 454 898 uae
478 854 584 897 κατά
612 871 657 909 γε
687 854 759 910 τὴν
789 854 1007 910 σύγκρισιν
1036 854 1109 907 τῆς
1137 850 1291 907 σαρκὸς
1326 852 1491 893 πολλῶν
1532 852 1684 908 διαφέ-
1701 870 1747 897 ¹0

1018 915 1038 931 Ἃ
1074 914 1093 929 'l
1283 914 1296 929 ²

234 940 382 979 ρον-τας
411 923 467 971 εἰς
498 921 707 976 ἀνάληψιν
739 921 970 975 ἐπιστήμης
1009 938 1034 974 η
1065 934 1240 974 ασκησιν
1269 919 1435 973 αρετῆς.
1490 918 1686 960 ἐντεῦθεν

234 984 308 1030 οὖν
340 987 414 1030 καί
441 986 639 1044 σώφρονα
681 986 765 1029 ἴδοι
808 1003 872 1035 τις
914 982 966 1028 ἂν
998 985 1071 1027 καί
1107 985 1363 1037 α’κόλαστον,
1405 982 1587 1038 θυμώδη
1612 982 1688 1025 καὶ

194 1056 398 1110 ῃπρᾶον,
432 1055 642 1109 ἐχέφρονα
679 1056 753 1094 καί
787 1051 846 1107 μὴ
877 1053 1087 1104 τοιοῦτον,
1138 1047 1276 1105 ὥσπερ
1314 1048 1365 1104 δὴ
1395 1051 1580 1100 καὶτοῖς
1607 1047 1683 1102 ἐζα-

231 1124 416 1176 προσθεν
438 1119 616 1174 εἴρηται.
646 1121 777 1160 ταῦτα
807 1120 884 1171 μὲν
913 1113 987 1158 οὖν
1017 1115 1180 1158 δύναιτ’
1210 1111 1262 1157 ἄν
1280 1132 1342 1164 τις
1370 1115 1440 1157 ἐπὶ
1465 1115 1512 1158 τὸ
1544 1121 1682 1170 κρεῖτ.

232 1204 300 1229 τον
332 1187 586 1241 μετᾳφὲρειν
613 1182 695 1226 αἠὸ
725 1186 801 1226 τοῦ
825 1185 1039 1238 χείρονος,
1083 1184 1157 1224 καί
1184 1183 1253 1224 ἐπὶ
1279 1182 1326 1223 τὸ
1351 1188 1495 1237 χεῖρον
1524 1177 1580 1224 αὖ
1605 1184 1746 1235 pce-15

229 1255 445 1307 τατρὲπειν
486 1249 569 1292 ἀπὸ
611 1253 686 1292 τοῦ
713 1251 955 1305 κρείττονος.
1024 1251 1094 1290 καί
1123 1250 1248 1303 δῆλον
1277 1250 1320 1299 ἐξ
1349 1243 1407 1290 ὧν
1436 1247 1457 1288 ὁ
1486 1245 1697 1302 θεολόγος’

230 1320 271 1360 Γ
268 1315 460 1372 ρηγόριος
501 1316 637 1370 ἔλεγεν
677 1314 884 1371 ,,οἷρκετὸν
922 1316 980 1373 τῷ
1009 1315 1172 1367 σώματι
1214 1311 1238 1368 ἧ
1276 1317 1402 1355 κακία
1440 1315 1586 1356 αὕτοῦ.
1640 1313 1703 1355 τί

231 1385 277 1425 δὲ
310 1386 379 1424 δεῖ
403 1385 456 1439 τῇ
489 1381 614 1437 φλογί
645 1383 831 1430 πλείονος
860 1377 975 1436 ὕλης,
1007 1382 1065 1437 τῷ
1093 1382 1228 1437 θηρίῳ
1257 1381 1563 1434 ὃαψιλεστέρας
1588 1394 1684 1435 τρο-

232 1453 342 1505 φῆςς
371 1448 439 1490 ἵνα
470 1446 749 1489 δυσκάθεκτον
778 1450 941 1502 γένηται
972 1446 1045 1488 καί
1071 1447 1149 1488 τοῦ
1181 1446 1382 1499 λογισμοῦ
1407 1445 1682 1500 βιαιότερον.”

230 1515 411 1569 πρόσεχε
442 1510 517 1554 οὖν
546 1511 625 1554 ὅσα
650 1511 872 1566 βιάζουσιν
901 1510 1082 1561 ἑαυτούς
1111 1510 1149 1553 οἱ
1177 1514 1368 1559 θέλοντες
1396 1513 1474 1563 μὲν
1509 1526 1680 1567 σωφρο-
1693 1527 1744 1554 20

231 1587 326 1631 νεῖν,
358 1579 523 1633 ἔχοντες
555 1580 599 1620 δὲ
620 1578 665 1620 τὸ
696 1576 999 1633 ἐπιθυμητικὸν
1018 1577 1220 1632 ἰσχυρόν·
1280 1574 1304 1631 ἧ
1332 1577 1411 1629 μὲν
1438 1575 1518 1632 γάρ
1550 1575 1682 1633 φύσις

230 1645 278 1689 τὰ
308 1643 458 1700 ἑαυτῆς
486 1647 527 1696 ἐξ
556 1644 735 1700 α’νάγκης
756 1647 950 1701 ἐπιζητεῖ,
981 1643 1002 1684 ὅ
1036 1646 1081 1685 δὲ
1102 1641 1290 1698 ἁγνεύειν
1322 1641 1567 1700 αἱρούμενος
1593 1649 1681 1693 τοῖς

331 1749 380 1770 ιο.
407 1735 646 1782 σύγκρασινῖ

323 1818 440 1862 Atque
460 1816 527 1849 hoe
550 1817 630 1850 loco
656 1817 745 1862 quid
770 1818 833 1849 sim
851 1817 1010 1851 dicturus
1026 1816 1260 1850 considerato.
1287 1827 1365 1849 cum
1390 1815 1538 1849 rationis
1565 1814 1680 1848 facul-

230 1870 284 1898 tas
309 1863 499 1908 imperium
521 1864 674 1897 obtinet»
690 1865 797 1909 eique
821 1865 872 1897 vis
896 1864 1083 1897 irascibilis
1116 1869 1236 1909 paret,
1259 1868 1453 1908 appetente
1488 1862 1680 1895 debilitata

233 1911 491 1955 summisseque
529 1923 566 1943 se
607 1917 772 1955 gerente,
811 1917 887 1945 tum
912 1923 994 1944 vero
1034 1923 1101 1944 nec
1134 1911 1416 1954 intemperanter
1440 1908 1602 1941 homines
1625 1908 1680 1942 vi-

230 1964 339 1998 vunt,
364 1969 430 1990 nec
458 1958 678 2001 praedonum
714 1964 777 1991 aut
813 1964 1043 2001 tyrannorum
1067 1959 1105 1991 in
1128 1968 1278 1996 morem,
1305 1956 1369 1989 sed
1395 1955 1547 1989 honesta
1570 1955 1678 2000 plane

234 2006 401 2049 iustaque
436 2006 509 2037 vita
546 2004 697 2048 degitur.
723 2005 789 2038 hac
814 2005 858 2038 de
883 2017 918 2038 re
946 2005 1102 2038 dubitari
1137 2016 1210 2037 non
1236 2003 1355 2036 debet.
1382 2014 1463 2036 narn
1489 2003 1519 2036 si
1546 2013 1600 2035 res
1626 2002 1680 2035 ita

234 2057 437 2096 comparata
466 2063 538 2084 non
573 2051 688 2093 soret,
714 2058 750 2085 et
775 2053 804 2085 si
830 2053 986 2097 corporis
1019 2053 1057 2084 in
1082 2051 1204 2085 eadem
1231 2056 1408 2084 structura
1431 2060 1504 2082 non
1530 2048 1590 2082 hic
1613 2049 1679 2082 ad-

235 2099 454 2131 fectionibus
484 2098 577 2131 foret
601 2099 797 2140 obnoxius,
821 2100 884 2132 ille
916 2111 953 2132 se
981 2099 1200 2144 superiorem
1225 2098 1269 2130 iis
1295 2097 1515 2137 declararet,
1540 2107 1680 2141 nequa-

231 2156 340 2190 quam
364 2155 509 2188 magnus
534 2145 596 2177 ille
629 2147 780 2179 Basilius
805 2147 943 2179 Esaiam
972 2152 1089 2179 vatem
1113 2156 1278 2178 enarrans
1305 2143 1478 2188 quosdam
1503 2154 1523 2175 a
1551 2149 1682 2177 natura

233 2192 453 2238 praecellere
490 2191 625 2225 diceret
663 2193 765 2234 aliis,
791 2199 827 2227 et
850 2195 963 2238 ipsius
988 2194 1095 2226 etiam
1131 2192 1244 2225 earnis
1271 2191 1538 2236 comparatione
1558 2189 1681 2223 multis

232 2243 435 2284 praestare,
472 2239 545 2270 sive
575 2239 611 2271 in
636 2241 807 2273 scientiae
840 2241 991 2274 alicuius
1019 2240 1248 2286 perceptione
1274 2239 1348 2271 sive
1377 2238 1415 2271 in
1441 2238 1539 2270 cultu
1564 2237 1680 2270 virtu-

236 2286 294 2319 tis.
318 2284 402 2317 hinc
427 2284 547 2317 videre
586 2292 639 2319 est
674 2287 788 2320 varios
812 2287 1001 2328 homines,
1045 2291 1285 2331 temperantes
1315 2291 1352 2318 et
1375 2285 1680 2330 intemperantes,

235 2331 426 2365 iracundos
452 2337 488 2364 et
512 2332 614 2364 mites
633 2359 641 2372 ‚
669 2334 864 2378 prudentes
900 2341 935 2368 et
961 2333 1109 2368 stolidos
1127 2359 1136 2374 ‚
1171 2338 1211 2365 ut
1236 2343 1342 2376 supra
1368 2342 1514 2377 quoque
1538 2331 1681 2363 monui-

235 2390 325 2412 mus.
353 2384 462 2423 atque
497 2378 585 2411 haec
611 2379 655 2412 de
690 2381 904 2414 condicione
942 2381 1119 2414 deteriore
1147 2380 1183 2411 in
1207 2380 1336 2411 melius
1362 2378 1572 2411 commutari
1595 2388 1680 2422 pos-

238 2431 341 2466 sunt,
364 2437 405 2458 ac
430 2425 582 2457 vicissim
609 2438 627 2458 a
654 2427 750 2460 bono
777 2429 815 2460 in
840 2429 942 2472 peius
970 2429 1056 2461 licet
1084 2426 1285 2467 deflectere,
1310 2424 1611 2470 quemadmodum
1637 2434 1681 2456 ex

238 2473 336 2505 hisee
365 2471 527 2515 Gregorii
561 2472 720 2517 theologi
759 2475 876 2508 verbis
913 2474 1101 2520 perspicue
1144 2473 1389 2517 intelligimus.
1416 2473 1499 2505 satis
1525 2477 1598 2510 est,
1623 2470 1682 2502 in-

237 2519 339 2564 quit,
369 2519 510 2563 corpori
538 2530 601 2551 sua
624 2520 809 2554 vitiositas.
833 2534 895 2555 cur
922 2522 1079 2554 flammae
1107 2521 1272 2553 materies
1297 2519 1450 2564 amplior
1473 2516 1681 2562 suppedite-

238 2566 325 2599 tur?
355 2577 416 2598 cur
444 2565 528 2598 huic
553 2566 697 2598 belluae
726 2570 981 2602 nutrimentum
1006 2567 1160 2612 largius?
1199 2573 1240 2600 ut
1268 2565 1506 2599 intractabilis
1541 2563 1680 2596 scilicet

239 2613 303 2646 fiat
326 2623 365 2644 ac
389 2614 561 2646 rationem
586 2612 758 2646 violentia
782 2627 844 2648 sua
864 2620 1018 2660 superet.
1043 2615 1197 2647 animum
1223 2614 1332 2658 igitur
1347 2612 1534 2646 advertito.
1564 2621 1678 2656 quan-

238 2665 312 2692 tam
338 2659 407 2691 sibi
442 2660 511 2692 vim
539 2659 704 2692 adferant
727 2661 889 2695 homines
917 2663 941 2695 ii
967 2663 1029 2707 qui
1055 2661 1147 2705 frugi
1174 2660 1319 2706 quidem
1346 2669 1421 2693 esse
1447 2658 1598 2703 cupiunt
1623 2657 1678 2689 vi-

238 2712 384 2750 tamque
409 2707 602 2749 angelicam
641 2707 792 2748 imitari,
822 2721 942 2741 verum
976 2709 1180 2742 facultatem
1208 2711 1437 2752 appetentem
1463 2705 1501 2738 in
1525 2715 1562 2737 se
1587 2702 1679 2736 vali-
1707 2713 1708 2716 ’

241 2753 320 2785 dam
346 2753 504 2786 sentiunt
533 2754 678 2798 (etenim
698 2761 823 2788 natura
850 2757 1001 2801 requirit
1027 2767 1067 2789 ea
1091 2765 1183 2801 quae
1209 2765 1270 2788 sua
1299 2758 1397 2795 sunt;
1424 2752 1524 2785 cuius
1549 2750 1677 2786 volun-
