1826 3120
562 143 847 186 ANNALIUM
894 143 1030 186 PARS
1067 146 1105 184 ι..
1493 138 1559 198 ¹9

100 246 327 302 τιμιώτερον
355 246 412 288 ’ἐκ
440 248 511 301 τῆς
541 245 752 301 θαλάττης
795 242 992 300 ἀνάγεται
1021 246 1072 303 τῇ
1099 246 1176 287 τοῦ
1196 245 1317 300 ἡλίου
1348 242 1560 301 θερμότη-

99 330 170 369 τι,
199 311 340 362 οὐδεὶς
379 308 431 354 ἂν
472 313 738 368 ἀπιστήσειεν
775 311 872 361 τοὺς
923 309 1258 366 ὖποκαιομὲνους
1287 313 1464 366 λέβητας
1494 311 1562 353 ἐν·

99 378 276 436 νοήσας,
315 379 358 422 οἳ
383 378 554 435 πλήρεις
595 374 710 428 ὄντες
748 379 884 432 ὑγροῦ
910 376 1110 431 πολλάκις
1139 377 1252 420 κενοὶ
1278 377 1561 435 κατελείφθη..

98 463 199 500 σαν,
240 448 300 495 εἰς
329 442 463 499 οἷτμὸν
504 445 668 494 πάντως
705 445 778 488 τοῦ
817 442 1032 498 ἐψομένου
1075 446 1384 502 διακριθέντος.
1450 443 1561 487 οἶλλιὶ

63 515 172 557 ὄκαί
199 512 302 554 αὐτὸ
332 510 378 554 τὸ
408 512 480 567 τῆς
506 509 720 565 θαλάττης
750 507 870 565 ὕδωρ
892 508 978 552 ἴδοι
1004 526 1068 560 τις
1097 507 1150 552 ἂν
1173 510 1256 552 ὑπὸ
1282 513 1367 554 τῶν
1393 515 1564 553 ναυτιλ-

99 580 286 632 λομένων
313 574 523 632 ἑψόμενον
548 578 780 620 κάντεῦθεν
809 575 882 632 τήν
896 578 1047 632 χρείαν
1065 579 1250 632 μετρίως
1278 575 1563 634 παραμυθού-

99 659 225 698 μενον
241 661 251 671 ·
307 643 537 698 τηνικαῦτα
565 641 646 698 γὰρ
675 642 871 698 σπόγγοις
898 641 1206 696 ὑποδεχόμενοι
1228 641 1327 692 τούς
1353 644 1564 698 ἀναγομέ-

99 725 199 759 νους
227 711 389 752 ἐκεῖθεν
418 708 576 762 α’τμοὺς
617 707 726 762 ἴαμα
759 710 889 763 δίψης
915 709 961 751 έν
989 714 1084 758 ταῖς
1113 709 1315 764 ἀνάγκαις
1344 707 1564 764 εὑρίσκου-

99 791 158 822 σι.
213 777 352 826 καλῶς
391 769 465 818 οὖν
504 775 527 816 ὃ
557 775 777 832 προφήτης
819 773 960 830 ἔλεγεν
994 774 1046 828 ,,ὄ
1076 775 1243 830 οἷνοίγων
1269 774 1319 819 τὸ,
1344 774 1462 832 ὕδωρ
1490 776 1607 830 τῆςΡ.
1626 796 1665 818 ιο

39 861 87 890 10
99 843 319 898 θαλάσσης
355 840 428 884 καί
467 843 625 896 ἐκχέων
673 842 775 883 αὐτὸ
802 843 874 884 ἐπὶ
900 842 1126 898 πρόσωπον
1154 844 1228 898 τῆς
1254 844 1372 898 γῆς·”
1428 840 1450 884 ὃ
1478 841 1558 897 γάρ
1573 849 1649 883 V.8

99 906 182 964 α’ἡρ
224 913 320 958 ταῖς
345 908 535 950 κάτωθεν
578 905 894 961 ἀναθυμιάσεσι
933 908 1327 962 καταπυκνούμενος
1355 909 1562 963 σταγόνας

98 970 253 1030 οἷφιήσι
295 976 368 1017 καί
406 977 671 1017 καταπιαίνει
715 975 791 1030 τὴν
831 977 924 1030 γῆν.
994 972 1097 1017 κατοὶ
1128 977 1256 1018 τοῦτο
1283 975 1359 1019 καί
1393 975 1417 1017 ὅ
1445 975 1563 1031 ἥλιος

97 1040 219 1097 ἡνίκα
246 1040 298 1083 τὰ
329 1039 447 1083 νότια
475 1043 693 1096 παρεάσας
721 1041 794 1084 ἐπὶ
829 1040 882 1084 τὰ
910 1039 1060 1098 βόρεια
1098 1044 1209 1098 μέρη
1239 1045 1386 1099 τρέχει
1413 1042 1485 1084 καὶ
1513 1041 1559 1084 τὸ

98 1109 223 1163 θέρος
243 1105 486 1162 ἐργάζεται,
523 1108 739 1151 α’ναλίσκει
767 1107 818 1150 τά
853 1104 993 1150 ὕδατα
1020 1108 1095 1151 καὶ
1119 1107 1173 1151 τοὶ
1200 1108 1389 1165 ἡμέτερα
1418 1111 1562 1164 ξηραί-

40 1178 160 1220 ι5νει
199 1173 392 1227 σώματα.
472 1175 545 1216 καί
570 1176 718 1227 μέντοι
767 1175 841 1217 καί
887 1173 983 1225 τούς
1028 1173 1247 1229 ποταμοὺς
1285 1178 1563 1231 μικροτέρους

100 1237 210 1281 ἔστιν
241 1241 359 1282 ἰδεῖν.
416 1238 551 1297 τούτῳ
577 1243 718 1293 μέντοι
746 1243 803 1299 τῷ
841 1241 948 1300 λόγῳ
975 1240 1049 1284 καί
1074 1239 1145 1284 τὸν
1176 1245 1333 1285 Νεῖλον
1362 1242 1490 1284 αὐτὸν
1510 1242 1562 1283 οὖ

99 1303 204 1348 κατὰ
251 1304 325 1348 τὸν
368 1302 499 1349 mirina
525 1313 613 1357 τοῖς
643 1302 787 1358 ἄλλοις
825 1307 937 1364 φασί
961 1312 1231 1365 πλημμυρεῖν
1259 1309 1426 1365 καιρόν,
1455 1307 1561 1350 ἄλλα

99 1374 331 1425 μεσοῦντος
371 1374 448 1415 τοῦ
476 1374 632 1429 θέρους
674 1373 913 1426 ἐπικλύζειν
944 1373 1020 1430 τὴν
1050 1373 1295 1430 Αἴγυπτον,
1331 1373 1388 1425 ὥς
1413 1378 1490 1418 τοῦ
1517 1391 1564 1430 γε

98 1436 221 1492 ἡλίου
250 1437 325 1493 τήν
352 1440 622 1495 βορειοτέραν
649 1442 876 1495 τηνικαῦτα
917 1442 1162 1491 ὃιαθέοντος
1192 1439 1350 1497 ζώνην,
1379 1441 1454 1483 καί
1476 1447 1600 1490 τοΐςΒ

34 1526 87 1553 20
101 1499 241 1554 ἄλλοις
276 1506 355 1558 μὲν
381 1510 588 1559 ποταμοῖς
634 1508 934 1561 ἐνοχλοῦντος,
981 1508 1128 1550 τούτου
1157 1509 1204 1549 δὲ
1233 1512 1426 1550 πλεῖστον
1457 1509 1563 1550 α’πέ-

98 1585 257 1624 χοντος.
323 1569 351 1626 ἦ
378 1572 522 1624 μέντοι
569 1574 652 1614 τῶν
681 1572 824 1626 οἷτμαῖν
853 1574 984 1630 φύσις
1011 1575 1134 1616 ου’δὲν
1162 1568 1264 1615 ἄλλο
1292 1576 1406 1616 ἐστίν
1439 1570 1466 1628 ἢ
1494 1578 1572 1633 λε-Δ

101 1639 386 1690 λεπτυσμένον
415 1635 549 1694 ὕδωρ.
624 1639 894 1694 ἀναγομένων
921 1636 1019 1694 οὖν,
1048 1640 1105 1691 ὥς
1135 1638 1328 1698 εἴρηται,
1351 1640 1491 1683 αὐτῶν
1511 1643 1563 1698 τῇ

199 1753 210 1775 1
219 1742 250 1775 3.
274 1742 474 1788 παρεώσας
493 1743 532 1775 F.

102 1848 221 1882 ficiem
248 1849 435 1884 effundit.”
465 1851 535 1883 iam
554 1855 695 1896 partem
720 1852 821 1886 illam
851 1853 958 1886 maris
985 1853 1212 1886 subtiliorem
1236 1854 1421 1900 magisque
1443 1854 1560 1889 veluti

99 1896 303 1942 potabilem
342 1909 408 1943 per
433 1899 590 1931 calorem
622 1899 709 1932 solis
744 1900 831 1932 ferri
867 1911 1007 1933 sursum
1030 1900 1251 1934 incredibile
1278 1903 1417 1935 nemini
1441 1901 1561 1936 videri

101 1943 234 1986 debet,
258 1945 321 1989 qui
346 1945 528 1979 lebetibus
565 1947 683 1991 ignem
709 1947 841 1980 subiici
864 1947 1006 1981 viderit.
1033 1948 1168 1981 etenim
1192 1948 1248 1980 illi
1264 1949 1364 1994 prius
1386 1960 1480 1994 aqua
1502 1960 1561 1983 re-

99 1991 192 2038 pleti
219 1990 388 2037 deinceps
414 1992 566 2026 humore
593 1994 734 2040 dilapso
760 2005 867 2040 saepe
899 1995 1003 2028 vacui
1034 1995 1312 2041 relinquuntur,
1336 2007 1430 2042 aqua
1456 2003 1561 2030 cocta

99 2049 245 2084 prorsus
281 2039 486 2077 exhalante.
520 2042 683 2075 videmus
718 2047 756 2075 et
791 2043 905 2087 ipsam
932 2053 1064 2087 aquam
1099 2044 1274 2076 marinam
1311 2043 1356 2076 ab
1380 2044 1424 2076 iis
1451 2045 1561 2090 coqui

101 2086 165 2131 qui
190 2088 468 2132 tempestatibus
498 2089 698 2132 iactantur;
735 2089 895 2135 indeque
927 2090 1006 2123 fieri
1044 2095 1086 2124 ut
1113 2101 1238 2123 eorum
1265 2091 1349 2123 usui
1373 2091 1483 2136 paulo
1511 2092 1560 2125 sit

101 2134 427 2169 accommodatior:
458 2148 542 2169 nam
570 2138 728 2182 spongiis
759 2148 923 2183 vapores*
943 2137 1162 2171 ebullientes
1188 2137 1395 2183 excipiunt,
1422 2138 1558 2183 quibus

98 2181 137 2213 in
159 2192 276 2227 aquae
301 2183 476 2228 potabilis
498 2186 652 2230 penuria
680 2185 774 2218 sitim
799 2185 1035 2229 restinguunt.
1054 2191 1276 2232 quapropter
1299 2191 1396 2219 recte
1421 2185 1559 2219 dictum

100 2233 157 2261 est
181 2240 201 2261 a
223 2235 304 2263 vate
329 2237 452 2264 nostro
481 2233 569 2278 „qui
598 2244 726 2278 aquam
749 2233 922 2264 marinam
947 2243 1086 2266 sursum
1109 2233 1215 2266 tollit.
1233 2238 1271 2266 et
1282 2243 1360 2266 eam
1384 2233 1558 2266 interrae

100 2276 326 2320 superficiem
350 2278 537 2313 effundit.''
563 2280 697 2313 etenim
736 2291 800 2325 per
826 2279 1072 2314 exhalationes
1098 2286 1196 2314 ortas
1222 2280 1267 2313 de
1290 2280 1378 2314 locis
1404 2280 1559 2314 inferio-

101 2322 201 2356 ribus
229 2324 398 2359 densatus
433 2331 495 2361 aer
518 2333 636 2371 guttas
668 2327 840 2373 quasdam
880 2327 1060 2370 demittit,
1083 2328 1203 2374 iisque
1227 2334 1359 2361 terram
1382 2327 1558 2362 fecundat

101 2380 142 2402 ac
167 2371 400 2416 pinguefacit.
442 2374 571 2407 itidem
596 2381 633 2408 et
656 2375 730 2416 sol,
770 2377 848 2407 ‘cum
874 2374 1035 2419 partibus
1061 2375 1282 2408 australibus
1307 2374 1484 2408 absolutis
1509 2375 1557 2408 ad

100 2417 264 2452 boreales
295 2431 332 2453 se
367 2421 507 2455 confert
531 2433 572 2455 ac
604 2429 776 2456 aestatem
809 2422 939 2464 efficit,
974 2434 1049 2456 non
1074 2422 1191 2456 solum
1230 2434 1342 2468 aquas
1368 2421 1491 2455 haurit
1519 2428 1556 2456 et

101 2465 259 2499 aridiora
288 2479 437 2513 corpora
460 2475 583 2503 nostra
602 2470 740 2512 reddit,
775 2469 839 2503 sed
863 2481 1124 2516 nonnunquam
1148 2470 1276 2504 fluvios
1302 2470 1411 2504 etiam
1437 2470 1556 2502 mino-

102 2522 157 2544 res
200 2514 363 2549 exsiccat.
401 2515 525 2549 eadem
561 2518 699 2551 ratione
726 2519 767 2551 fit
804 2516 904 2563 quod
928 2517 1050 2550 Nilum
1086 2517 1270 2551 exundare
1306 2517 1457 2551 tradunt
1479 2528 1555 2550 non

102 2567 274 2594 consueto
306 2563 516 2597 fluminibus
549 2567 700 2598 caeteris
736 2571 916 2609 tempore,
953 2564 1017 2598 sed
1046 2570 1183 2599 aestate
1210 2565 1330 2598 media
1353 2565 1555 2610 Aegyptum

102 2609 298 2651 cooperire,
326 2621 398 2655 quo
425 2617 588 2657 tempore
613 2614 668 2646 sol
693 2612 860 2646 coelestis
886 2612 1020 2656 cinguli
1034 2618 1172 2658 partem
1198 2612 1445 2658 aquilonalem
1469 2622 1555 2657 per-

100 2659 217 2694 meat,
245 2661 282 2688 et
305 2659 453 2691 caeteris
478 2659 627 2704 quidem
654 2660 771 2694 fluviis
796 2659 914 2693 calore
939 2670 1002 2692 suo
1026 2660 1200 2694 molestus
1220 2666 1291 2700 est,
1321 2659 1366 2692 ab
1394 2658 1464 2692 hoc
1489 2670 1555 2691 au-

101 2707 174 2739 tem
200 2701 407 2748 longissime
435 2705 548 2740 abest.
573 2708 652 2753 ipsa
679 2718 852 2753 vaporum
877 2712 1006 2740 natura
1031 2706 1127 2741 nihil
1154 2712 1210 2741 est
1235 2707 1337 2740 aliud
1362 2717 1469 2752 quam
1497 2711 1555 2739 at·

103 2753 252 2782 tenuata
285 2752 424 2787 scilicet
448 2764 552 2799 aqua.
593 2755 633 2788 hi
659 2764 742 2799 ergo
768 2766 848 2789 cum
873 2755 1088 2789 attractione
1112 2755 1199 2789 solis
1217 2780 1228 2797 ,
1250 2760 1293 2789 ut
1317 2753 1453 2788 dictum
1480 2759 1550 2799 est,
