1826 3120
618 137 901 179 ANNALmM
938 124 1075 178 PARS
1119 136 1191 178 iv.
1505 112 1614 170 503

157 254 237 295 χον
269 240 316 282 δὲ
344 238 669 294 προεξάρχοντες
690 241 761 295 τῆς
789 239 971 281 συνόδου
1002 237 1156 292 ταύτης
1191 233 1396 289 Τιμόθεος
1421 229 1618 285 Ἀλεξαν-

162 305 308 362 δρείας
325 338 336 357 ,
372 307 582 355 Μελέτιος
610 302 879 360 Ἀντιοχείας,
906 302 1124 358 Κύριλλος
1150 301 1475 359 Ἰεροσολύμων,
1503 302 1546 343 Γ
1542 317 1619 356 ρη·

159 373 300 429 γόριος
327 373 351 414 o‘
382 370 577 426 θεολόγος
608 369 1096 418 Κωνσταντινουπόλεως
1129 368 1202 412 καί
1243 367 1448 423 Δάμασος
1475 364 1659 415 πὰπαςΒ

154 439 346 495 Ῥώμης,
383 438 533 487 οἵτινες
581 437 892 492 ἀνεθεμάτισαν
942 433 1212 479 ΙΠακεδόνιον
1255 434 1302 477 τὸ
1356 438 1522 487 πνεῦμα
1570 431 1619 475 τὸ

123 503 283 562 ὄιῗγιον
313 506 675 562 βλασφημοῦντα,
720 504 794 547 καί
818 503 900 547 συν
949 503 1065 559 αὐτῷ
1099 503 1324 557 Σαβέλλιον
1356 500 1431 545 καί
1451 501 1624 544 Ἀπολι-

161 573 309 630 νοίριον
335 571 408 615 τὸν
436 574 513 627 τῆς
537 573 800 621 Λαοδικείας
828 567 1050 625 πρόεδρον.

271 641 334 683 Ἐν
364 641 411 683 δὲ
444 641 503 697 τῷ
535 636 583 694 ιγ’
630 636 711 681 ἔτει
743 639 819 694 τῆς
846 638 1065 692 βασιλείας
1106 636 1337 678 Θεοδοσίου
1366 636 1443 677 τοῦ
1460 634 1626 688 »μικροῦ

160 705 326 763 γέγονεν
355 705 382 761 ἦ
415 706 461 748 ἐν
480 705 641 763 Ἐφέσῳ
669 703 790 760 τρίτη
820 702 1008 752 σύνοδος.
1041 699 1237 757 ὑπῆρχον
1267 703 1315 746 δὲ
1346 700 1384 744 οἱ
1411 702 1486 755 τῆς
1505 698 1627 742 συνό-

162 776 240 816 δου
275 772 432 828 ταύτης
462 769 777 827 προκαθήμενοι
804 767 1021 825 Κύριλλος
1048 769 1395 823 Ἀλεξανδρείας,
1427 769 1628 809 Κελεστῐ-

102 858 151 886 ιο
163 856 233 891 νος
259 840 403 890 πάντας
425 836 619 893 Ῥώμης,
658 835 932 891 Ἰουβενάλιος
966 834 1282 891 Ἱεροσολύμων.
1340 834 1552 888 συνῆλθον
1581 834 1628 874 δὲ

161 906 272 950 κατὰ
304 903 540 960 Νεστοριόυ
571 901 904 959 ἅρχιεπισκόπου
937 899 1441 953 Κωνσταντινουπόλεως,
1467 897 1626 953 παρόν-

159 987 233 1022 τος
265 973 336 1014 καὶ
364 970 500 1014 αὐτοῦ
548 971 594 1013 ἐν
619 968 779 1026 Ἐφέσῳ
811 966 885 1010 καί
910 970 1101 1022 λέγοντος
1130 965 1188 1023 μή
1231 967 1431 1008 θεοτόκον
1458 967 1628 1020 α’ληθαῖς

159 1038 238 1094 τὴν
265 1038 392 1094 ἁγίαν
436 1038 650 1092 παρθένον
679 1037 864 1090 Μαρίαν
891 1034 963 1077 καί
990 1030 1098 1077 εἶναι
1136 1035 1211 1077 καί
1249 1035 1459 1087 λέγεσθαι.
1534 1032 1628 1074 τότε

160 1107 236 1148 καί
262 1103 303 1148 οἱ
336 1101 367 1156 ζ’
398 1105 549 1153 παῖδες
575 1099 813 1158 ἐνέστησαν
842 1101 880 1143 οἱ
910 1103 982 1144 ἐπὶ
1008 1102 1162 1145 Δεκίου
1196 1101 1481 1156 κοιμηθέντες.
1640 1109 1667 1143 C

100 1174 165 1218 15,
266 1170 360 1214 Ἐπὶ
388 1173 435 1214 δὲ
447 1171 709 1226 Μαρκιανοῦ
737 1171 945 1223 βασιλέως
975 1170 1139 1223 γέγονεν
1165 1168 1191 1223 ἧ
1218 1166 1400 1222 τετάρτη
1433 1168 1477 1208 ἐν
1506 1166 1626 1210 Χαλ-

160 1238 307 1295 κηδόνι
335 1235 536 1290 σύνοδος,
562 1235 647 1277 ὑπὸ
676 1237 848 1291 πατρῶν
875 1232 1101 1287 ἑξακοσίων
1120 1231 1371 1289 τριάκοντα,
1400 1227 1451 1288 ἧς
1478 1232 1628 1287 ἡγοῦν-

161 1321 211 1348 το
238 1304 366 1349 Λέων
416 1302 562 1352 πάντας
597 1300 786 1357 Ῥώμης,
836 1299 1076 1350 Ἀνατόλιος
1104 1297 1593 1347 Κωνσταντινουπὸλεως
1615 1329 1626 1351 ,

155 1370 435 1425 Ἰουβενάλιος
458 1368 776 1425 Ἱεροσολύμων.
850 1371 1061 1424 συνῆλθον
1092 1369 1139 1410 δὲ
1167 1365 1275 1409 κατὰ
1307 1359 1530 1420 Ευ’τυχοτῖς
1556 1364 1630 1406 καί

159 1436 425 1493 Διοσκόρου,
457 1434 663 1491 λεγόντων
693 1434 753 1491 μη
782 1432 890 1478 εἶναι
929 1433 1004 1490 τὴν
1032 1434 1170 1491 σάρκα
1202 1435 1282 1476 τοῦ
1309 1434 1458 1489 κυρίου
1488 1429 1620 1484 ὄμού-
1632 1446 1755 1484 V-mo

97 1520 253 1551 nomm·
281 1504 410 1560 ἡμῖν,
456 1499 550 1546 ἀλλ’
596 1504 642 1544 ἐκ
684 1500 763 1543 δύο
789 1503 868 1554 μὲν
908 1497 1080 1558 φύσεων
1107 1500 1185 1556 τήν
1212 1501 1363 1542 ἕνωσιν
1393 1499 1622 1554 γενέσθαι,

158 1570 275 1626 μίαν,
294 1572 341 1613 δὲ
370 1566 708 1624 ἀποτελεσθῆναι
733 1567 843 1622 μετὰ
882 1567 959 1623 τὴν
989 1570 1165 1620 ἕνωσιν,
1193 1564 1547 1620 μυθολογούντων
1578 1566 1625 1607 δὲ

165 1639 240 1683 καί
268 1635 478 1695 φαντασίᾳ
510 1638 697 1693 φορῆσαι
726 1634 805 1693 την
832 1633 970 1692 σάρκα
996 1633 1070 1677 τὸν
1094 1633 1253 1691 κύριον,
1283 1633 1356 1676 καί
1381 1634 1432 1690 τῇ
1456 1631 1628 1687 θεότητι

166 1861 235 1895 hae
259 1860 411 1894 ecclesia
433 1859 608 1904 spoliatus
636 1864 673 1892 et
697 1859 832 1892 eiectus
860 1863 922 1891 est.
950 1855 1209 1903 praesidebant
1233 1856 1446 1890 Timotheus
1470 1856 1628 1891 Alexan-

165 1909 311 1949 drinus,
341 1907 512 1941 Meletius
547 1905 820 1947 Antiochenus‚
846 1905 1000 1949 Cyrillus
1034 1904 1400 1948 Hierosolymitanus‚
1433 1903 1625 1949 Gregorius

165 1955 357 2000 theologus
397 1954 634 1999 Cpolitanus,
672 1960 708 1987 et
732 1955 910 1989 Romanus
941 1963 1036 1998 papa
1060 1952 1252 1994 Damasus3
1282 1952 1343 1997 qui
1371 1951 1626 1986 Macedonium

166 2003 339 2037 exsecrati
374 2007 481 2042 suut,
517 2001 701 2035 hominem
726 2000 894 2033 adversus
926 2001 1091 2045 spiritum
1116 2004 1276 2032 sanctum
1296 1999 1558 2033 contumeliose
1585 2011 1626 2033 ae

163 2052 276 2096 impie
302 2050 486 2091 locutum,
520 2050 682 2094 itemque
718 2048 926 2082 Sabellium
953 2052 990 2080 et
1013 2047 1265 2093 Apoliuarium
1303 2046 1503 2080 Laodiceae
1529 2048 1625 2081 anti-

165 2099 301 2133 etitem.

259 2145 352 2179 Hinc
375 2154 469 2178 anno
494 2143 633 2188 imperii
657 2142 856 2177 Theodosii
881 2142 1027 2175 minoris
1050 2141 1087 2174 ¹3
1112 2140 1306 2175 concilium
1332 2142 1476 2175 tertium
1490 2142 1626 2188 Ephesi

164 2193 330 2226 habitum
358 2197 421 2232 est,
447 2203 518 2236 quo
546 2191 583 2223 in
609 2190 761 2222 concilio
779 2189 1037 2234 praesidebant
1051 2188 1205 2231 Cyrillus
1228 2188 1504 2230 Alexandrinus,
1531 2189 1625 2222 Coe-

163 2241 315 2275 lestinus
341 2250 434 2284 papa
459 2240 638 2271 Romanus
654 2264 662 2278 ‚
686 2237 865 2272 Iuvenalis
895 2235 1252 2279 Hierosolymitanus.
1279 2247 1479 2271 convenere
1502 2242 1624 2282 patres

165 2288 337 2323 adversus
373 2286 578 2319 Nestorium
611 2285 733 2329 Cpolis
766 2284 1000 2330 pontificem,
1037 2283 1099 2328 qui
1132 2282 1265 2328 Ephesi
1296 2295 1466 2329 praesens
1504 2284 1626 2318 aiebat

166 2339 427 2373 sacrosanctam
452 2334 626 2379 virginem
640 2333 787 2365 Mariam
810 2342 894 2364 vere
918 2330 1099 2375 deiparam
1123 2342 1190 2364 nec
1219 2341 1293 2364 esse
1319 2342 1388 2364 nee
1411 2331 1482 2364 dici
1506 2343 1624 2376 posse.

166 2389 252 2416 tunc
285 2388 322 2416 et
359 2386 496 2426 septem
531 2381 587 2414 illi
615 2381 718 2426 pueri
746 2385 830 2414 sunt
862 2378 1079 2424 experrecti,
1115 2378 1180 2425 qui
1210 2377 1276 2411 sub
1303 2379 1414 2413 Decio
1442 2380 1625 2424 consopiti

168 2430 445 2464 obdormierant.

259 2478 440 2520 Deinceps
467 2475 666 2519 imperante
690 2474 872 2506 Marciano
898 2478 1023 2521 quarta
1066 2471 1222 2516 synodus
1251 2473 1323 2506 620
1357 2477 1498 2517 patrum
1516 2471 1626 2506 Chal-

169 2524 309 2559 cedone
334 2524 464 2563 coivit,
505 2523 602 2554 cuius
639 2521 824 2565 praesides
852 2526 952 2554 erant
979 2521 1052 2554 Leo
1076 2531 1168 2567 papa
1195 2521 1394 2561 Romanus,
1436 2521 1624 2555 Anatolius

169 2571 397 2616 cpolitanus,
421 2569 603 2603 Iuvenalis
631 2569 959 2612 Hierosolymorum
994 2568 1186 2602 antistites.
1223 2568 1374 2603 collecta
1402 2566 1471 2600 fuit
1498 2567 1627 2601 adver-

170 2631 230 2652 sus
258 2618 453 2661 Eutychem
497 2623 534 2650 et
558 2617 787 2655 Dioscorum,
824 2616 887 2660 qui
913 2615 1053 2648 domini
1092 2626 1234 2648 carnem
1261 2626 1340 2647 cum
1364 2619 1487 2648 nostra
1514 2626 1627 2660 nega-

170 2666 261 2700 bant
291 2665 453 2702 eiusdem
490 2675 566 2698 esse
603 2668 678 2696 tum
714 2663 893 2696 essentiae
930 2669 1006 2696 tum
1045 2668 1214 2696 naturae:
1252 2661 1420 2695 nimirum
1452 2661 1627 2697 volebant

172 2713 312 2747 duabus
348 2714 496 2758 quidem
534 2723 576 2744 ex
604 2711 740 2743 naturis
777 2710 947 2743 unionem
987 2711 1117 2744 factam
1158 2719 1258 2749 esse,
1296 2720 1416 2742 verum
1455 2709 1627 2755 deinceps

171 2758 254 2808 post
291 2761 460 2795 unionem
495 2764 658 2794 naturum
696 2769 803 2792 unam
839 2760 1000 2793 effectam
1038 2758 1158 2792 fuisse.
1198 2755 1363 2791 fabulose
1398 2757 1626 2803 nugabantur
