1826 3120
552 130 839 174 ANNALmM
877 129 1014 172 PARS
1061 128 1134 172 ιιι.
1444 116 1559 191 429

106 234 268 285 ἓνεκενς
312 229 381 274 ὅτι
416 236 503 281 τοῖς
546 233 622 273 τοῦ
662 230 812 287 κυρίου
847 229 982 286 λόγοις
1008 228 1061 273 τά
1088 231 1263 273 τοιαῦτα
1290 231 1561 291 συνᾴδουσιν.

105 301 178 344 ἐπὶ
209 297 291 354 γὰρ
331 300 389 355 τῷ
425 295 532 340 κατὰ
563 300 742 341 Λουκᾶν
775 296 1003 355 εὕαγγελιζο
1034 296 1108 339 καί
1131 294 1233 340 τάδε
1257 305 1344 349 τοῖς
1376 301 1559 347 α’ποστό-

104 371 195 416 λοις
231 365 344 420 ἔλεγε
386 364 615 421 ,μακάριοι
648 363 688 405 οἱ
727 363 952 420 ὀφθαλμοὶ
989 362 1029 406 οἱ
1066 366 1287 418 βλέποντες
1313 364 1343 409 ἃ
1366 370 1554 421 βλέπετε.

103 434 210 487 λέγω
249 433 330 487 γάρ
363 431 468 485 ὑμῖν
506 429 573 473 ὅτι
605 429 754 473 πολλοὶ
782 432 998 486 προφῆται
1026 429 1101 472 καί
1124 434 1313 485 βασιλεῖς
1339 432 1555 490 ἠθέλησαν

65 498 210 542 δίδεῖν
240 497 269 540 ἃ
296 495 417 551 ὖμεῖς
446 499 631 552 βλέπετε,
667 499 742 539 καί
761 496 839 538 οὐκ
857 493 981 550 εἶδον,
1010 498 1084 539 καί
1112 498 1290 541 οἰκοῦσαι
1313 497 1343 541 ἃ
1367 496 1597 555 α’κούετε,0

102 564 178 607 καί
203 563 280 607 οὐκ
309 562 535 621 ἤκουσαν.”
589 562 684 606 τίνοι
714 563 761 605 δὲ
788 564 952 617 ταῦτα;
997 562 1049 605 τοὶ
1094 562 1201 607 κατὰ
1242 564 1319 620 τὴν
1356 562 1557 623 ἔνσαρκον

100 629 271 680 πάντως
310 630 574 683 οἰκονομίαν,
613 623 672 671 ὧν
712 627 751 671 οἱ
788 627 1016 671 ἀπόστολοι
1053 627 1177 683 μόνοι
1214 632 1554 689 κατηξιώθησαν.

101 696 210 739 κατὰ
251 697 328 739 δύο
363 694 511 738 λοιπόν
542 694 801 750 ὑπερέχουσι
831 697 915 737 τῶν
955 698 1182 752 προφητῶν
1222 695 1263 739 οἱ
1299 696 1554 753 ἀπόστολοι,

100 762 176 805 καὶ
199 761 305 806 κατὰ
332 761 379 806 τὸ
409 763 659 816 σωματικαῖς
691 762 796 803 ἰδεῖν
820 760 894 803 καί
919 762 1024 803 κατὰ
1052 760 1100 804 τό
1131 766 1421 817 πνευματικῶς
1440 781 1552 822 μυη-

39 841 88 868 ¹⁰
101 831 232 886 θῆναι
258 828 311 872 τοὶ
341 832 453 871 θεῖα.

205 893 336 939 Ἀλλὰ
364 893 436 937 καί
460 894 537 944 τοὶς
564 895 610 937 ἐκ
641 894 796 946 νεκρῶν
823 894 1009 948 ἐγὲρσεις
1036 891 1121 948 εἴγε
1147 898 1305 947 μαθεῖν
1331 897 1551 952 ἐπιζητεῖς,

96 962 224 1005 πόσαι
252 962 360 1005 εἰσὶν
388 955 517 1004 αὗται
554 960 627 1002 καὶ
651 958 773 1002 τίνων
800 960 934 1012 εἰσίν,
968 959 1062 1002 ἰδού
1092 975 1162 1002 σοι
1192 960 1351 1012 ταύτας
1392 964 1549 1018 α’παρι..

95 1025 352 1083 θμήσασθαι
380 1023 457 1068 οὔκ
485 1024 725 1082 όκνήσομεν.
784 1023 892 1067 ὀκτώ
922 1027 1000 1079 μὲν
1028 1021 1104 1067 οὖν
1132 1026 1218 1068 εἰσί
1241 1027 1314 1070 τὸν
1333 1030 1550 1085 α’ριθμόν,

63 1111 69 1124 ⁴
94 1097 170 1138 τοῦ
196 1097 270 1149 τῆς
298 1094 556 1150 Σαραφθιάς
582 1091 682 1134 υἱοῦ
711 1091 760 1134 ὃν
789 1092 810 1133 ὃ
836 1089 987 1142 Ἠλίας
1014 1086 1169 1147 ἤγειρε,
1198 1096 1276 1136 τοῦ
1302 1097 1376 1150 τῆς
1391 1098 1549 1151 Σωμα-

34 1158 251 1211 ῐὸνίτιδος
278 1159 378 1203 υἱοῦ
408 1159 455 1202 ὃν
485 1159 506 1201 ὅ
531 1160 763 1208 Ἐλισσαῖος
791 1155 946 1214 ἤγειρε,
973 1158 1046 1200 καί
1066 1162 1142 1200 τοῦ
1161 1162 1419 1215 στρατιώτου
1438 1165 1546 1205 ἑκεί-

93 1243 168 1269 νου
198 1225 246 1276 ὃς
282 1228 450 1282 ἐγγίσας
481 1231 566 1275 τοῖς
593 1228 668 1268 τοῦ
691 1227 927 1268 Ἐλισσαίου
957 1225 1178 1277 λειψάνοις
1208 1226 1266 1277 ὥς
1296 1227 1378 1269 α’πὸ
1410 1229 1591 1283 πυρὸςο

96 1291 338 1349 ἐξεπήδησε,
367 1296 443 1349 τῆς
464 1294 539 1334 τοῦ
554 1291 928 1347 Ἀρχισυναγιόγου
958 1289 1182 1346 θυγατρός,
1210 1295 1284 1335 τοῦ
1311 1296 1383 1349 τῆς
1406 1294 1545 1350 χήρας

93 1361 218 1413 υἱοῦ,
265 1362 342 1402 τοῦ
367 1359 600 1414 Λαζάρου,
638 1361 720 1400 ταῖν
749 1362 914 1401 πολλῶν
941 1358 1170 1411 σωμάτων,
1212 1359 1284 1401 καὶ
1312 1361 1446 1403 αὐτοῦ
1470 1364 1547 1404 τοῦ

92 1428 300 1481 παναγίου
336 1430 409 1468 καὶ
449 1427 655 1481 κυριακοῦ
688 1424 907 1478 σώματος,
947 1426 987 1467 εἰ
1015 1424 1088 1466 καὶ
1115 1428 1311 1477 μανέντες
1339 1426 1377 1469 οἱ
1399 1429 1543 1470 Ἀπελ-

31 1493 232 1535 anacam*
267 1490 408 1546 ἔλεγον
446 1495 490 1533 ἐν
528 1493 584 1548 τῷ
620 1490 742 1548 τάφῳ
776 1493 1030 1546 διαλυθῆναι
1064 1491 1110 1533 τό
1141 1494 1266 1544 σῶμα
1293 1495 1368 1536 τοῦ
1394 1499 1541 1549 κυρίου

93 1560 154 1609 εἰς
195 1558 247 1602 τὰ
284 1562 471 1612 τέσσαρα
508 1563 699 1611 στοιχεῖα
740 1559 784 1607 ἐξ
827 1551 886 1599 ὧν
925 1561 998 1599 καί
1026 1560 1264 1613 συνέστηκε.
1321 1559 1370 1603 τά
1399 1563 1541 1614 μέντοι

96 1768 227 1803 dilecte
252 1766 315 1808 fili,
340 1766 462 1811 potius
482 1766 633 1799 oratoris
659 1765 756 1799 illius
783 1766 881 1799 aurei
904 1765 1022 1799 verbis
1051 1766 1223 1800 accedito.
1253 1773 1290 1801 et
1314 1780 1467 1814 quanam
1495 1771 1540 1805 de

93 1814 224 1849 causa?
246 1814 417 1859 quoniam
443 1824 485 1845 ea
511 1824 590 1845 cum
616 1812 753 1845 domini
772 1813 890 1846 verbis
913 1815 1154 1855 consentiunt,
1174 1814 1236 1859 qui
1252 1815 1358 1848 etiam
1378 1817 1414 1849 in
1432 1824 1541 1852 evan-

92 1863 187 1908 gelio
212 1872 276 1907 per
298 1861 427 1893 Lucam
455 1860 586 1893 litteris
610 1861 820 1903 consignato
847 1861 907 1905 (ιο
932 1860 992 1906 23)
1030 1861 1079 1893 sic
1111 1861 1293 1905 apostolos
1328 1863 1538 1908 alloquitur.

91 1910 240 1952 „felices
269 1908 384 1948 oculi,
421 1907 552 1952 quibus
592 1918 633 1939 ea
669 1907 792 1940 datum
829 1913 884 1940 est
921 1906 1054 1940 intueri
1083 1918 1175 1952 quae
1200 1919 1262 1941 vos
1287 1911 1444 1943 cernitis.
1470 1912 1541 1946 hoc

92 1957 189 1992 enim
226 1955 328 1989 vobis
358 1955 552 1996 confirmo,
587 1954 788 1999 complures
821 1959 919 1987 vates
944 1959 1054 1998 atque
1078 1966 1177 1999 reges
1213 1955 1336 1989 videre
1362 1958 1542 2002 cupivisse

93 2015 186 2050 quae
210 2014 273 2036 vos
289 2001 430 2044 videtis,
446 2013 511 2034 nec
534 2007 654 2034 tamen
670 2000 823 2043 vidisse3
848 2012 889 2034 ac
915 2001 1039 2034 audire
1054 2002 1227 2046 cupivisse
1246 2014 1340 2048 quae
1358 2016 1418 2037 vos
1436 2007 1542 2040 audi·

92 2053 162 2094 tis,
184 2061 251 2084 nec
277 2055 397 2083 tamen
419 2048 631 2082 audivisse.''
656 2060 830 2093 quaenam
854 2059 936 2081 vero
955 2048 1016 2081 illa
1043 2048 1149 2081 sunt?
1171 2051 1315 2084 omnino
1346 2052 1484 2087 scilicet
1498 2065 1539 2088 ea

92 2109 186 2144 quae
211 2110 232 2131 a
259 2096 401 2130 Christo
439 2096 751 2129 administratione
788 2095 900 2139 ipsius
940 2095 977 2127 in
1003 2107 1109 2128 carne
1137 2095 1288 2130 durante
1314 2104 1412 2142 gesta
1435 2107 1538 2144 sunt,

91 2156 244 2192 quorum
270 2143 543 2190 spectandorum
566 2148 724 2188 potestas
748 2143 834 2175 solis
850 2142 1023 2187 apostolis
1041 2143 1199 2187 contigit.
1217 2152 1437 2190 quapropter
1451 2159 1539 2193 apo-

92 2193 177 2226 stoli
192 2192 332 2226 duabus
347 2191 452 2225 rebus
465 2196 563 2224 vates
580 2195 750 2234 superant
761 2216 769 2231 ,
791 2194 864 2222 tum
879 2189 978 2234 quod
995 2190 1229 2235 corporaliter
1241 2190 1420 2226 Christum
1436 2195 1539 2228 vide-

92 2240 183 2282 rint,
223 2246 296 2273 tum
324 2238 422 2284 quod
445 2238 680 2283 spiritualiter
707 2236 751 2270 ab
783 2237 910 2269 eodem
936 2236 1042 2269 rebus
1072 2236 1202 2270 divinis
1227 2238 1364 2272 fuerint
1389 2241 1535 2276 initiati.

183 2286 321 2332 Quodsi
348 2286 456 2319 etiam
490 2295 701 2328 cognoscere
733 2283 802 2316 tibi
829 2282 933 2316 lubet
958 2294 1062 2328 quam
1089 2284 1194 2318 multi
1220 2295 1263 2318 ex
1287 2288 1438 2321 mortuis
1463 2290 1537 2324 sint

91 2334 313 2374 resuscitati,
339 2339 377 2366 et
400 2332 546 2378 quinam
573 2332 628 2364 illi
655 2331 812 2371 fuerint,
845 2329 908 2363 has
933 2330 1025 2375 ipsas
1051 2331 1287 2366 excitationes
1313 2337 1534 2370 recensendo

88 2381 455 2414 commemorabimus.
491 2378 699 2412 acciderunt
728 2378 838 2423 igitur
870 2378 907 2410 in
931 2378 1132 2411 universum
1160 2385 1241 2412 octo
1266 2391 1412 2414 numero
1437 2394 1535 2416 mor-

88 2432 230 2461 tuorum
259 2427 561 2460 resuscitationes.
598 2426 731 2471 prima,
775 2425 904 2458 revixit
930 2424 1200 2470 Saraphthanae
1223 2427 1383 2461 mulieris
1413 2428 1532 2471 filius,

88 2485 194 2519 quem
220 2475 314 2508 Elias
343 2480 440 2507 vates
465 2474 561 2506 vitae
585 2473 751 2506 restituit.
787 2472 910 2513 altera,
933 2472 1164 2506 Somanitidis
1187 2473 1293 2515 filius,
1318 2486 1423 2520 quem
1440 2477 1532 2510 Elis-

87 2532 190 2554 saeus
214 2523 393 2555 excitavit.
431 2520 549 2561 tertia,
570 2520 672 2552 miles
702 2519 776 2560 ille,
802 2520 864 2564 qui
889 2530 966 2552 cum
993 2520 1159 2566 reliquias
1187 2521 1336 2554 Elissaei
1362 2524 1532 2567 contigis-

87 2574 154 2608 set,
177 2574 344 2614 tanquam
372 2580 416 2601 ex
439 2569 520 2611 igne
547 2567 711 2612 prosiliit.
751 2571 890 2611 quarta,
919 2566 1062 2611 collegii
1086 2568 1255 2612 principis
1282 2568 1364 2600 filia.
1401 2570 1530 2615 quinta

85 2615 215 2648 viduae
255 2615 413 2648 mulieris
451 2615 555 2647 filius.
600 2619 718 2654 sexta,
755 2613 919 2647 Lazarus.
970 2614 1142 2659 septima,
1178 2614 1289 2647 multa
1326 2622 1529 2651 sanctorum

86 2673 246 2706 corpora.
283 2668 407 2696 octava
444 2661 600 2707 (lenique
635 2661 881 2693 resuscitatum
908 2666 961 2694 est
985 2662 1242 2694 sanctissimum
1279 2661 1372 2695 illud
1400 2674 1528 2709 corpus

86 2708 327 2754 dominicum3
353 2720 558 2756 quanquam
592 2706 762 2745 haeretici
787 2707 931 2753 quidam
954 2708 1135 2754 Apelliani
1161 2709 1272 2750 suere,
1303 2709 1365 2754 qui
1391 2710 1529 2747 furiose
