1826 3120
592 138 877 181 ANNAMUM
916 138 1055 181 PARS
1082 141 1116 182 1.
1439 126 1441 129 ’
1483 117 1587 193 137
1641 111 1649 116 ’

135 235 276 282 εἰκόνα
318 236 674 295 δεδημιούργηται
719 238 853 296 αὕτη,
897 240 950 282 ου’
983 244 1112 295 μέρος
1154 241 1198 283 ἒν
1228 240 1349 296 μέρει
1378 233 1470 282 ἀλλ’
1493 235 1589 290 ὅλος

135 301 217 364 ὅλῳ
235 306 292 362 τῷ
321 302 459 362 κόσμῳ
479 308 566 347 κατ’
598 306 749 349 οὐσίαν
770 310 993 363 περίεστιν,
1025 305 1135 350 οὕτω
1167 306 1240 349 καί
1265 306 1290 361 ἦ
1321 307 1398 349 τοῦ
1426 321 1588 361 πρωτο-

132 370 266 414 τύπου
294 369 417 412 εἰκών
445 368 604 427 ἀμερὴς
634 367 743 416 οὖσα
772 374 845 414 καί
874 372 1130 423 ἄδιάστατος
1168 374 1338 428 α’μερῶς
1366 372 1439 415 καί
1463 372 1591 414 ‹idm-

133 434 292 486 στάτως
322 432 396 492 ὅλη
429 433 510 495 ὅλῳ
537 441 597 496 τῷ
634 436 800 491 σώματι
827 436 1041 493 πρόσεστι.
1100 443 1174 482 καί
1200 438 1346 482 τούτου
1375 437 1505 495 χάριν
1530 438 1587 494 μὴ
1604 446 1697 492 P.72

96 501 333 557 ὄθαύμαζε
354 516 364 527 ·
424 505 593 546 ἵσταται
619 507 698 558 μὲν
725 503 804 559 γάρ
837 502 945 560 αὕτη
974 507 1044 562 ἐφ’
1066 501 1216 561 ἑαυτῆς
1248 504 1440 561 καθάπερ
1471 505 1590 561 ἡλια-

133 568 185 625 m}
211 585 274 619 τις
302 576 468 626 σφαῖρα
506 572 582 612 ου’κ
619 569 700 622 ἔξω
727 573 804 612 τοῦ
840 571 1032 624 σώματος
1062 568 1153 614 ἀλλ’
1185 571 1414 629 ὑπερφυῶς
1442 575 1486 615 ἑν
1515 569 1593 614 αὖ-

133 638 215 693 τῷ,
256 639 541 690 συμπλέκεται
583 638 631 679 δὲ
672 635 804 695 τούτῳ
831 643 922 687 ταῖς
951 638 1028 694 ἀφ’
1059 636 1212 694 ἑαυτῆς
1237 637 1485 694 προϊούσαις
1514 639 1591 681 av’-
1606 644 1647 680 V.
1662 645 1708 679 56

131 708 241 757 γαῖς,
271 703 425 752 αἵτινες
453 705 528 744 καί
551 705 802 757 τεμνομένου
832 707 911 745 τοῦ
933 703 1127 758 σώματος
1156 706 1338 756 α’παθεῖς
1367 705 1440 747 καί
1468 705 1594 748 α’διοί-

132 784 286 825 τμητοι
317 771 516 823 μένουσιν
535 802 547 822 ,
580 767 722 826 ὥσπερ
753 769 803 826 δὴ
831 772 904 813 καί
930 773 1009 813 τοῦ
1038 772 1162 827 ἀέρος
1191 778 1284 821 ταῖς
1313 774 1396 816 τῶν
1429 772 1594 826 ἀνέμων

72 850 120 877 xo
134 841 280 886 πνοαῖς
320 838 567 890 κινουμένου
606 839 679 879 καί
711 830 1042 891 μεταπίπτοντος
1083 838 1130 881 τὸ
1160 836 1336 895 ἡλιακὸν
1365 842 1457 896 φῶς
1482 838 1595 891 ἅπαξ

133 903 248 961 αὐτῷ
296 905 540 956 συμπλακὲν
582 899 679 946 οὔτε
722 902 860 960 τομὴν
900 900 996 948 οὔτε
1031 903 1174 963 ῥεῦσιν
1204 901 1302 948 οὔτε
1332 906 1593 960 μετάστασιν

130 969 379 1027 ὑφίσταται.

240 1037 336 1079 Καὶ
375 1033 396 1078 ὃ
429 1038 508 1090 μὲν
547 1039 644 1087 νοῦς
677 1034 902 1092 οἷσιόματός
939 1036 1054 1082 ἐστιν
1083 1038 1255 1095 ἆληθῶς
1281 1038 1355 1083 καί
1382 1038 1591 1096 ἀόρατος,

131 1101 226 1144 ἀλλ’
270 1098 382 1156 ὅμως
433 1103 490 1153 ὥς
526 1105 571 1146 ἐν
609 1101 772 1164 ὀργάνῳ
804 1107 862 1162 τῷ
888 1103 1052 1159 σώματι
1091 1105 1169 1161 τὴν
1196 1106 1351 1150 οἰκείαν
1379 1109 1628 1162 ε’νέργειανΒ
1659 1137 1661 1140 -

70 1166 117 1208 15
131 1170 333 1212 δείκνυσι.
388 1168 462 1211 καί
501 1168 628 1213 εἴωθε
677 1174 755 1225 μὲν
797 1170 820 1213 ὅ
865 1175 965 1221 νοῦς
1003 1174 1185 1229 ἐνεργεῖν
1213 1175 1258 1216 ἐν
1286 1169 1347 1222 οἷς
1377 1174 1508 1229 ὑγιῶς
1541 1173 1588 1216 τὸ

129 1237 254 1289 σῶμα
286 1232 517 1291 διάκειται,
567 1239 639 1280 ε’πί
667 1240 722 1280 δὲ·
752 1242 835 1280 τῶν
863 1240 1050 1289 οἷσθενῶς
1088 1239 1270 1294 ἐχόντων
1297 1240 1372 1295 τήν
1399 1239 1592 1295 τεχνικὴν

130 1301 264 1344 αὐτοῦ
311 1301 491 1356 δύναμιν
531 1304 735 1354 δέξασθαι
791 1301 1002 1361 ἄπρακτος
1047 1304 1179 1364 πάντῃ
1223 1307 1296 1348 καί
1322 1308 1591 1361 οἷνενέργητος

130 1371 339 1425 φαίνεται.
395 1368 501 1425 πλὴν
530 1366 579 1411 οὗ
598 1373 697 1413 καθ’
724 1366 870 1413 ἑαυτὸν
899 1370 1025 1421 αὐτὸς
1053 1374 1422 1428 παραβλάπτεται,
1458 1371 1592 1415 καθά-

129 1450 208 1489 περ
247 1436 337 1477 τισί
373 1437 455 1477 τῶν
499 1435 656 1488 ἔξωθεν
686 1435 851 1488 ἔδοξεν·
920 1439 1021 1480 οὐδὲ
1060 1438 1139 1495 γὰρ
1179 1439 1383 1495 ἁρμονίας
1413 1440 1591 1493 ὀργάνου

66 1515 117 1542 20
129 1499 238 1551 τινὸς
266 1499 539 1556 ὁπωσδήποτε
578 1504 860 1559 ὃιεφθορυίας
891 1504 1049 1561 α’νάγκη
1085 1507 1226 1548 πᾶσαν
1254 1508 1327 1547 καί
1355 1503 1486 1560 αὐτὴν
1513 1506 1592 1546 τοῦ

129 1570 317 1621 τεχνίτου
345 1566 422 1623 τήν
449 1570 598 1625 τέχνην
633 1569 1062 1626 συνδιαφθείρεσθαι.
1120 1571 1195 1614 καί
1219 1568 1282 1614 ὅτι
1309 1574 1390 1626 μὲν
1419 1574 1478 1630 τιιῦ
1506 1569 1591 1613 σιό-

128 1650 230 1687 ματι
259 1632 454 1678 σύνεστιν
489 1635 516 1691 ἦ
548 1634 684 1692 ψυχή,
714 1632 836 1693 οἶδα,
865 1636 913 1680 τὸ
945 1639 991 1680 δὲ
1019 1641 1109 1689 πῶς
1135 1640 1180 1682 ἐν
1208 1637 1374 1695 σώματι
1399 1638 1445 1682 τὸ
1476 1637 1589 1681 α’σιό-

230 1775 256 1799 1.
282 1763 376 1804 ὅλως
402 1766 437 1800 Ρ.
558 1777 613 1800 20.
638 1767 767 1802 πᾶσαὲ

130 1884 170 1918 in
203 1889 330 1931 parte,
369 1884 434 1918 sed
464 1890 563 1919 totus
585 1890 703 1920 totum
736 1886 911 1921 mundum
945 1887 1199 1933 complectitur
1232 1888 1390 1921 essentia
1425 1899 1500 1930 sua,
1536 1889 1588 1922 sic

130 1932 239 1966 etiam
261 1932 434 1978 principis
462 1933 562 1966 illius
583 1935 796 1979 exemplaris
822 1935 1052 1968 simulacrum
1068 1960 1077 1975 ‚
1104 1946 1183 1967 cum
1208 1936 1362 1980 partium
1389 1935 1435 1968 sit
1459 1947 1586 1981 expers

130 1985 168 2013 et
191 1980 418 2013 dimensione
443 1987 583 2023 careat,
614 1982 702 2015 citra
729 1981 942 2015 divisionem
977 1994 1017 2015 ac
1040 1981 1301 2015 dimensionem
1325 1982 1438 2015 ullam
1464 1989 1583 2017 totum

128 2027 200 2060 toti
225 2027 367 2072 corpori
392 2027 503 2062 adest.
535 2040 643 2074 quam
671 2028 819 2074 quidem
836 2041 910 2062 rem
937 2029 1107 2062 admirari
1132 2030 1269 2064 desine.
1298 2031 1463 2064 consistit
1488 2032 1585 2065 enim

128 2073 365 2120 peculiariter
393 2076 511 2108 anima
526 2077 630 2121 quasi
654 2076 781 2121 globus
803 2076 950 2122 quidam
975 2077 1102 2110 solaris
1127 2089 1201 2110 non
1227 2083 1326 2110 extra
1354 2089 1493 2123 corpus,
1518 2079 1584 2112 sed

129 2122 168 2155 in
196 2122 294 2168 ipso,
338 2121 450 2168 idque
474 2123 583 2156 modo
624 2123 781 2169 quodam
806 2124 901 2157 ultra
922 2125 1089 2158 naturali.
1119 2123 1224 2158 simul
1256 2126 1396 2170 corpori
1420 2137 1585 2160 connexa

131 2173 186 2202 est
213 2180 278 2214 per
318 2169 498 2204 derivatos
544 2183 588 2204 ex
620 2172 699 2217 ipsa
734 2170 874 2212 radios,
899 2172 963 2217 qui
996 2172 1026 2205 si
1051 2183 1178 2217 corpus
1215 2173 1376 2206 sectione
1397 2173 1589 2215 laedatur,

130 2221 253 2250 tamen
280 2215 380 2250 haud
409 2217 627 2252 adficiuntur
656 2225 692 2252 et
719 2219 916 2252 sectionem
938 2219 1075 2252 nullam
1102 2219 1348 2265 experiuntur.
1373 2232 1520 2266 prorsus
1545 2227 1588 2256 ut

131 2267 215 2298 aere
252 2275 318 2309 per
352 2264 456 2298 flatus
489 2272 679 2299 ventorum
717 2272 815 2300 moto
841 2271 878 2299 et
902 2268 1035 2311 agitato
1060 2267 1124 2300 lux
1151 2267 1276 2300 solaris
1302 2268 1336 2300 ei
1365 2268 1478 2301 semel
1503 2279 1591 2303 con-

131 2321 224 2344 nexa
248 2322 368 2357 neque
395 2313 591 2346 sectionem
618 2325 736 2359 neque
763 2314 898 2346 fluxum
921 2325 1040 2359 neque
1067 2315 1305 2348 mutationem
1334 2316 1481 2360 patitur.

226 2359 360 2404 Estque
395 2371 496 2394 mens
534 2372 660 2406 reapse
694 2362 840 2407 quidem
874 2372 998 2406 expers
1023 2362 1180 2407 corporis
1209 2367 1246 2395 et
1269 2362 1588 2408 inadspectabilis,

132 2413 255 2439 verum
279 2405 517 2441 nihilominus
547 2409 585 2442 in
612 2420 762 2454 corpore
796 2414 969 2454 tanquam
997 2409 1236 2448 instrumento
1264 2422 1363 2443 suam
1392 2411 1589 2444 efficacita-

131 2457 206 2486 tem
232 2453 402 2488 declarat.
439 2455 563 2488 eadem
598 2455 637 2489 in
661 2457 706 2490 iis
745 2468 898 2501 quorum
922 2467 1006 2489 sana
1035 2462 1205 2502 recteque
1233 2457 1375 2491 adfecta
1404 2463 1487 2491 sunt
1510 2470 1590 2491 cor-

133 2509 221 2544 pora
248 2501 445 2535 efficaciter
468 2503 557 2547 agit,
585 2515 664 2536 cum
687 2504 725 2536 in
751 2504 832 2536 aliis
848 2528 857 2544 ‚
884 2504 946 2548 qui
971 2503 1152 2537 facultatis
1173 2505 1249 2538 eius
1274 2505 1489 2538 artificiosae
1513 2517 1588 2539 non

135 2551 218 2580 sunt
241 2559 407 2593 capaces,
434 2551 550 2584 otiosa
586 2551 633 2584 sit
666 2563 707 2584 ac
737 2551 831 2584 nihil
866 2551 1012 2584 omnino
1051 2552 1223 2596 perficiat.
1262 2564 1335 2585 nou
1361 2558 1481 2585 tamen
1508 2553 1588 2597 ipsa

135 2601 299 2638 respectu
327 2597 379 2629 sui
407 2597 575 2639 laeditur,
600 2597 905 2643 quemadmodum
927 2600 1089 2632 extrariis
1116 2599 1334 2645 quibusdam
1358 2599 1587 2645 philosophis

135 2640 250 2674 visum
289 2642 367 2676 fuit.
392 2656 474 2678 nam
510 2645 539 2678 si
575 2646 727 2678 maxime
762 2645 946 2679 cuiusdam
971 2646 1199 2680 instrumenti
1225 2646 1410 2679 harmonia
1437 2658 1587 2692 quoquo

135 2687 242 2721 modo
267 2698 520 2734 corrumpatur,
545 2704 616 2726 non
643 2698 761 2726 tamen
787 2693 934 2726 omnino
966 2694 1069 2739 sequi
1097 2705 1244 2727 necesse
1270 2696 1333 2728 est'
1352 2699 1393 2727 ut
1419 2706 1474 2728 ars
1500 2695 1587 2738 ipsi-

129 2740 179 2768 'us
205 2735 311 2770 etiam
337 2738 485 2773 artificis
512 2746 703 2786 propterea
727 2741 875 2786 periisse
900 2746 1088 2776 statuatur.
1115 2741 1242 2776 adesse
1269 2740 1417 2788 quidem
1443 2742 1482 2776 in
1508 2753 1586 2776 cor-
