1826 3120
297 141 413 205 [426
752 160 1038 203 MianEms
1075 163 1290 206 GLYCAE

252 258 432 307 Βδαιόις
470 262 558 301 κατ’
603 258 811 314 ἐκδίκησιν
837 259 1042 313 Ἰακώβου
1082 264 1160 303 τοῦ
1197 262 1387 315 δικαίου,
1433 258 1480 311 ὃς
1513 255 1566 316 ἦν
1607 261 1730 302 α’δελ-

298 325 378 382 φύς
416 326 559 378 Ἰησοῦ
599 326 672 367 τοῦ
700 327 923 379 λεγομένου
954 329 1180 379 Χριστοῦ”.
1246 326 1322 369 τὸν
1356 327 1435 380 μὲν
1471 319 1547 379 οὖν
1580 324 1729 380 τρόπον

295 393 364 443 τῆς
396 393 588 446 τελευτῆς
627 391 777 445 αὐτοῦ,
812 387 941 446 ἤγουν
979 391 1028 434 τὸ
1070 394 1379 448 κρημνισθῆναι
1408 391 1487 435 καί
1519 394 1728 448 λιθασθῆ-

294 470 362 496 ναι
407 472 475 497 και
518 459 795 512 γονυπετῆσαι
839 458 912 499 καὶ
952 453 1162 509 ευξασθαι
1198 455 1306 514 νπὲρ
1350 454 1491 522 αὐτῶν
1523 457 1735 516 κασξύλῳ

293 523 494 575 πληγέντα
530 525 825 604 τελειωθῆναι,
867 522 889 565 ὅ
923 525 1099 602 Κλήμης
1137 523 1373 603 ἱστόρησεν,
1406 521 1427 566 ὅ
1455 525 1502 568 δὲ
1522 521 1764 580 ’Idaque-35

291 590 450 629 ταῦτα·
505 583 613 630 οἶνον
652 590 724 630 καί
754 589 898 646 σίκερα
936 592 1012 631 ουκ
1043 589 1183 644 έπιεν,
1227 590 1420 646 ἔμψυχον
1447 591 1523 632 οὐκ
1550 589 1733 646 ἔφαμῃ

292 653 418 707 ξυρὸν
458 654 530 695 ἐπὶ
561 655 637 709 τὴν
665 654 851 711 κεφαλην
880 656 1016 698 αυτοῦ
1041 657 1115 699 οὐκ
1145 653 1271 712 ἆνέβη
1292 689 1305 710 ,
1348 655 1488 699 ἔλαιον
1515 657 1592 698 οὔκ
1618 656 1734 719 ἤδειέ

289 732 415 773 ψατο,
444 736 514 762 και
541 722 747 778 βαλανείω
776 737 853 763 ουκ
880 723 1104 777 ἐχρήσατο.
1159 721 1285 780 τούτω
1315 720 1428 780 μόνῳ
1459 721 1552 776 ἐξῆν
1579 723 1651 771 εις
1674 719 1730 765 πὶ

292 782 392 840 α’για
418 787 590 828 εἰσιέναι
617 789 690 829 καί
725 787 898 830 δέεσθαι
928 787 1034 842 ὑπὲρ
1064 805 1136 831 του
1172 790 1290 842 λαοῦ,
1317 789 1376 838 ὥς
1406 790 1597 831 ἐντεῦθεν
1623 782 1735 834 ἇπεξ,

145 856 182 888 Ρ.
212 866 279 898 229
292 854 510 906 σκληκέναι
538 851 591 894 τοὶ
613 852 769 907 γόνατα
796 855 929 896 αῦτοῦ
949 854 1065 909 δίκην
1092 853 1296 910 καμήλου,-
1322 854 1640 910 γονυπετοῦντος
1657 852 1729 895 καὶ
1744 862 1795 900 1⁴0

292 919 491 971 δεομένου
522 914 675 973 ἄφεσιν
701 920 760 977 τῷ
788 921 886 975 λαῷ.
943 920 1189 962 ἀπέκτειναν
1219 922 1265 962 δὲ
1294 918 1427 963 αῢτὸν
1455 918 1496 963 ὁὶ
1519 920 1729 965 Ἰουδαῖοι

291 981 395 1036 μετὰ
427 982 503 1038 τήν
531 983 727 1039 τελευτήν
754 983 922 1039 Φήστου
954 983 1162 1040 ἀναρχίαν
1189 983 1392 1039 εὖρόντες.

401 1048 497 1092 Και
518 1049 537 1092 ὁ
555 1052 632 1103 μὲν
654 1049 856 1104 Ἰάκωβος
874 1045 1010 1131 ovxwg'
1041 1048 1062 1092 ὃ
1086 1049 1345 1107 αδελφόθεος
1371 1050 1544 1107 δηλαδη,
1568 1050 1621 1108 τῇ
1644 1050 1728 1093 δω-

292 1116 436 1175 δεκάδι
461 1118 543 1158 τῶν
570 1119 775 1171 μαθητῶν
797 1117 874 1158 οὐκ
902 1134 955 1194 ην
983 1119 1251 1197 ἐναρίθμιος,
1280 1116 1333 1160 τοὶ
1363 1117 1510 1172 πρῶτα
1539 1117 1586 1159 δὲ
1613 1111 1728 1169 ὅμως

287 1186 390 1236 παρ’
415 1182 556 1231 αὐτοῖς
583 1181 723 1238 ἔφεοε.
778 1185 849 1224 καί
875 1183 954 1239 γὰρ
986 1182 1170 1232 αναστὰς
1197 1184 1243 1225 ἐκ
1266 1185 1430 1237 νεκρῶν
1442 1182 1464 1225 ὅ
1484 1197 1640 1236 κυριος,
1669 1181 1727 1231 ὥς
1743 1192 1790 1233 15

288 1248 312 1290 ὁ
340 1250 519 1304 Κλήμης
545 1249 672 1305 φησί,
717 1251 873 1306 Πέτρω
904 1266 973 1291 και
997 1247 1177 1307 Ἰωάννη
1207 1252 1279 1291 καί
1301 1245 1493 1307 Ἰακώβω
1518 1250 1578 1306 τῷ
1602 1249 1728 1291 dds).-

288 1316 432 1372 φοθέῳ
465 1313 542 1370 την
568 1316 719 1369 γνῶσιν
747 1313 924 1369 ἔδωκεν,
966 1310 1082 1357 οὗτοι
1119 1317 1166 1357 δὲ
1194 1321 1279 1365 τοῖς
1305 1319 1479 1364 λοιποῖς.
1534 1312 1615 1370 πρὸ
1642 1312 1729 1370 γὰρ,
1765 1360 1768 1362 ,

286 1382 362 1436 τῆς
390 1379 655 1430 ἆιαστάσεως
695 1382 768 1423 καί
802 1380 1016 1424 ενεκότουν
1044 1383 1102 1440 τῶ
1128 1384 1257 1440 κυρίω
1285 1398 1356 1424 και
1387 1382 1588 1437 ἠπίστουν
1612 1379 1728 1438 αὐτῷ

252 1445 330 1489 Boi
359 1447 459 1489 α’δε)
450 1463 536 1503 φοι
566 1447 719 1500 αυτοῦ,
747 1465 804 1497 ως
833 1447 854 1488 ὅ
885 1447 1174 1503 εὕαγγελιστης
1198 1447 1399 1502 Ἰωάννης
1428 1445 1544 1503 φησί.
1599 1443 1726 1501 πρόσ-

287 1528 360 1567 εχε
400 1516 471 1567 δέ,
513 1511 712 1570 ἁγαπητέ.
777 1517 818 1557 εἰ
855 1512 933 1569 γὰρ
972 1512 1046 1562 καί
1089 1516 1280 1569 πρώτους
1314 1515 1494 1562 ἐκείνους
1521 1511 1543 1554 ὁ
1583 1511 1790 1567 κύριοςςο

287 1681 383 1726 apud
412 1682 562 1715 Iudaeos
587 1687 704 1715 mente
723 1682 876 1727 praediti
902 1683 1146 1715 existimarent
1170 1682 1326 1715 obsideri
1350 1681 1474 1715 urbem
1503 1681 1615 1727 ipsius
1644 1691 1724 1715 cae·-

288 1728 342 1761 dis
368 1740 484 1762 causa.
524 1730 694 1775 Iosephus
720 1730 865 1774 quidem
902 1735 997 1762 certe
1022 1731 1059 1762 in
1087 1731 1175 1762 haec
1196 1729 1304 1763 verba
1329 1730 1468 1763 scribit:
1506 1734 1725 1770 „evenerunt

287 1775 378 1809 haec
403 1775 568 1818 Iudaeis,
609 1782 647 1810 ut
685 1777 769 1809 iusti
802 1777 899 1809 illius
922 1776 1044 1810 Iacohi
1068 1776 1193 1809 caedes
1218 1776 1480 1816 vindicaretur,
1515 1776 1578 1820 qui
1615 1775 1726 1809 frater

288 1829 367 1856 erat
401 1823 477 1856 eius
503 1824 582 1857 Iesu
608 1835 715 1868 quem
740 1823 917 1857 Christum
941 1824 1181 1868 nuncupantff'
1215 1835 1287 1869 quo
1314 1829 1417 1869 pacto
1447 1822 1622 1856 extinctus
1658 1823 1724 1864 sit,

287 1871 456 1903 nimirum
482 1871 578 1916 quod
604 1871 869 1916 praecipitatus,
900 1871 999 1916 quod
1023 1870 1203 1916 lapidibus
1219 1871 1377 1911 obrutus,
1399 1868 1496 1916 quod
1517 1869 1642 1915 positis
1663 1880 1725 1914 ge·-

288 1917 394 1952 nibus
408 1928 470 1962 pro
489 1918 699 1952 adversariis
722 1917 831 1951 deum
845 1924 1022 1962 precatus,
1042 1918 1140 1963 quod
1156 1918 1253 1962 ligno
1270 1929 1455 1962 percussus
1470 1916 1614 1950 taudem
1628 1927 1724 1950 mor-

290 1970 373 1997 tuus
393 1964 512 2006 fuerit,
537 1965 797 1998 Alexandrinus
822 1965 884 1999 ille
901 1965 1066 1998 Clemens
1091 1965 1223 1998 litteris
1239 1964 1469 2008 consignavit.
1487 1963 1588 1997 addit
1605 1969 1724 1997 autem

290 2010 461 2055 Iosephus
478 2012 684 2045 huiusmodi
709 2013 857 2054 „vinum
883 2018 919 2045 et
944 2013 1090 2045 siceram
1113 2023 1187 2046 non
1212 2011 1382 2054 bibebat3
1412 2011 1607 2044 animatum
1630 2010 1724 2043 nihil

292 2058 522 2100 comedebam
549 2060 760 2093 novaculam
775 2060 814 2093 in
832 2064 940 2104 caput
964 2060 1098 2092 nullam
1123 2058 1334 2100 admiserat3
1360 2059 1440 2091 oleo
1454 2069 1490 2090 se
1505 2069 1579 2091 non
1592 2069 1726 2103 perun-

292 2105 423 2148 gebat3
448 2105 577 2138 balneo
604 2108 706 2140 nullo
727 2106 907 2143 utebatur
928 2111 964 2139 et
983 2106 1128 2151 quidem
1146 2107 1179 2139 ei
1199 2106 1266 2138 soli
1282 2106 1333 2138 fas
1353 2110 1427 2138 erat
1451 2106 1489 2138 in
1514 2104 1620 2148 adyta
1633 2110 1725 2138 tein-

289 2152 342 2196 pli
359 2157 395 2185 et
419 2153 619 2197 penetralia
642 2154 803 2198 ingredi,
830 2159 870 2187 ut
892 2164 1014 2199 preces
1045 2164 1109 2198 pro
1132 2153 1267 2199 populo
1292 2153 1516 2197 conciperet3
1545 2163 1616 2196 qua
1639 2163 1723 2185 sane

290 2199 336 2231 de
360 2210 466 2232 causa
488 2201 730 2234 occalluerant
755 2202 868 2234 instar
893 2201 1020 2234 cameli
1050 2200 1124 2232 eius
1150 2211 1274 2244 genua,
1301 2199 1384 2232 dum
1408 2204 1582 2244 perpetuo
1607 2199 1648 2232 in
1677 2199 1723 2232 iis

288 2246 539 2291 procumberet
565 2260 605 2280 ac
629 2248 735 2281 deum
759 2253 922 2281 exoraret
946 2253 987 2281 ut
1016 2247 1161 2282 Iudaico
1196 2247 1331 2291 populo
1367 2246 1470 2279 venia
1504 2246 1587 2279 data
1619 2246 1723 2290 igno-

289 2299 412 2327 sceret.
450 2294 660 2328 interfectus
694 2308 715 2328 a
748 2296 892 2328 Iudaeis
927 2301 981 2328 est
1008 2299 1090 2341 post
1118 2293 1215 2326 Festi
1240 2293 1416 2337 praetoris
1440 2299 1612 2334 mortem,
1649 2303 1721 2338 quo

288 2345 449 2386 tempore
474 2341 625 2374 necdum
655 2343 726 2376 alio
751 2348 916 2388 praetore
941 2345 1123 2385 surrogato
1146 2340 1300 2373 neminis
1330 2341 1478 2385 imperio
1503 2339 1688 2385 parebant·

383 2389 565 2420 Caeterum
597 2390 742 2422 Iacobus
777 2389 846 2431 hic,
876 2389 1011 2422 domini
1040 2389 1156 2429 frater,
1175 2399 1248 2420 non
1274 2392 1350 2421 erat
1375 2387 1436 2419 ille
1464 2387 1607 2432 quidem
1630 2397 1723 2420 unus

291 2445 335 2466 ex
359 2434 545 2469 duodecim
569 2436 639 2469 illis
665 2437 857 2481 discipulis,
883 2437 945 2470 sed
970 2437 1130 2489 principe
1156 2440 1274 2467 tamen
1300 2433 1395 2480 apud
1419 2445 1478 2466 eos
1505 2435 1584 2467 loco
1609 2433 1724 2468 hahe—

290 2480 404 2514 intur.
443 2482 574 2527 quippe
613 2494 690 2517 cum
730 2485 881 2528 primum
913 2495 956 2516 ex
988 2482 1135 2517 mortuis
1171 2481 1332 2514 dominus
1360 2482 1628 2522 resurrexisset,
1667 2481 1722 2514 uti

292 2529 456 2562 Clemens
483 2541 574 2563 narr
568 2535 618 2570 it
654 2531 757 2564 Petro
784 2536 821 2563 et
841 2530 992 2563 Iohanni
1016 2535 1053 2562 et
1075 2528 1203 2562 Iacobo
1226 2528 1326 2570 huic,
1351 2527 1486 2562 domini
1512 2528 1623 2569 fratri,
1647 2527 1721 2572 pri-

292 2576 357 2609 mis
383 2575 420 2608 id
444 2577 636 2621 patefecit3
672 2578 731 2622 qui
760 2577 891 2611 deinde
928 2589 999 2610 rem
1034 2576 1080 2609 ad
1114 2575 1306 2630 discipulos
1331 2575 1486 2619 reliquos
1512 2575 1721 2609 retulerunt.

293 2623 425 2655 etenim
448 2629 530 2656 ante
555 2625 846 2660 resurrectionem
872 2624 997 2658 fratres
1023 2623 1158 2656 domini
1173 2623 1278 2655 etiam
1295 2621 1393 2666 indi&
1385 2622 1575 2656 nabantur
1588 2622 1632 2664 ei,
1655 2631 1723 2658 nec

294 2669 399 2702 fidem
422 2669 627 2712 habebant,
656 2671 951 2716 quemadmodum
979 2670 1202 2713 evangelicae
1228 2669 1374 2714 scriptor
1374 2646 1566 2703 &historiae
1592 2667 1722 2703 Iohan-

294 2727 356 2750 nes
382 2718 551 2753 meminit
589 2717 656 2751 hoc
692 2724 808 2752 autem
835 2718 913 2751 loco
940 2724 1015 2758 est,
1053 2717 1180 2751 dilecte
1215 2716 1293 2757 fili,
1330 2716 1425 2762 quod
1453 2715 1719 2752 animadvertas.
