1826 3120
555 172 839 213 ANNAmUM
878 172 1013 214 PARS
1058 175 1090 212 1.
1482 151 1554 207 35

106 275 180 317 καί
207 274 310 328 πρὸς
339 288 432 315 τινα
464 271 634 328 φθοράν
658 276 810 316 θᾶττον
838 274 930 332 ὄρᾷ.
988 274 1052 316 ἔτι
1075 288 1122 328 γε
1150 273 1296 330 μήντὸ
1321 273 1557 330 βαρύτατον

106 342 179 383 τοῦ
209 341 467 393 α’ναχθέντος
496 335 626 389 αὖθις
654 338 900 394 κατάγεται,
931 340 1023 382 ἐπεὶ
1049 339 1095 383 τὸ
1131 341 1243 395 βαρὺ
1273 339 1378 395 πρὸς
1404 340 1448 382 τὸ
1482 337 1557 381 κά-

105 421 250 456 ταντες
279 404 404 447 εἴωθε
433 406 669 460 φέρεσθαι·
698 403 744 446 τὸ
776 407 824 447 δὲ
853 403 1103 448 λεπτότατον
1130 407 1202 462 τῆς
1230 402 1557 460 ἀναθυμιάσεως

69 506 72 508 v
107 472 345 525 πνεύματος
377 469 504 527 φύσις
532 469 705 524 ἐγένετο.
762 471 834 513 καί
856 473 988 514 ταῦτα
1016 475 1095 525 μὲν
1123 474 1183 522 εἰς
1211 474 1423 515 τοσοῦτον.

73 539 98 582 5
225 540 287 595 Τῇ
316 539 363 579 δὲ
403 535 574 594 τετάρτῃ
610 534 746 595 ἡμέρᾳ
782 536 882 587 τούς
917 540 1142 594 φωστῆρας
1170 538 1348 594 ποιήσας
1375 541 1420 582 ἐν
1445 534 1596 595 αὗτῷΒ

66 599 68 602 ’
107 607 168 663 τῷ
195 602 455 659 στερεώματι
482 600 617 645 ἔθετο.
682 606 911 660 φωστῆρας
940 606 986 646 δὲ
1015 603 1182 648 α’κούων
1209 607 1340 661 μηδὲν
1366 607 1504 660 ἕτερον
1531 598 1560 658 ἢ

116 670 339 727 φωτοδόχα
366 666 535 719 τούτους
565 669 710 723 α’γγεῖα
737 665 843 711 εἶναι
871 669 1025 724 νόμιζε.
1051 671 1097 713 τὸ
1125 671 1207 726 γὰρ
1237 674 1328 728 φῶς
1355 674 1487 714 ἐκεῖνο
1514 669 1559 714 τὰ

108 737 214 779 κατά
243 752 290 792 γε
331 734 403 791 τήν
440 734 606 792 πρώτην
655 732 817 791 ἡμέραν
858 738 1083 792 παραχθὲν
1119 737 1262 792 λαβών
1294 738 1316 780 ὁ
1345 737 1467 792 θεός,
1492 739 1568 782 καὶ

111 802 329 856 διανεᾴιας
368 800 472 844 αὐτὸ
515 807 600 850 τοῖς
629 804 851 858 φωστῆρσι
880 806 1037 856 πᾶσιν,
1077 805 1117 846 εἰ
1142 806 1214 846 καί
1241 805 1566 863 τῷχρυσορρή-

51 887 98 914 10
108 886 207 924 μονι
230 870 398 926 Ἰωάννῃ
435 865 487 910 τοὶ
516 866 615 924 περὶ
651 868 813 910 τούτων
852 869 934 923 ούχ
963 866 1072 912 οὕτω
1099 872 1237 922 δοκεῖ,
1268 870 1460 926 καθάπερ
1490 870 1568 914 λύ-

108 951 228 992 χνοις
254 936 449 990 ἐνέθηκεν
489 931 596 977 ὥστε
637 936 805 991 φαίνειν
835 936 906 978 ε’πι·
946 937 1021 990 τῆς
1046 938 1134 991 γῆς.
1193 936 1214 979 ὃ
1238 935 1319 992 γάρ
1348 941 1463 987 θεῖος
1493 933 1567 978 οὗ-

109 1017 180 1052 τος
207 998 312 1058 οἷνὴρ
355 1003 399 1044 ἑν
440 1003 496 1059 τῷ
527 1002 587 1051 εἰς
614 999 691 1056 τὴν
718 998 951 1057 ἑξαήμερον
978 1003 1148 1061 πέμπτῳ
1177 1001 1284 1060 λόγῳ
1314 1004 1450 1045 αὐτοῦ
1477 1020 1567 1046 τοι-

109 1070 230 1112 αῖσδε
271 1066 372 1124 περὶ
413 1067 567 1111 τούτου
617 1068 818 1124 κέχρηται
855 1071 1088 1122 συλλαβαῖς
1127 1066 1265 1122 »εἶδες
1298 1073 1454 1125 σοφίαν
1491 1073 1569 1113 τοῦ

110 1137 382 1191 δημιουργοῦ.
449 1131 537 1177 εἶπε
577 1132 727 1188 μόνον,
770 1136 843 1176 καί
880 1133 1083 1191 παρήχθη
1127 1134 1173 1178 τὸ
1215 1143 1420 1191 στοιχεῖον
1447 1141 1568 1180 τοῦτο

49 1201 154 1248 ι5τὸ
186 1198 460 1256 θαυμαστόν,
507 1199 530 1242 ὅ
570 1198 687 1256 ἥλιος
731 1203 852 1255 λέγω.
921 1203 1069 1244 τοῦτον
1101 1201 1182 1258 γὰρ
1212 1206 1338 1245 καλεῖ
1360 1206 1567 1260 φωστῆρα

106 1270 263 1323 μέγαν,
309 1269 383 1313 καί
411 1266 541 1324 φησίν
577 1265 711 1309 αὐτόν
749 1268 809 1316 εἷς
838 1265 975 1322 ἀρχάς
1003 1269 1078 1323 τῆς
1101 1268 1261 1324 ἡμέρας
1284 1273 1532 1324 γεγενῆσθαι
1550 1281 1607 1315 ·C

109 1329 230 1384 οὗτος
257 1332 337 1388 γάρ
371 1335 656 1390 φαιδροτέραν
683 1332 758 1388 τὴν
788 1334 951 1389 ἡμέραν
986 1333 1282 1389 ἀπεργάζεται.
1344 1335 1414 1378 διὰ
1444 1339 1566 1379 τοῦτο

106 1402 184 1442 καί
210 1402 260 1457 τῇ
285 1398 460 1457 τετάρτῃ
490 1400 619 1442 αὐτὸν
647 1399 997 1455 ἐδημιούργησεν,
1032 1401 1100 1442 ἵνα
1127 1399 1186 1456 μή
1215 1403 1389 1459 νομίσῃς
1416 1405 1567 1446 τοῦτον

93 1468 308 1509 -συνιστοῖν
346 1466 424 1520 τὴν
463 1466 638 1521 ἡμέραν.
705 1467 892 1520 ἐγένοντο
925 1466 1003 1518 μὲν
1044 1464 1124 1521 γάρ
1157 1473 1270 1523 τρεῖς
1311 1468 1491 1522 ἡμέραι,
1522 1469 1570 1511 αἱ

46 1531 188 1589 2οηρὸ
218 1534 293 1588 τῆς
330 1532 482 1575 τούτου
519 1533 822 1588 δημιουργίας,
859 1532 1072 1587 ἐβουλήθη
1115 1535 1178 1579 δὲ,
1211 1531 1233 1574 ὃ
1266 1533 1468 1589 δεσπότης
1495 1537 1571 1577 κατ’

109 1597 181 1642 διὰ
222 1599 373 1642 τούτου
417 1596 695 1655 φαιδρότερον
734 1596 781 1640 τὸ
827 1599 918 1654 φῶς
954 1601 1023 1653 τῆς
1054 1598 1217 1655 ἡμέρας
1262 1597 1567 1655 ἐργάσασθαι.”

109 1664 317 1722 πρόσεχε,
344 1664 544 1721 ἆγαπητέ.
611 1666 730 1707 δοκεῖ
749 1663 828 1721 γὰρ
860 1664 1050 1708 ἐνταῦθα
1076 1664 1096 1708 ὁ
1126 1666 1345 1715 θειότατος
1372 1663 1566 1722 Ἰωάννης

111 1885 188 1908 sum
213 1872 347 1913 fertur,
377 1882 456 1905 cum
482 1871 533 1905 ita
557 1876 780 1916 comparatae
811 1872 883 1904 sint
906 1882 962 1904 res
988 1883 1109 1916 graves
1133 1877 1175 1905 ut
1204 1872 1371 1906 deorsum
1397 1873 1480 1907 sei-ri
1506 1886 1565 1908 so-

107 1921 223 1954 leant:
262 1919 408 1954 interim
447 1930 527 1964 pars
565 1919 834 1952 exhalationum
865 1919 1077 1952 tenuissima
1112 1924 1302 1953 ventorum
1337 1922 1376 1954 in
1401 1928 1565 1955 naturam

108 1968 337 2003 convertitur.
367 1978 406 2000 ac
432 1966 477 2000 de
502 1966 558 2000 his
587 1966 735 2011 quidem
762 1965 933 1998 hactenus
959 1965 1094 1999 dictum
1121 1972 1208 2000 esto.

201 2015 269 2048 Die
299 2020 425 2060 quarta
463 2013 550 2047 deus
576 2014 763 2046 luminaria
802 2018 919 2045 creata
943 2013 1164 2047 firmamento
1193 2015 1355 2047 inseruit.
1390 2027 1470 2048 cum
1498 2027 1562 2048 au-

106 2067 181 2097 tem
207 2062 382 2107 appellari
415 2061 518 2094 audis
546 2062 754 2101 luminaria,
793 2060 887 2093 nihil
916 2060 1017 2093 aliud
1050 2060 1222 2105 cogitabis
1256 2073 1363 2107 quam
1403 2073 1481 2095 esse
1516 2063 1562 2095 il-

107 2110 144 2143 la
178 2110 281 2155 quasi
311 2121 393 2143 vasa
421 2109 599 2154 quaedam
635 2114 671 2141 et
696 2108 920 2152 receptacula
943 2108 1044 2140 lucis.
1077 2109 1208 2141 etenim
1234 2115 1378 2154 sumpto
1399 2109 1488 2142 deus
1513 2110 1561 2142 il-

105 2157 143 2191 lo
171 2157 307 2190 lumine
334 2156 432 2202 quod
465 2157 524 2189 die
548 2157 662 2201 primo
686 2155 915 2195 condiderat,
945 2160 981 2188 et
1006 2155 1044 2188 in
1072 2157 1191 2188 omnia
1214 2156 1407 2189 luminaria
1437 2157 1561 2190 distri·

106 2204 216 2246 huto,
242 2215 447 2250 quanquam
473 2204 574 2236 aliud
598 2203 665 2236 hac
690 2204 727 2236 in
751 2208 851 2247 parte
878 2202 1128 2246 Chrysostomo
1154 2203 1290 2247 placet,
1318 2204 1421 2248 quasi
1450 2216 1560 2249 quas—

107 2251 187 2285 dam
214 2252 252 2284 in
279 2252 443 2285 lucernas
468 2251 509 2284 id
525 2251 724 2291 collocavit,
751 2256 790 2283 ut
814 2255 944 2283 terram
969 2261 1031 2282 sua
1061 2251 1142 2283 luce
1160 2251 1422 2284 collustrarent.
1445 2251 1559 2295 Chry-

106 2305 284 2333 sostomus
309 2304 450 2340 autem,
475 2299 530 2332 vir
555 2298 653 2331 haud
677 2297 787 2331 dubie
813 2296 979 2338 divinus,
1002 2298 1039 2330 in
1065 2298 1227 2331 oratione
1258 2298 1302 2331 de
1327 2310 1389 2331 sex
1416 2298 1557 2332 dierum

105 2346 273 2391 operibus
301 2346 444 2391 quinta,
470 2347 520 2379 sic
543 2346 590 2379 ad
617 2345 762 2380 verbum
787 2344 852 2377 hac
878 2344 922 2377 de
948 2355 985 2377 re
1013 2344 1190 2377 disseruit.
1216 2345 1317 2378 vides
1342 2347 1557 2390 sapientiam

105 2393 266 2438 opificis:
293 2394 418 2427 saltem
443 2393 593 2427 verbum
620 2394 781 2426 elocutus
811 2397 883 2432 est,
910 2397 946 2425 et
961 2391 1208 2425 admirandum
1229 2392 1296 2425 hoe
1323 2394 1554 2434 elementum,

103 2439 275 2474 videlicet
300 2441 382 2482 sol,
420 2441 458 2474 in
483 2446 599 2474 ortum
632 2440 828 2486 productus
855 2439 935 2472 fuit.
969 2450 1050 2472 nam
1086 2439 1190 2472 illum
1216 2440 1334 2473 Moses
1375 2441 1554 2473 luminare

104 2499 271 2532 maguum
299 2488 482 2533 appellat,
509 2494 544 2521 et
568 2487 614 2521 ad
642 2488 715 2520 diei
740 2486 1024 2520 moderationem
1047 2486 1180 2519 factum
1203 2488 1263 2520 ait.
1289 2488 1426 2532 quippe
1458 2488 1555 2520 diem

107 2535 136 2567 is
163 2535 379 2579 pulei-iorem
404 2541 440 2569 et
463 2535 709 2568 iucundiorem
734 2535 838 2567 nobis
869 2533 990 2566 efficit.
1014 2545 1106 2579 quae
1127 2535 1201 2579 ipsa
1225 2546 1331 2567 causa
1357 2541 1411 2567 est
1430 2546 1555 2579 quam-

107 2581 230 2615 obrem
255 2582 341 2615 deus
364 2594 444 2615 eum
475 2582 533 2615 die
563 2588 691 2628 quarto
717 2580 931 2622 condiderit,
958 2591 1004 2614 ne
1030 2582 1169 2614 scilicet
1197 2583 1415 2615 existimares
1441 2583 1553 2615 solem

108 2628 182 2661 diei
206 2636 385 2663 auctorem
410 2641 495 2663 esse.
532 2631 599 2664 toti
625 2630 791 2662 nimirum
826 2628 901 2661 dies
926 2633 998 2660 tres
1032 2630 1250 2662 creationem
1280 2630 1363 2662 solis
1390 2634 1555 2662 anteces-

108 2681 242 2709 serunt.
280 2677 362 2710 ideo
400 2677 544 2722 putabis
583 2677 740 2711 voluisse
766 2676 873 2708 deum
908 2686 972 2720 per
996 2675 1063 2708 hoc
1089 2676 1305 2709 elementum
1335 2675 1408 2709 diei
1435 2676 1554 2709 lucem

109 2723 294 2768 aliquanto
319 2724 565 2757 iucundiorem
590 2725 696 2757 nobis
724 2723 884 2756 reddere.
916 2721 1044 2767 quibus
1067 2723 1103 2755 in
1128 2724 1245 2756 verbis
1270 2723 1553 2757 animadvertere

108 2775 146 2804 te
171 2770 253 2805 volo
277 2770 389 2806 videri
408 2771 610 2806 'Iohannem
637 2771 733 2806 hunc
749 2776 908 2805 nostrum
936 2769 1041 2804 aliam
1068 2770 1187 2805 dicere
1216 2770 1345 2812 lucem,
1372 2781 1463 2816 quae
1492 2770 1553 2804 die
