1826 3120
571 171 860 214 ANNAMUM
901 171 1036 214 PARS
1076 173 1110 214 1.
1509 158 1581 213 33

122 290 202 318 σιν.
268 272 309 316 εἷ
337 274 407 326 δὲ,
438 273 628 331 καθάπερ
659 277 766 325 τινὲς
809 273 1032 334 ᾠήθησαν,
1068 275 1152 318 α’πὸ
1180 273 1323 331 χιόνος
1352 281 1582 334 τηκομένης

121 340 348 394 αὐξόμενος
388 336 464 396 ἦν,
509 335 641 397 αὖραι
670 339 722 385 ἂν
762 345 924 385 ἐκεῖθεν
954 344 1149 396 δαψιλεῖς
1182 343 1477 396 ἀνεπέμποντο.
1534 346 1580 388 τὸ

117 410 264 462 μέντοι
292 406 398 449 κατὰ
427 406 498 450 τὸν
519 411 690 462 Νεῖλον,
719 408 920 464 οἶγαπητέ,
947 407 1112 463 θαῦμα,
1136 408 1250 452 καθά
1280 426 1408 466 φησιν
1436 410 1458 453 ὅ
1484 414 1578 453 θεῖ-

117 489 164 524 ος
186 473 488 527 Ἀναστάσιος,
525 471 630 528 πρὸς
655 473 855 517 πίστωσιν
893 475 969 529 τῆς
998 475 1184 530 α’ρχαιάς
1213 480 1484 530 κοσμοποιίας
1511 481 1577 532 γί-

78 544 266 588 5νεσθαι
294 541 585 595 συνεχώρησεν
613 537 634 581 ὃ
660 540 790 590 θεός·
847 538 909 590 τίς
952 542 1027 583 καί
1059 539 1141 598 γὰρ
1177 541 1288 599 ὄρῶν
1318 541 1391 585 τὸν
1420 546 1576 586 Νεῖλον

111 608 518 658 καταθαλαττιζοντα
550 604 624 660 την
644 604 864 660 Αἴγυπτον
899 606 974 650 καὶ
996 603 1126 658 αὖθις
1155 603 1607 665 ιῖποκαθιστάμενον,Β

113 673 191 715 οὔκ
219 668 272 715 ἂν
298 672 373 715 καί
398 674 471 727 τῆς
502 671 664 728 ἡμέρας
692 673 849 729 ἐκείνης
876 674 1017 716 πίστιν
1044 672 1153 732 λάβῃ
1183 678 1282 716 καθ’
1311 674 1363 730 ἢν
1383 677 1442 726 εἷς
1468 678 1572 732 μίαν

110 737 357 795 συναγωγὴν
381 740 461 780 τοῦ
491 733 648 787 ὕδατος
675 739 1034 793 ἐπισυναχθέντος
1065 740 1203 796 ἐφάνη
1233 741 1258 796 ἦ
1289 741 1409 796 ξηρά.

215 803 346 849 'Anci
374 807 447 847 καί
465 805 508 846 ἐν
525 810 612 854 τοῖς
635 804 941 862 πλησιοχώροις
967 807 1112 856 αὐτοῖς
1139 809 1214 862 τῆς
1232 809 1276 849 ἐν
1299 807 1571 851 Πενταπόλει

51 890 98 917 ιο
111 874 163 929 τῇ
202 873 440 928 βαρβαρικῇ
479 870 651 921 ἀδύτοις
686 868 839 914 ὕδασιν
867 869 893 927 ἧ
922 874 1004 914 τῶν
1027 871 1161 915 λίθων
1191 874 1320 930 φύσις
1346 870 1570 931 οἷνωφερης

109 938 389 995 ἐπιφερομένη
416 937 573 987 αὐτοὺς
604 938 766 980 ἐκεῖθεν
791 939 954 992 ἐλέγχει
984 937 1085 988 τούς
1102 937 1162 995 μὴ
1194 938 1470 990 πιστεύοντας
1502 940 1570 983 ὅτι

107 1006 181 1047 ἐπὶ
205 1007 290 1047 τῶν
317 1002 482 1047 ὑδάτων
510 1004 617 1061 ὑπὲρ
650 1005 780 1061 φύσιν
808 1001 829 1046 ὃ
867 1003 968 1054 θεὸς
992 1003 1068 1061 τήν
1099 1009 1279 1061 βαρεῖαν
1306 1007 1463 1062 ταύτην
1492 1010 1570 1062 γῆν

107 1069 372 1129 α’πῃώρησεν.
447 1067 554 1112 dias)
602 1071 677 1114 καί
706 1073 751 1114 ἐν
789 1077 874 1121 τοῖς
901 1074 1136 1126 λεγομένοις
1166 1076 1346 1122 Λυκίοις
1373 1068 1491 1127 ὄρεσι
1516 1073 1563 1115 τό

105 1133 220 1194 ὕδωρ
250 1139 323 1180 καί
347 1136 395 1179 τό
426 1139 511 1193 πῦρ
544 1137 658 1191 ὅμοῦ
684 1136 883 1180 συνιόντα
910 1137 987 1193 την
1015 1138 1255 1194 ἀδιαίρετον
1282 1141 1354 1181 ε’πί
1372 1142 1567 1195 Χριστοῦ

45 1206 190 1250 ιότῶν
223 1201 300 1246 δύο
333 1203 504 1260 φύσεων
545 1204 717 1258 ἕνωσιν,
756 1206 831 1259 τῆς
856 1202 1059 1260 θεότητός
1090 1221 1199 1262 φημι
1239 1204 1313 1247 καί
1339 1204 1564 1261 ἄνθρωπό-

103 1285 250 1325 τητος,
281 1269 395 1325 ἡμᾶς
423 1270 758 1315 ἐκδιδάσκουσιν.
789 1268 898 1313 οἷλλὰ
927 1273 1017 1320 πῶς
1046 1272 1119 1314 ἒπί
1143 1269 1308 1322 τούτοις
1338 1271 1412 1315 τὸν
1440 1288 1599 1329 nom-(2

102 1335 182 1391 τήν
211 1334 383 1388 εἰκότως
409 1332 462 1379 ἄν
486 1353 550 1387 τις
578 1333 817 1393 ὗμνήσειεν,·
846 1335 991 1394 ἐπειδη
1021 1337 1102 1394 γὰρ
1132 1340 1335 1394 πολυειδῆ
1362 1342 1561 1394 τυγχάνει

102 1401 156 1444 τὰ
184 1404 440 1457 ἐμπίπτοντα
477 1404 578 1459 ἡμῖν
609 1403 855 1459 νοσήματα,
893 1405 1097 1462 πολυειδῆ
1124 1403 1199 1447 καί
1226 1403 1279 1447 τοὶ
1311 1407 1357 1447 ὲκ
1383 1408 1459 1461 τῆς
1485 1408 1564 1461 γῆς

101 1468 387 1524 ἅναδιδόμενα
415 1469 555 1526 θερμοὶ
589 1467 742 1513 ὕδατα.
771 1469 825 1512 τὰ
854 1473 934 1525 μὲν
958 1471 1039 1526 γὰρ
1069 1467 1208 1513 αὐτῶν
1228 1478 1390 1526 χαυνοῖ
1409 1469 1462 1514 τοὶ
1491 1488 1561 1514 τε-

36 1553 88 1581 20
101 1538 260 1590 ταμένα
287 1537 374 1579 τῶν
410 1535 597 1592 νεύρων,
646 1536 700 1579 τοὶ
734 1538 782 1579 δὲ
808 1539 977 1593 σφίγγει
1007 1538 1080 1579 καί
1104 1543 1223 1579 τονοῖ
1245 1535 1297 1579 τὰ
1328 1539 1558 1591 λελυμένα·

100 1601 175 1645 καὶ
200 1602 254 1646 τὰ
292 1605 371 1657 μὲν
409 1604 619 1660 φλέγματι
664 1605 870 1657 πολέμια,
907 1601 958 1645 τὰ
995 1604 1041 1644 δὲ
1076 1603 1251 1660 μελαίνῃ
1294 1604 1429 1660 χολῇ·
1487 1603 1563 1645 καὶ

199 1738 250 1782 14.
276 1739 453 1775 συνιέντα
477 1738 512 1771 P.

99 1871 204 1895 aurae
228 1872 248 1894 a
270 1861 355 1895 Nilo
386 1861 510 1896 nullae
547 1862 770 1908 proveniant.
812 1862 941 1908 quodsi
978 1859 1023 1895 de
1052 1858 1277 1907 quorundam
1310 1860 1481 1907 opinione
1509 1861 1555 1896 li-

98 1908 353 1955 quescentibus
395 1920 416 1942 a
443 1909 585 1944 nivibus
627 1915 855 1955 augesceret,
891 1909 990 1942 haud
1018 1908 1129 1942 dubie
1156 1909 1270 1954 largas
1296 1919 1359 1941 eae
1389 1911 1554 1954 regiones

95 1967 196 1990 auras
217 1967 262 1990 ex
291 1956 375 1990 Nilo
408 1956 596 1992 haberent.
632 1964 741 2004 atque
781 1956 849 1990 hoc
873 1957 949 1990 Nili
982 1955 1184 2002 prodigium
1225 1968 1246 1989 a
1270 1955 1374 1990 nobis
1399 1968 1556 1991 comme-

93 2009 294 2046 moratum,
321 2005 413 2038 sicut
439 2006 642 2039 Anastasius
669 2005 731 2038 ille
755 2010 877 2038 noster
901 2004 975 2046 ait,
1001 2003 1079 2036 fieri
1107 2003 1187 2038 vult
1213 2003 1326 2047 deus,
1351 2009 1392 2036 ut
1416 2005 1555 2049 priscae

93 2051 220 2085 mundi
259 2051 365 2085 huius
392 2054 565 2088 creationi
601 2053 689 2086 fides
715 2052 899 2085 habeatur.
926 2051 1006 2096 quis
1033 2051 1128 2084 enim
1154 2051 1278 2084 Nilum
1306 2061 1456 2085 cernens
1481 2052 1554 2085 Ae-

93 2104 239 2144 gyptum
262 2099 495 2134 inundantem
515 2113 555 2134 ac
577 2112 694 2134 rursus
715 2101 808 2133 intra
831 2099 997 2145 pristinas
1013 2099 1106 2144 ripas
1123 2108 1202 2132 suas
1228 2098 1452 2140 redeuutem,
1477 2110 1554 2134 non

94 2147 200 2179 etiam
227 2146 273 2180 de
304 2147 370 2181 illo
396 2148 455 2181 die
479 2154 595 2183 certus
632 2150 696 2191 sit,
726 2158 798 2193 quo
835 2152 957 2180 coacta
983 2147 1022 2180 in
1045 2145 1299 2180 collectionem
1325 2156 1434 2179 unam
1458 2157 1552 2192 aqua

93 2194 226 2227 siccum
252 2195 445 2240 apparuit?

186 2241 395 2287 Quinetiam
411 2243 450 2276 in
467 2243 628 2277 finitimis
642 2242 801 2287 Aegypto
819 2240 918 2282 locis,
933 2240 1097 2274 nimirum
1115 2239 1217 2286 aquis
1235 2239 1435 2282 inaccessis,
1455 2251 1549 2286 quae

91 2294 176 2322 sunt
200 2289 238 2321 in
261 2289 452 2335 Pentapoli
474 2291 676 2332 barbarica,
699 2289 861 2335 lapidum
883 2294 1007 2321 natura
1024 2299 1169 2333 sursum>
1189 2286 1341 2320 tendens
1357 2299 1396 2320 ac
1419 2294 1548 2323 natans

89 2335 174 2369 illos
199 2337 358 2381 coarguit
394 2338 580 2380 homines,
618 2339 680 2384 qui
712 2349 784 2370 non
813 2335 964 2369 credunt
1003 2334 1109 2368 deum
1135 2341 1265 2368 terram
1291 2334 1384 2368 hanc
1409 2335 1549 2380 ingenti

89 2383 251 2428 pondere
277 2395 416 2429 gravem
441 2397 547 2431 super
570 2397 740 2432 aquarum
768 2390 931 2417 naturam
953 2383 1066 2416 veluti
1091 2382 1331 2427 suspendisse.
1357 2382 1483 2416 itidem
1510 2384 1548 2416 in

90 2430 272 2464 montibus
297 2433 361 2477 qui
388 2433 486 2476 Lycii
509 2433 699 2475 dicuntur,
735 2444 827 2477 aqua
854 2436 890 2464 et
923 2430 1015 2475 ignis
1040 2429 1146 2463 simul
1170 2430 1361 2464 coniuncta
1389 2441 1463 2462 non
1490 2430 1547 2462 di-

90 2477 281 2511 videndam
308 2480 347 2512 in
374 2480 513 2515 Christo
540 2481 688 2514 duarum
715 2486 919 2513 naturarum
947 2478 1133 2519 unionem,
1160 2476 1303 2511 divinae
1332 2478 1480 2523 inquam
1509 2482 1548 2511 et

90 2523 287 2567 humanae,
321 2527 426 2562 nobis
451 2528 658 2562 ostendunt.
697 2538 768 2574 quo
794 2533 898 2571 pacto
923 2526 1002 2571 quis
1031 2525 1198 2571 opificem
1223 2523 1268 2558 ob
1297 2525 1386 2557 haec
1416 2535 1460 2557 ex
1488 2523 1546 2558 di-

90 2572 225 2616 gnitate
262 2573 443 2609 celebrare
474 2576 610 2621 possit?
645 2587 728 2609 nam
752 2586 830 2608 cum
873 2574 960 2607 varii
985 2573 1056 2607 sint
1083 2572 1198 2606 morbi
1224 2572 1286 2617 qui
1315 2572 1422 2605 nobis
1451 2572 1545 2605 acci-

92 2618 200 2660 dunt,
226 2621 332 2654 etiam
365 2623 586 2668 multiplices
618 2634 731 2669 aquae
757 2620 895 2654 calidae
928 2620 972 2653 de
995 2626 1089 2654 terra
1115 2620 1314 2653 scaturiunt
1330 2646 1340 2662 ,
1365 2630 1457 2664 quae
1481 2620 1545 2652 iis-

91 2665 392 2703 dennmedentur.
428 2672 563 2716 quippe
589 2671 786 2704 nonnullae
821 2669 977 2714 ipsarum
1009 2679 1137 2701 nervos
1171 2667 1315 2708 laxant,
1345 2667 1544 2699 nonnullae

90 2714 338 2758 constringunt
366 2723 403 2751 et
430 2718 566 2752 laxatos
580 2719 733 2752 vicissim
756 2716 936 2759 tendunt3
961 2715 1050 2749 aliae
1069 2716 1139 2749 vim
1163 2715 1338 2760 pituitae,
1364 2714 1455 2746 aliae
1483 2713 1543 2746 bi-

90 2761 117 2794 li
146 2761 266 2805 nigrae
290 2765 499 2800 contrariam
524 2765 677 2810 liabent5
701 2765 794 2799 aliae
810 2763 968 2809 denique
999 2768 1182 2810 praestant
1207 2773 1309 2795 usum
1334 2761 1455 2803 alium,
1485 2760 1541 2793 id-

174 2843 320 2888 Glycas.
1261 2842 1280 2872 3
