1826 3120
584 132 872 174 ANNAJAUM
913 132 1050 174 PARS
1085 135 1116 173 1.
1473 135 1489 168 1
1506 115 1576 170 33

122 247 187 274 νοι
229 231 372 287 ἐπειδὴ
411 232 486 276 τὸν
519 235 598 276 τοῦ
640 231 869 289 α’νθρώπου
899 235 1084 291 πλάστην
1123 230 1355 291 ἠγνόησαν,
1383 233 1456 276 καί
1483 234 1583 288 περὶ
1611 270 1613 272 .

121 297 197 353 τήν
223 298 377 341 πλάσιν
405 298 538 356 αὐτὴν
565 301 608 351 ἐξ
642 298 825 355 ανάγκης
855 302 1113 357 ἐσφάλησαν.
1171 300 1254 343 α’πὸ
1283 301 1360 356 γῆς
1381 303 1460 351 μὲν
1491 297 1580 352 οὖν,

122 365 180 414 ὥς
214 362 375 421 εἴρηται
396 398 408 419 ,
450 365 471 406 ὅ
499 370 627 420 χοῦς,
661 369 708 409 ἐκ
735 368 842 408 θεου
895 369 942 410 δὲ
971 367 997 422 ἦ
1028 366 1160 422 ψυχή.
1215 369 1288 408 καί
1312 367 1436 409 τοῦτο’
1468 369 1583 410 ἐστιν

122 425 147 470 ὅ
174 446 303 487 φησιν
330 429 355 487 ἧ
394 431 539 488 γραφή
581 448 681 486 „nat
721 431 979 488 ἐνεφύσησεν
1018 435 1078 482 εἰς
1118 432 1166 475 τὸ
1192 430 1416 488 πρόσωπον
1443 449 1578 474 αυτου

794 495 808 510 t

82 495 249 552 5πνοὴν
289 499 422 553 ζωῆς,
462 497 537 540 καί
568 500 745 552 ἐγένετο
786 514 807 538 ο
851 494 1075 554 ανθρωπος
1117 501 1177 548 εἰς
1216 498 1365 554 ψυχὴν
1406 500 1581 551 ζωσανῧ

118 562 304 618 πρόσεχε
327 559 413 606 οὖν.
471 560 648 619 εὔδηλον
675 563 756 618 γάρ
786 565 983 606 ἐντεῦθεν
1014 560 1077 607 ὅτι
1098 566 1177 618 μία
1199 566 1263 614 τίς
1292 567 1406 607 ἐστιν
1436 563 1462 620 ἡ
1495 578 1583 619 ’ψυ-

116 627 177 684 χὴ
213 628 412 684 δυνάμεις
438 628 597 684 ἔχουσα
627 627 882 686 διαφόρους.
938 627 1040 673 ὅθεν
1066 631 1141 672 καί
1171 630 1240 673 διὰ
1272 630 1429 682 παντὸς
1452 634 1532 685 μὲν
1558 632 1584 687 ἦ

120 698 216 753 δίκη
248 700 325 739 τοῦ
370 694 589 751 σώματος,
634 692 811 738 ἑκάστου
843 699 890 739 δὲ
920 699 1076 762 μορίου
1101 698 1369 752 καταλλήλως
1398 698 1584 754 ἐφάπτε-

119 779 203 805 ται,
263 764 418 805 αὐτίκα
445 779 526 818 γαρ
554 762 600 804 τὸ
632 765 712 815 μὲν
739 761 922 840 θυμικόν
952 764 1084 819 αὐτῆς
1112 766 1156 806 ἐν
1179 765 1229 821 τῇ
1255 763 1408 821 καρδία
1437 768 1585 819 λέγου-

60 849 107 876 10
120 845 163 871 σι
192 833 404 872 ποιεῖσθαι
436 845 510 891 1er
556 827 742 885 οἴκησιν,
773 829 820 870 τὸ
850 831 898 870 δὲ
932 828 1241 885 ἐπιθυμητικὸν
1269 828 1427 883 ὁμοίως
1455 833 1500 873 ἐν
1526 834 1586 888 τῷ

119 892 262 950 η’πατι.
329 893 354 950 ἡ
385 896 430 936 δὲ
457 894 597 950 λογικὴ
637 896 772 951 αυτῆς
800 895 982 949 δύναμις
1021 892 1156 939 αυτοῦ
1182 898 1478 951 καθαπτομένη
1508 898 1630 940 τοῢΡ
1645 917 1687 951 70

118 961 354 1019 ἐγκεφάλου
383 963 440 1003 δι’
474 963 607 1003 αὐτοῦ
633 968 718 1011 τοῖς
747 962 876 1004 πᾶσιν
905 962 1133 1016 ἐπιλάμπει
1161 962 1234 1004 καί
1259 963 1484 1007 δείκνυται.
1513 964 1591 1005 καί

117 1044 228 1078 τινες
258 1029 360 1083 μέν,
413 1022 470 1070 ὧν
513 1024 574 1078 εἷς
602 1028 694 1071 ἐστι’
733 1031 806 1070 καί
832 1026 1148 1083 Ἀπολλινάριος
1180 1028 1202 1071 ὃ
1229 1031 1302 1084 τῆς
1324 1028 1586 1078 Λαοδικείας

117 1095 360 1149 ἐπίσκοπος,
399 1094 476 1136 δύο
529 1093 778 1146 δοξάζουσιν
810 1096 881 1137 ἐπί
903 1097 979 1137 τοῦ
1008 1094 1241 1151 ἀνθρώπου
1268 1093 1428 1150 ψυχάς.
1486 1099 1587 1137 καθ’

58 1157 272 1218 ιὸἒαυτὴν
299 1162 380 1218 γάρ
410 1157 519 1204 εἶναι
547 1163 716 1216 λέγουσι
746 1160 822 1218 τὴν
853 1161 1050 1216 ἀλογίαν,
1082 1161 1188 1204 αι’τὸ
1221 1160 1381 1217 δηλαδὴ
1413 1159 1460 1204 τὸ
1490 1161 1586 1203 α’λο-

115 1227 301 1284 γώτερον
344 1229 473 1282 μέρος
518 1228 592 1283 τῆς
630 1230 776 1284 ψυχῆς
814 1226 957 1283 ἡμῶν,
999 1227 1056 1279 ὥς
1086 1224 1236 1282 ἄλογον
1274 1226 1421 1283 ψυχὴν
1452 1223 1586 1270 οὖσαν

117 1293 192 1336 καὶ
219 1295 271 1335 025
310 1296 441 1350 μέρος
483 1297 558 1349 τῆς
583 1297 773 1350 λογικῆς,
815 1297 981 1350 πρῶτον
1008 1296 1087 1349 μὲν
1115 1292 1180 1337 ὅτι
1207 1294 1281 1337 καί
1306 1298 1404 1336 καθ’
1430 1291 1586 1348 ἑαυτὴν

117 1362 164 1404 ἐν
190 1365 278 1410 τοῖς
306 1358 475 1415 ἀλόγοις
509 1358 632 1412 ζώοις
658 1361 921 1416 εὖριᾙσκεται
955 1363 999 1412 ἐξ
1031 1377 1079 1403 ου
1107 1363 1234 1416 δῆλον
1261 1357 1329 1403 ὅτι
1354 1363 1489 1402 τελεία
1519 1376 1584 1409 τις

878 1423 897 1440 (Ι

118 1427 209 1469 ἔστι
237 1443 308 1469 και
341 1428 395 1468 ου’
419 1429 547 1482 μέρος
573 1422 726 1483 αλλης,
759 1424 843 1469 εἶθ’
874 1443 940 1469 οτι
966 1430 1051 1470 τῶν
1081 1424 1364 1469 ἀτοπωτάτων
1395 1428 1485 1468 ἐστι
1510 1429 1584 1481 τῆς

54 1510 106 1537 20
118 1495 286 1548 λογικνς
317 1494 463 1547 ψυχῆς
489 1495 618 1548 μέρος
640 1490 748 1536 εἶναι
776 1492 824 1536 τὸ
847 1488 1011 1549 αλογον.
1067 1490 1159 1535 ἀλλ’
1189 1488 1307 1535 ουτοι
1334 1494 1413 1546 μὲν
1450 1488 1583 1541 οὕτως

120 1561 197 1602 δύο
229 1558 481 1611 δοξάζουσιν
510 1561 582 1601 ἑπί
607 1562 683 1602 τοῦ
709 1556 944 1615 ἀνθρώπου
985 1560 1158 1614 ψυχάς,
1189 1561 1429 1614 ἐλέγχονται
1459 1560 1505 1600 δὲ
1532 1561 1583 1616 τῇ

119 1626 293 1685 λεγούσῃ
324 1624 421 1685 θεία
440 1628 587 1683 γραφῇ
613 1626 717 1680 »καὶ
745 1628 907 1683 ἐγένετο
929 1625 951 1668 ὃ
982 1622 1207 1684 ἅνθρωπος
1235 1627 1295 1676 εἰς
1322 1623 1468 1681 ψυχήν
1497 1626 1619 1678 ζεῦ-Β

215 1752 247 1785 7.
277 1739 300 1783 ἤ
327 1738 426 1787 δίκη]
453 1738 606 1782 divinet?

120 1846 214 1875 runt.
243 1847 299 1876 est
333 1842 444 1887 igitur
468 1853 487 1875 e
522 1846 619 1875 terra
642 1842 760 1887 pulvis
776 1867 785 1882 ,
812 1853 891 1875 cum
923 1842 1042 1875 anima
1068 1843 1116 1875 sit
1142 1854 1162 1875 a
1188 1842 1257 1875 deo
1283 1842 1455 1886 profecta.
1482 1842 1582 1886 quod

122 1889 272 1935 quidem
300 1889 461 1922 indicare
488 1889 610 1922 verbis
650 1888 706 1922 his
736 1889 881 1923 litterae
906 1901 1027 1922 sacrae
1060 1890 1190 1922 volunt
1215 1889 1408 1933 „spiritum
1433 1889 1581 1922 vitalem

119 1937 159 1970 in
182 1937 311 1970 faciem
343 1937 419 1970 eius
451 1936 659 1982 inspiravit,
696 1947 740 1969 ex
771 1947 843 1981 quo
886 1937 1050 1969 animans
1079 1939 1226 1969 effectus
1264 1937 1351 1970 est.’'
1377 1936 1510 1981 quibus
1535 1947 1581 1969 ex

119 1983 261 2025 verbis,
291 1985 320 2018 si
348 1985 507 2017 animum
530 1983 719 2024 advertas,
744 1984 934 2028 perspicue
961 1983 1146 2027 colligitur
1170 1995 1275 2015 unam
1306 1995 1383 2016 esse
1411 1984 1580 2024 animam,

121 2031 273 2065 diversis
303 2031 538 2065 facultatibus
578 2031 790 2076 praeditam.
817 2042 889 2075 quo
924 2031 965 2063 fit
1001 2036 1042 2063 ut
1076 2042 1140 2076 per
1179 2031 1384 2063 universum
1425 2042 1463 2064 se
1499 2043 1581 2064 cor-

119 2090 186 2124 pus
217 2078 338 2120 didat,
369 2085 404 2120 et
430 2079 570 2112 ratione
594 2078 777 2123 modoque
812 2083 1057 2110 consentaneo
1081 2077 1252 2110 membris
1281 2078 1433 2122 singulis
1461 2079 1581 2123 appli-

121 2132 232 2159 cetur.
257 2138 298 2160 ac
323 2138 404 2171 pars
440 2126 587 2171 quidem
615 2127 693 2159 eius
727 2126 791 2157 illa
818 2136 910 2170 quae
942 2125 1014 2158 vim
1042 2125 1223 2159 irascendi
1249 2127 1427 2166 continet,
1457 2125 1580 2159 sedem

120 2185 220 2207 sunm
245 2175 283 2207 in
309 2173 419 2207 corde
451 2174 566 2207 fertur
601 2174 791 2213 obtinere,
830 2173 943 2205 altera
980 2183 1065 2206 vero
1095 2184 1166 2218 qua
1204 2173 1512 2218 concupiscimus,
1540 2173 1580 2206 iu

120 2221 304 2262 iecinore,
352 2221 482 2261 tertia,
519 2233 612 2266 quae
642 2221 792 2254 rationis
821 2220 970 2252 facultas
1008 2226 1082 2261 est,
1108 2221 1147 2253 in
1173 2220 1322 2253 cerebro
1351 2221 1418 2253 sita
1449 2231 1513 2264 per
1541 2220 1581 2253 id

121 2268 288 2301 omnibus
314 2280 392 2301 sese
419 2268 590 2302 declarat.
621 2274 706 2302 sunt
732 2268 841 2301 etiam
866 2267 1055 2309 nonnulli,
1101 2279 1255 2314 quorum
1280 2273 1334 2301 est
1363 2268 1402 2300 in
1428 2279 1578 2300 numero

120 2315 368 2360 Apollinarius
405 2316 555 2349 antistes
592 2316 817 2355 Laodiceae,
861 2315 924 2359 qui
958 2315 1094 2348 animas
1131 2316 1170 2348 in
1208 2315 1356 2348 homine
1383 2314 1471 2347 duis
1500 2326 1579 2347 esse

120 2362 277 2396 tradunt.
296 2363 425 2396 volunt
443 2363 539 2396 enim
557 2363 790 2408 peculiariter
808 2367 843 2395 et
867 2373 1026 2395 seorsum
1051 2373 1128 2396 esse
1156 2369 1294 2407 partem
1318 2362 1414 2395 νίῖιε
1432 2367 1579 2394 nostrae

119 2409 263 2443 brutam
289 2421 329 2443 ac
357 2411 506 2443 rationis
526 2416 721 2455 expertem,
747 2410 848 2442 velut
872 2409 1023 2452 animam
1044 2410 1225 2455 quandam
1242 2410 1390 2442 minime
1419 2410 1577 2442 rationa-

122 2455 215 2498 lem,
251 2468 419 2503 quaeque
453 2469 499 2490 ne
523 2469 604 2502 pars
631 2457 780 2503 quidem
812 2457 859 2489 sit
887 2457 1071 2490 rationalis
1108 2458 1262 2490 animae.
1290 2456 1327 2489 id
1352 2457 1506 2501 primum
1532 2467 1578 2488 ex

123 2513 166 2536 eo
191 2510 380 2546 statuunt,
419 2505 517 2550 quod
542 2504 632 2538 haec
655 2504 893 2560 peculiariter
921 2515 962 2536 ac
986 2515 1145 2538 seorsum
1176 2506 1214 2537 in
1239 2504 1357 2537 brutis
1384 2504 1494 2536 etiam
1519 2514 1578 2535 re-

121 2551 293 2595 periatur.
320 2551 365 2584 de
392 2563 464 2597 quo
491 2553 665 2597 consequi
690 2552 819 2585 volunt
844 2561 921 2583 esse
949 2551 1062 2596 ipsam
1091 2552 1311 2596 perfectam,
1338 2562 1412 2583 non
1437 2555 1578 2596 partem

124 2597 283 2631 alterius.
310 2598 444 2632 deinde
478 2605 670 2644 propterea
696 2598 796 2645 quod
830 2598 984 2631 maxime
1007 2600 1054 2633 sit
1078 2599 1272 2632 absurdum
1302 2599 1440 2630 animae
1468 2598 1580 2631 ratio-

122 2644 216 2677 nalis
242 2651 381 2699 partem
420 2658 496 2680 esse
524 2646 564 2679 id
592 2646 692 2692 quod
718 2646 870 2679 rationis
911 2656 1036 2689 expers
1061 2647 1108 2680 sit
1137 2653 1247 2691 atque
1274 2646 1433 2679 brutum.
1461 2645 1512 2678 sic
1538 2644 1577 2677 hi

125 2691 214 2724 duas
240 2692 277 2725 in
305 2692 451 2726 homine
477 2694 615 2727 animas
637 2706 698 2726 sua
724 2692 872 2738 quidem
902 2693 1074 2737 opinione
1099 2695 1336 2727 constituunt.
1364 2703 1487 2726 verum
1514 2703 1582 2736 per

126 2738 268 2773 litteras
292 2751 407 2775 sacras
434 2741 653 2781 refutintur,
686 2752 838 2786 quarum
865 2739 954 2773 haee
983 2741 1090 2775 verba
1115 2747 1198 2775 sunt
1228 2740 1360 2782 „homo
1382 2740 1498 2774 sactus
1525 2745 1580 2772 est
