1826 3120
597 140 892 186 ANNALmM'
924 143 1061 186 PARS
1110 143 1179 183 w.
1491 125 1608 200 479

151 239 381 297 Νεκτάριον
424 241 523 292 τοὺς
554 244 626 298 τῆς
654 242 874 298 ἐκκλησίας
906 241 1052 294 οἴακας
1071 242 1106 285 ,ὅ
1132 245 1447 300 χρυσορρήμων
1471 242 1614 288 Ἰωάν-

150 325 223 365 νης
268 306 340 350 καὶ
367 310 462 351 λίαν
492 309 630 358 καλῶς
660 311 924 364 ἀναδέχεται.
968 305 1092 360 οὗτος
1121 307 1253 359 πολύς
1284 304 1335 364 ἦν
1356 313 1460 367 ,περὶ
1477 308 1523 354 τὸ
1544 314 1613 354 λε’-

149 391 256 431 γειν.
309 368 342 432 ᾧ
374 375 447 416 καί
471 373 681 429 Λιβάνιος
709 375 733 416 ὅ
756 375 1009 427 διδάσκαλος
1032 377 1169 419 αὐτοῦ
1186 376 1612 434 προσεμαρτύρησεν·

150 441 381 498 ἐρωτηθεὶς
424 440 507 497 γὰρ
543 437 639 484 ἄνθ’
679 439 838 485 ἑαυτοῦ
871 443 964 486 τίνα
1006 443 1292 498 προβάλλεται
1333 441 1650 498 διδάσκαλον,Β

112 505 344 564 5Ἰωάννην
375 504 523 561 ἐἶπεν,
563 510 605 551 εἰ
642 506 702 564 μή
728 525 835 559 ,πως
864 508 902 552 οἱ
933 512 1186 566 Χριστιανοὶ
1209 511 1356 553 τοῦτον
1387 511 1462 567 ἀφ’
1490 510 1613 566 ἡμῶν

149 573 433 631 οἶπεσύλησαν.
492 573 848 618 ὀκτωκαιδέκατον
886 575 970 631 γὰρ
1011 574 1106 625 ἔτος
1136 572 1250 630 ἄγων
1278 576 1514 633 ἅφηνιάσεν
1540 578 1611 620 εἶπ’

150 641 300 695 azimis,
330 644 405 683 καί
429 640 512 682 ὑπὸ
543 644 760 683 Μελετίου
787 641 1043 695 piamen-9229
1064 643 1139 684 καί
1163 645 1482 699 χειροτονηθείς
1510 647 1613 687 α’να-

147 705 332 763 ymbe-tm
350 707 592 763 ἀνεχώρησε
620 709 695 750 καί
721 705 926 763 οἷπεκάρη,
954 711 1028 750 καί
1040 707 1093 751 τὰ
1116 711 1216 751 θεῖα
1238 709 1460 764 διδαχθείς
1478 712 1613 753 ἐκεῖσε

147 774 276 816 πάλιν
321 772 574 830 ὑπέστρεψε.
645 776 807 829 γίνεται
854 774 1071 827 διάκονος,
1119 773 1235 830 παροὶ
1279 776 1327 817 δὲ
1367 778 1614 830 Φλαβιανοῦ

89 840 442 898 Ιῡπρεσβύτερος.
489 838 730 894 διεβάλλετο
754 842 801 882 δὲ
824 837 847 901 ὅ
879 842 1011 896 μέγας
1038 841 1096 891 ὥς
1123 837 1261 897 ὀφρύϊ
1272 841 1379 884 κατὰ
1399 845 1483 886 τῶν
1503 843 1613 898 zimp-

147 906 254 951 κόων
288 909 455 961 μείζονι
488 907 720 962 χρώμενος.
779 904 880 950 ὅθεν
910 907 933 948 ὅ
962 906 1272 963 Πηλουσιώτης
1299 910 1507 963 Ἰσίδωρος
1540 910 1614 952 καί

144 973 345 1030 μαθητὴς
373 973 505 1016 αὐτοῦ
535 971 980 1029 ὖπεραπολογούμενος
1000 976 1077 1016 τοῦ
1096 973 1299 1029 μεγάλου,
1327 974 1402 1017 τὸν
1425 971 1652 1030 ἄρχονταῦ

146 1038 285 1096 ἔλεγεν
312 1037 377 1083 ὅτι
423 1039 498 1082 καὶ
536 1038 700 1094 οἷγαθὸν
729 1035 837 1083 εἶναι
863 1041 935 1082 δεῖ·
952 1039 1026 1085 καί
1057 1038 1257 1096 φοβερόν.
1313 1039 1422 1091 τίνος
1450 1043 1613 1095 ἕνεκενς

147 1102 215 1150 ὅτι
255 1105 329 1149 καί
362 1105 525 1160 α’γαθοὶ.
561 1106 636 1148 καί
675 1107 853 1162 πονηροὶ
889 1108 1046 1158 ἐντοῖς
1077 1109 1328 1164 α’ρχομένοις
1356 1104 1614 1163 ὗποὶρχουσι.

88 1177 136 1220 15
146 1172 253 1229 μετὰ
283 1174 331 1216 δὲ
357 1175 494 1216 ταῦτα
528 1172 634 1228 πρός
664 1189 711 1228 γε
739 1172 814 1229 τὴν
844 1172 1128 1228 μεγαλόπολιν
1148 1171 1333 1228 ἔρχεται,
1367 1173 1442 1217 καί
1459 1176 1519 1225 εἰς
1541 1175 1616 1219 τὸν

147 1237 457 1299 πατριαρχικὸν
497 1239 654 1294 θρόνον
692 1238 908 1293 ἀνάγεται.
987 1238 1243 1281 ἀνθίσταται
1288 1242 1341 1297 τῇ
1384 1243 1613 1300 βασιλίσσῃ

148 1306 347 1364 Εὔδοξίᾳ,
379 1305 535 1359 πάσχει
563 1304 695 1347 πολλοὶ
729 1303 800 1347 διὰ
831 1307 953 1347 τοῦτο
987 1303 1120 1347 δεινά.
1179 1301 1260 1360 ὅρα
1287 1305 1369 1361 γάρ
1399 1302 1464 1350 ὅτι
1491 1307 1566 1350 καὶ
1586 1308 1612 1349 ὅ

147 1373 281 1427 μέγας
309 1369 550 1428 Ἐπιφάνιος
577 1373 622 1414 ἐν
650 1372 708 1430 τῷ
730 1371 919 1429 Ἑβδόμῳ
948 1369 1086 1413 ἐλθών
1111 1373 1376 1427 χειροτονίας
1403 1373 1477 1415 καί
1503 1390 1607 1417 συν..

148 1437 261 1490 άξεις
300 1437 418 1492 παρὰ
455 1439 533 1492 τήν
564 1436 761 1482 Ἰωάννου
805 1439 977 1493 ἐποίησε
1016 1437 1216 1494 yvaipnqv·
1272 1439 1346 1481 καί
1377 1435 1498 1490 οὗτος
1525 1440 1608 1495 γὰρ

84 1511 239 1555 aetate
269 1503 351 1546 ὑπὸ
385 1505 600 1560 Θεοφίλου
639 1503 744 1546 κατὰ
786 1506 860 1545 τοῦ
887 1503 1011 1557 ἁγίου
1039 1506 1363 1560 μελετηθείσαις
1393 1507 1612 1559 διαβολαῖς

149 1572 485 1629 προκατείληπτο.
545 1570 572 1625 ἦ
600 1572 744 1623 μέντοι
767 1571 953 1621 Ειῖδοξια
985 1569 1055 1613 τὸν
1082 1573 1218 1627 μέγαν
1247 1572 1487 1629 Ἐπιφάνιον
1511 1573 1654 1630 ἦρέ-ο

149 1807 324 1854 mugitum
348 1803 487 1845 edidit,
514 1804 744 1848 maximoque
774 1806 873 1836 motu
902 1807 1095 1836 terri-arum
1122 1801 1220 1835 orbis
1245 1802 1435 1836 universus
1461 1813 1611 1837 concus-

150 1864 210 1890 sus
236 1860 302 1888 est.
350 1857 436 1899 post
467 1851 676 1885 Nectar-ium
723 1850 899 1883 ecclesiae
929 1849 1145 1894 Cpolitanae
1178 1848 1419 1893 gubernacula
1455 1850 1610 1884 Iohanni

149 1913 257 1937 aureo
292 1900 348 1935 illi
374 1900 508 1933 oratori
532 1909 661 1943 magno
688 1908 767 1930 cum
793 1897 890 1930 bono
917 1896 1064 1941 publico
1091 1900 1176 1929 sunt
1203 1897 1401 1930 commissa.
1450 1898 1504 1931 vir
1532 1903 1611 1932 erat

151 1949 485 1996 eloquentissimus,
513 1952 549 1980 et
571 1945 688 1991 ipsius
717 1945 826 1978 etiam
850 1944 995 1977 Libanii
1012 1943 1173 1988 magistri
1199 1943 1253 1976 sui
1278 1944 1486 1977 testimonio
1512 1956 1611 1979 com-

149 1996 360 2032 mendatus:
386 1996 625 2038 interrogatus
651 1992 746 2025 enim
772 2003 963 2037 quemnam
997 2002 1062 2023 suo
1097 1990 1178 2024 loco
1206 1990 1390 2024 doctorem
1415 1991 1607 2038 discipulis

149 2042 432 2092 praeficiendum
470 2041 666 2082 iudicaret,
702 2038 944 2081 „Iohannem”
967 2038 1098 2083 inquit,
1124 2038 1221 2080 „nisi
1249 2038 1447 2073 Christiani
1474 2051 1517 2073 eo
1541 2052 1609 2074 nos

150 2095 353 2137 intercepto
386 2089 634 2136 spoliassent.'’
685 2087 822 2133 quippe
857 2098 937 2118 cum
972 2097 1107 2119 annum
1141 2086 1271 2119 aetatis
1301 2092 1464 2120 octavum
1498 2093 1608 2134 atque

151 2140 331 2174 decimum
355 2142 486 2183 ageret,
509 2136 700 2169 Libanium
724 2134 930 2178 magistrum
962 2133 1122 2179 reliquit,
1148 2138 1184 2167 et
1209 2144 1230 2166 a
1253 2133 1405 2168 Meletio
1429 2134 1608 2180 baptissa-

150 2193 211 2222 tus
235 2188 423 2232 lectorque
450 2185 657 2229 designatus
683 2182 864 2215 solitarios
891 2180 938 2214 ad
957 2191 1119 2214 secessus
1145 2191 1224 2214 sese
1247 2191 1348 2215 coma
1379 2187 1484 2216 tonsa
1509 2195 1608 2216 rece-

151 2235 218 2281 pit.
266 2235 308 2269 In
334 2234 378 2266 iis
405 2244 459 2266 res
482 2232 622 2265 divinas
653 2229 801 2263 edoctus
835 2228 882 2261 ad
909 2228 1099 2262 Meletium
1133 2229 1346 2271 revertitur,
1385 2234 1422 2263 et
1463 2229 1610 2265 diaconi

152 2293 284 2316 munus
320 2282 470 2325 accepit.
519 2279 604 2313 inde
634 2278 825 2310 Flavianus
855 2275 1077 2309 sacerdotem
1100 2281 1206 2309 creat.
1255 2288 1366 2310 unum
1402 2278 1440 2310 in
1477 2279 1607 2311 eximio

153 2330 230 2363 viro
254 2328 424 2362 nonnulli
454 2325 750 2364 criminabantur,
779 2322 877 2368 quod
902 2325 940 2357 in
969 2322 1132 2356 subditos
1163 2324 1324 2368 graviore
1352 2324 1522 2358 nonnihil
1547 2337 1607 2359 su-

154 2378 305 2422 percilio
344 2381 516 2409 uteretur.
581 2385 652 2419 qua
688 2371 833 2417 quidem
868 2371 912 2405 ‹le
938 2381 974 2403 re
999 2381 1164 2415 magnum
1186 2370 1283 2404 hunc
1307 2371 1422 2405 virum
1446 2372 1607 2406 Isidorus

156 2425 386 2464 Pelusiensis‚
413 2423 474 2468 qui
501 2433 543 2454 eo
569 2421 737 2465 magistro
767 2419 838 2451 suit
866 2430 962 2458 usus,
984 2429 1137 2463 purgans
1162 2424 1270 2464 atque
1291 2418 1503 2459 defendens,
1525 2430 1608 2454 eum

156 2471 219 2516 qui
251 2472 330 2504 aliis
353 2470 509 2516 praesit,
546 2475 583 2502 et
607 2468 741 2500 bonum
769 2477 845 2499 esse
872 2465 1005 2498 debere
1028 2467 1239 2510 pronuntiat
1264 2471 1300 2499 et
1325 2466 1605 2501 formidabilem.

157 2518 389 2564 quamobrem
422 2516 544 2550 istuc?
575 2515 745 2561 quoniam
783 2519 859 2546 tum
890 2512 980 2546 boni
1020 2518 1094 2546 tum
1130 2514 1217 2546 mali
1240 2514 1315 2547 sint
1338 2514 1434 2547 inter
1458 2525 1517 2547 eos
1543 2516 1606 2561 qui

157 2566 203 2599 ab
231 2566 309 2599 aliis
334 2571 513 2610 reguntur.
563 2562 762 2596 secundum
786 2560 874 2593 haec
901 2571 1062 2605 magnam
1091 2561 1136 2594 ad
1161 2560 1286 2594 urbem
1310 2560 1403 2594 hanc
1427 2563 1545 2603 venit,
1571 2569 1608 2596 et

157 2614 196 2646 in
216 2613 344 2646 solium
369 2610 647 2659 patriarchicum
674 2609 835 2643 sublatus
861 2608 1043 2642 Eudoxiae
1067 2609 1286 2654 imperatrici
1311 2614 1424 2642 semet
1442 2611 1607 2656 opponit,

158 2672 272 2706 eaque
312 2660 356 2692 de
393 2672 497 2692 causa
531 2658 646 2690 multa
682 2667 767 2689 saue
801 2655 947 2688 adversa
975 2655 1123 2701 perfert.
1171 2668 1252 2690 nam
1276 2667 1354 2689 cum
1380 2655 1608 2691 Hebdomum

157 2719 304 2752 magnus
327 2706 549 2752 Epiphanius
576 2705 639 2738 ille
666 2704 834 2743 venisset,
861 2707 1003 2748 praeter
1026 2703 1199 2737 Iohannis
1223 2704 1448 2738 voluntatem
1474 2705 1605 2739 multos

158 2756 266 2790 sacris
286 2754 454 2790 initiabat
483 2759 519 2789 et
543 2757 739 2791 conventus
765 2751 903 2796 agebat:
953 2751 1087 2798 quippe
1113 2751 1424 2788 criminationibus
1444 2764 1463 2787 a
1482 2752 1604 2787 Theo-
