1826 3120
611 154 893 196 ANNALIUM
934 154 1069 196 PARS
1111 157 1141 195 12
1432 162 1435 165 '
1519 156 1594 209 99

143 261 300 320 ρούσης
317 266 392 319 τῆς
412 266 555 320 ψυχῆς
571 267 622 323 τῇ
642 265 864 325 περιουσίᾳ
884 269 961 308 τοῦ
977 267 1142 320 λόγου.“’
1162 261 1250 321 εἶχε
1268 266 1346 319 μὲν
1375 259 1450 306 οὖν
1469 281 1596 306 συνυ-
1612 276 1645 308 P.
1662 275 1703 309 52

140 333 447 386 πογεννηθῆναι
467 333 524 389 τῷ
545 330 755 391 ἀνθρώπῳ
782 331 833 374 τὰ
856 330 994 374 πάντα
1015 331 1128 386 μετὰ,
1141 334 1212 374 καί
1228 334 1306 375 ‘tofi'
1321 328 1446 386 λόγου
1465 332 1597 374 αὐτοῦ

141 395 245 438 κατὰ
279 397 448 439 πλειόνα
477 398 737 454 φιλοτιμίαν.
799 400 892 441 ἀλλ’
924 397 1131 451 ου’μενοῦν
1150 398 1185 454 ἦ
1216 399 1292 441 τοῦ
1321 398 1443 452 λόγου
1473 395 1600 452 χάρις

142 460 341 506 ἐντεῦθεν
371 465 597 507 ἐδείκνυτο,
657 465 835 519 α’νάγκης
863 461 944 519 γὰρ
974 463 1033 519 μὴ
1062 460 1190 520 οὔσης
1221 466 1304 507 τίνι
1326 461 1379 507 ἂν
1405 465 1432 520 ἦ
1464 461 1600 506 αὐτοῦ

106 524 330 583 ὅένέργεια
382 528 577 586 διάδηλος
614 533 778 585 γε’γονε;
817 528 920 572 κατοὶ
951 533 1077 573 τοῦτο
1107 532 1152 572 δὲ
1180 530 1296 586 παρὰ
1324 536 1410 580 τοῖς
1438 529 1601 585 ἀλόγοις

144 594 268 645 ζώοις
297 598 370 638 καί
394 593 614 652 αἰσθήσεις
634 628 646 650 ,
676 592 748 638 ἅτε
778 593 903 650 λόγου
932 594 989 651 μὴ
1022 592 1136 645 ὄντος
1146 629 1159 649 ,
1188 594 1463 651 τετράνωνται
1481 614 1491 625 ·
1549 597 1598 640 τὸ

140 659 223 716 γὰρ
254 663 443 704 ἐλλεῖπον
474 666 550 704 τοῦ
574 661 702 717 λόγου
730 664 781 720 τῇ
807 661 1034 721 περιουσία
1063 665 1145 705 τῶν
1176 661 1416 718 αἰσθήσεων
1445 661 1601 706 πανσό-

141 743 235 783 φως
267 728 289 770 ὅ
319 731 404 771 τῶν
431 728 632 771 ἁπάντων
658 729 992 784 παρεμυθήσατο
1021 728 1240 784 πρύτανις.

251 795 363 838 Ἀλλ’
405 792 484 851 ὅρα
525 795 604 838 κᾶν
634 794 797 844 τούτοις
843 794 918 850 τήν
947 797 1197 850 κηδεμονίαν
1233 797 1460 841 wistano.
1517 813 1602 850 μα·

80 872 128 900 10
140 859 240 916 κρὸς
267 858 289 902 ὅ
331 860 543 917 τράχηλος
586 864 662 917 τῆς
706 860 898 917 καμήλου
942 864 1054 913 τίνος
1082 864 1240 916 {vexem-
1270 863 1338 906 ἵνα
1363 869 1448 912 τοῖς
1480 865 1603 905 ποσίν

138 925 395 983 ἐξισοίζηται,
427 930 498 970 καί
538 930 760 984 ἐφικνῆται
787 930 861 983 τῆς
888 927 1064 984 βοτάνης
1089 930 1134 980 ἐξ
1161 924 1212 985 ἧς
1242 930 1392 986 α’ποζῇ.
1449 925 1528 971 ὅσα
1556 931 1639 971 δὲΒ

137 996 221 1037 τῶν
257 991 376 1046 ζώων
405 996 480 1036 οὐκ
511 993 594 1037 οἷπό
628 997 701 1050 τῆς
729 992 838 1044 πόας
875 993 948 1050 τὴν
978 994 1089 1051 ζωήν
1117 989 1235 1050 ἔχει,
1266 997 1366 1038 οὐδὲ
1394 994 1497 1051 πρὸς
1526 997 1603 1051 γῆν

137 1060 365 1113 κυπτάζειν
412 1059 772 1116 καταναγκάζεται
807 1057 879 1103 ἅτε
922 1060 973 1115 δή
1004 1059 1250 1118 σαρκοβόρα
1281 1057 1402 1116 ὄντα,
1434 1062 1604 1118 βραχὺν

138 1127 213 1169 καί
240 1133 326 1177 τοῖς
354 1122 486 1181 ὤμοις
511 1124 764 1170 ἐνδεδυκότα
792 1126 892 1181 ἔσχε
919 1125 994 1169 τόν
1021 1128 1246 1184 τράχηλον.
1281 1127 1351 1171 διὰ
1381 1131 1503 1170 τοῦτο
1531 1130 1605 1171 καί

79 1189 165 1249 1Βῆ
194 1196 431 1248 προνομαιά
465 1191 699 1249 δεδώρηται
727 1194 783 1250 τῷ
825 1195 1048 1251 ἐλέφαντι,
1082 1193 1161 1250 τὴν
1192 1197 1352 1250 βρῶσιν
1381 1197 1454 1237 καί
1480 1193 1604 1236 πόσιν

137 1259 236 1301 α’ντί
268 1261 344 1301 τοῦ
383 1257 597 1314 τραχήλου
640 1258 889 1312 κομίζουσα.
965 1259 1059 1301 ἐπεὶ
1100 1261 1146 1302 δὲ
1183 1261 1243 1309 εἰς
1283 1258 1476 1317 ἔκπληξιν
1519 1263 1604 1302 τῶν

138 1322 336 1380 δρώντων
363 1323 408 1367 τὸ
443 1327 567 1376 σῶμα
605 1321 735 1367 αὐτοῦ
759 1325 831 1367 καί
859 1324 969 1368 πάνυ
1005 1328 1111 1381 μέγα
1143 1326 1367 1369 ἐσκεύαστο
1378 1360 1391 1381 ,
1421 1328 1476 1368 δι’
1504 1326 1606 1369 αὐτὸ

139 1393 264 1433 τοῦτο
292 1393 365 1433 καί
402 1391 694 1448 α’διάρθρωτοι
732 1392 871 1434 αὐτοῦ
899 1392 938 1434 οἱ
967 1392 1095 1442 πόδες
1116 1393 1310 1447 καθάπερ
1340 1395 1448 1442 τινὲς
1473 1394 1606 1443 κίονες

131 1447 186 1500 ’τὸ
215 1455 347 1512 βάρος
384 1457 758 1514 ὗποστηρίζοντες·
827 1459 869 1500 εἰ
905 1459 985 1514 γὰρ
1033 1461 1175 1513 χαῦνα
1206 1459 1320 1517 αὐτῷ
1352 1458 1424 1501 καί
1451 1462 1605 1514 δίυγρα

74 1541 127 1569 20
140 1520 328 1579 ὕπετὲθη
354 1523 406 1566 τὰ
447 1525 585 1578 κῶλα,
625 1530 817 1578 συνεχεῖς
847 1521 900 1566 ἂν
930 1526 1116 1578 ἐγένοντο
1146 1527 1231 1567 τῶν
1258 1520 1433 1582 ἄρθρων
1461 1525 1507 1567 αἱ
1535 1527 1604 1567 ἐκ·

138 1590 307 1646 τροπαί.
377 1588 487 1632 α’λλὰ
528 1588 601 1632 καί
637 1589 858 1645 τριακόσια
889 1589 962 1645 ἔτη
999 1590 1220 1647 ἱστοροῦσί
1243 1607 1352 1642 τινες
1378 1593 1500 1645 βιοῦν
1527 1591 1601 1634 τόν

140 1657 365 1714 ἐλέφαντα.
429 1656 479 1698 οὖ
508 1658 667 1711 μᾶλλον
692 1657 768 1708 δέ,
807 1659 961 1713 φησίν,
1000 1653 1163 1712 ἄγαμαι
1189 1657 1262 1700 τὸν
1291 1659 1498 1715 ἐλέφαντα
1528 1661 1639 1700 τοῦθ

141 1862 182 1890 ut
193 1861 368 1898 caeterae,
393 1855 586 1900 supplente
614 1854 783 1887 nimirum
812 1855 930 1888 animo
956 1866 1022 1901 per
1049 1856 1197 1889 rationis
1223 1855 1475 1890 excellentiam
1499 1856 1599 1902 quod

139 1903 350 1949 corporibus
386 1902 522 1935 deest.''
560 1903 739 1947 potuisset
774 1902 921 1947 quidem
962 1903 1100 1935 homini
1137 1904 1299 1936 nascenti
1324 1904 1433 1937 etiam
1455 1911 1600 1949 praeter

140 1953 317 1985 rationem
343 1950 415 1983 alia
438 1950 600 1983 tribuere
625 1950 763 1990 omnia,
791 1960 915 1982 verum
939 1948 1008 1982 hoc
1032 1949 1141 1982 modo
1170 1951 1319 1983 rationis
1345 1951 1459 1995 gratia
1483 1951 1598 1985 hene„

139 1999 335 2044 liciumque
371 2009 445 2031 non
471 1997 657 2030 eluxisset.
693 2008 774 2029 nam
799 1997 829 2029 si
855 1996 950 2029 nihil
976 1997 1009 2030 ei
1033 1998 1274 2031 necessarium
1299 1998 1417 2038 foret,
1444 2009 1598 2043 quanam

140 2057 178 2080 re
201 2046 255 2080 vis
281 2046 357 2078 eius
383 2044 567 2078 declarata
595 2044 748 2077 fuisset?
775 2043 900 2077 eadem
932 2043 976 2076 de
1003 2055 1107 2077 causa
1133 2044 1251 2078 brutis
1277 2044 1493 2079 animalibus
1520 2046 1599 2080 dati

139 2098 225 2127 eunt
248 2104 374 2126 sensus
399 2093 564 2133 acriores,
594 2092 648 2126 uti
668 2102 758 2137 quae
784 2091 923 2125 ratione
937 2097 1109 2125 carerent.
1135 2091 1318 2136 sapienter
1342 2092 1437 2125 enim
1466 2093 1598 2137 guber-

138 2146 244 2174 nator
269 2140 334 2174 ille
371 2140 615 2174 universitatis
653 2139 760 2172 huius
790 2138 970 2172 defectum
1005 2144 1043 2172 et
1066 2138 1228 2184 inopiam
1251 2140 1405 2173 rationis
1427 2150 1598 2174 sensuum

139 2188 336 2222 acrimonia
358 2188 649 2234 praestantiaque
674 2187 928 2231 compensavit.

232 2235 299 2269 Hic
324 2236 432 2269 etiam
455 2236 494 2268 in
522 2235 628 2268 rebus
652 2244 769 2266 curam
805 2232 1141 2279 providentiamque
1167 2233 1226 2267 dei
1252 2234 1489 2268 considerato.
1513 2234 1595 2268 lon-

139 2293 222 2328 gum
258 2283 413 2316 camelus
454 2279 586 2316 collum
611 2281 732 2315 habet.
759 2280 1018 2326 quamobrem?
1054 2287 1096 2315 ut
1119 2281 1231 2326 pedes
1263 2288 1456 2327 aequaret,
1483 2288 1594 2328 atque

137 2331 343 2376 pertingere
368 2336 493 2375 posset
517 2329 564 2363 ad
590 2329 719 2363 herbas
745 2329 874 2374 quibus
910 2328 1060 2362 victitat.
1086 2339 1322 2375 quaecunque
1347 2339 1432 2362 vero
1457 2330 1594 2362 anima-

140 2378 189 2411 lia
211 2378 345 2412 victum
369 2388 388 2411 e
414 2383 507 2411 terra
532 2388 606 2411 non
629 2377 783 2417 habent,
809 2387 876 2409 nec
900 2374 946 2408 ad
959 2381 1089 2409 terram
1113 2382 1222 2421 caput
1243 2375 1434 2410 demittere
1459 2388 1593 2422 cogun-

140 2429 201 2458 tur
223 2426 277 2458 uti
311 2436 404 2470 quae
430 2424 595 2458 carnibus
632 2430 845 2464 vescuntur,
869 2422 978 2456 breve
1004 2424 1137 2456 collum
1164 2429 1201 2457 et
1220 2424 1315 2457 intra
1339 2423 1507 2457 humeros
1530 2434 1594 2456 ve-

141 2471 198 2505 lut
235 2471 399 2506 abditum
430 2471 577 2506 habent.
611 2478 802 2518 propterea
838 2469 1022 2515 proboscis
1059 2470 1254 2516 elephanto
1289 2470 1373 2504 data
1404 2477 1474 2511 est,
1500 2481 1594 2516 quae

142 2519 227 2552 colli
253 2520 333 2554 loco
370 2520 490 2553 cibum
514 2525 623 2565 atque
652 2525 777 2564 potum
804 2518 836 2550 ei
862 2517 1117 2552 subministrat.
1142 2519 1227 2564 quia
1250 2529 1334 2552 vero
1360 2529 1487 2562 corpus
1517 2518 1593 2550 eius

142 2573 382 2611 comparatum
419 2566 465 2600 ad
500 2572 739 2612 spectatorum
781 2565 1054 2599 admirationem
1079 2571 1115 2599 et
1144 2567 1269 2610 ingens
1294 2564 1486 2598 admodum
1518 2570 1594 2607 est,

144 2612 273 2646 iccirco
304 2614 416 2659 pedes
454 2615 563 2648 etiam
590 2614 703 2659 ipsius
729 2618 850 2646 carent
885 2612 1065 2654 articulis,
1103 2614 1207 2659 quasi
1243 2612 1385 2658 pondus
1413 2611 1594 2658 quoddam

144 2660 381 2695 sustinentes:
419 2673 501 2694 nam
534 2662 564 2694 si
596 2661 765 2694 mollibus
792 2666 828 2693 et
853 2658 1008 2694 humidis
1043 2660 1212 2694 membris
1237 2660 1473 2700 inniteretur,
1499 2669 1594 2692 nun-

145 2717 253 2751 quam
275 2719 350 2742 non
375 2709 516 2742 articuli
544 2709 757 2742 laxarentur.
784 2707 930 2740 tradunt
955 2707 1062 2741 etiam
1085 2707 1273 2746 nonnulli,
1298 2706 1382 2740 CCC
1412 2712 1506 2740 totos
1529 2717 1593 2738 an-

143 2764 209 2787 nos
237 2754 467 2799 elephantum
489 2757 618 2790 vivere.
648 2766 767 2801 neque
789 2765 872 2788 vero
897 2755 1018 2799 magis,
1048 2754 1166 2801 inquit
1193 2754 1287 2788 idem
1315 2753 1487 2795 Basilius,
1515 2753 1592 2786 ele·-
