1826 3120
246 137 283 190 6
683 151 969 194 MlcuAELls
1011 152 1227 197 GLYCAE

243 250 388 306 ἐπειδὴ
416 249 497 306 γάρ
539 250 591 293 τὰ
622 251 799 304 θεμέλια
837 252 1166 306 καταβάλλονται
1192 254 1416 311 πρότερον,
1445 251 1526 298 εἶθ’
1548 252 1683 306 οὕτως

243 317 266 360 ὃ
296 313 463 374 ὄροφος,
492 315 579 359 ἔδει
605 315 770 366 πάντως
787 319 1064 375 παραχθῆναι
1091 317 1166 374 τὴν
1193 321 1270 376 γῆν
1293 319 1366 363 καὶ
1396 320 1491 363 τότε
1520 319 1590 364 τὸν
1611 318 1683 363 οὖ-

244 383 382 441 ρανόν.
417 380 524 425 ἄλλα
552 380 611 437 μὴ
640 381 837 436 θαύμαζε
873 383 1019 427 τούτου
1048 386 1196 433 ἕνεκεν.
1265 385 1407 441 ἐπειδὴ
1435 384 1514 442 γὰρ
1544 385 1679 443 πάντα

240 452 318 493 τοῦ
353 448 463 491 θεοῦ
493 446 600 503 ὑπὲρ
629 447 759 503 φύσιν
795 449 887 493 ἐστὶ
920 450 994 492 καί
1033 451 1179 507 τέχνης
1218 452 1496 508 ἀκολουθίαν,
1537 452 1682 496 καινὸν

239 513 407 564 πάντως
435 515 559 556 ου’ὃὲν
605 512 687 568 εἴγε
730 514 802 557 καί
830 515 901 558 ἐπὶ
925 518 997 571 τῆς
1022 519 1096 559 τοῦ
1121 516 1279 571 κόσμου
1305 518 1455 561 τούτου
1483 521 1717 574 anonym-5

237 584 315 637 γῆς
341 580 416 622 τὸν
450 578 631 634 ου’ρανόν
659 581 826 636 ἐποίησε
844 581 1069 639 πρότερον,
1102 579 1190 626 εἶτα
1217 583 1294 640 τὴν
1322 585 1411 639 γῆν.
1467 582 1541 626 καί
1569 581 1681 628 οὕτω

236 649 316 700 μὲν
343 645 367 688 ὅ
394 646 612 696 θειότατος
634 646 856 703 Ἰωάννης·
930 649 1064 704 ἕτεροι
1093 650 1139 692 δέ
1165 666 1295 706 φασιν
1325 647 1390 693 ὅτι
1418 648 1440 692 ὅ
1468 651 1682 704 α’ριστοτὲ-

233 729 339 767 χνης
366 710 467 762 θεὸς
502 710 575 754 τὸν
603 713 785 768 ου’ρανὸν
819 712 1021 771 πρότερον
1049 713 1326 771 παραγαγών,
1351 712 1442 759 εἶτα
1474 715 1551 771 τῆν
1574 717 1680 770 γῆν,

236 778 476 835 ἀπόρρητον
504 779 639 820 αὐτοῦ
665 781 822 837 σοφίαν
850 783 924 823 καί
950 782 1097 837 τέχνην
1113 784 1391 838 παρέστησεν.
1417 779 1560 836 ἐπειδὴ
1583 780 1679 838 γάρ,

152 841 293 893 Raetis
326 844 350 886 ὅ
380 843 432 887 τά
463 848 562 887 θεῖα
591 844 723 902 σοφὸς
748 846 977 902 Γρηγόριος
1005 846 1025 889 ὅ
1056 845 1231 903 Νύσσης
1257 847 1386 904 φησίν
1413 844 1478 890 δ’τι
1503 847 1573 890 διὰ
1602 850 1680 903 ’τῆς
1697 863 1745 891 ιο

237 910 374 962 ὄξειάς
398 912 596 967 κινήσεως
632 914 711 954 τοῦ
741 912 942 968 οὐρανίου
983 914 1177 967 σώματος
1205 913 1430 969 ἓδροίζεται
1461 912 1564 956 κατὰ
1592 913 1681 968 χιό·-

235 977 363 1032 ραςῆ
392 980 446 1033 γῆ
472 977 545 1019 καί
589 978 890 1035 συσφίγγεται,
917 977 1070 1036 ἔπρεπε
1098 980 1262 1030 πάντως
1289 979 1360 1022 τὸν
1387 981 1571 1035 συνοχέα
1599 988 1680 1022 πα-

234 1044 453 1098 ραχθῆναι
481 1043 712 1099 πρότερον,
756 1041 846 1086 εἶτα
874 1043 944 1087 τὸν
972 1043 1264 1099 συνεχόμενον.
1321 1046 1361 1088 εἰ
1387 1047 1433 1088 δὲ
1461 1043 1534 1088 καὶ
1557 1046 1682 1088 πλέον

233 1105 514 1164 ἑπαπορήσειέ
542 1126 604 1159 τις
633 1110 817 1151 ἐνταῦθα
836 1142 847 1160 ,
879 1112 967 1159 πῶς
994 1110 1020 1166 ἦ
1049 1113 1117 1166 γῆ,
1148 1111 1302 1166 λέγων,
1332 1111 1408 1153 οὐκ
1437 1112 1580 1166 ἐξέστη
1607 1111 1682 1166 τῆς

235 1175 392 1222 οἰκείας
420 1172 585 1227 βάσεως
631 1173 829 1230 α’κινήτου
856 1178 931 1218 τοῦ
963 1172 1149 1232 οὐρανοῦ
1176 1176 1409 1231 γεγονότος,
1435 1173 1493 1226 ὥς
1520 1177 1565 1218 ἐν
1594 1181 1682 1227 τοῖς
1697 1178 1745 1222 15

234 1238 341 1294 πρὸς
372 1240 612 1282 Θαλάσσιον
643 1237 664 1280 ὅ
706 1242 837 1295 μέγας
865 1240 1097 1295 Μάξιμος,
1139 1242 1260 1298 ἡνίκα
1289 1242 1311 1284 ὅ
1345 1244 1424 1285 τοῦ
1450 1243 1579 1297 Ναυῆ
1602 1242 1682 1297 Ἰη-

235 1305 338 1355 σοῦς
364 1302 478 1359 §mys
516 1306 679 1361 ,,στὴτω
723 1306 745 1348 ὃ
774 1304 890 1361 ἥλιος
918 1305 1024 1349 κατὰ
1063 1310 1223 1362 Γαβαῶ
1249 1310 1324 1350 καί
1350 1308 1376 1363 ἦ
1404 1305 1554 1363 σελήνη
1575 1304 1681 1350 κατὰ

236 1369 436 1427 φάραγγα
464 1368 620 1425 Achaia
633 1374 672 1426 ‚”
710 1373 807 1414 τότε
848 1371 954 1428 πρὸς
995 1372 1128 1416 αὐτὸν
1157 1375 1334 1429 ἐροῦμεν
1358 1371 1422 1416 ὅτι
1450 1370 1554 1415 ὅπου
1581 1372 1683 1428 βού-

236 1444 354 1482 λεται
398 1442 420 1482 ὅ
454 1440 579 1496 θεός,
622 1446 786 1485 νικᾶται
828 1441 997 1500 φύσεως
1037 1442 1168 1495 τάξις.
1234 1446 1275 1487 εἰ
1299 1443 1380 1500 γὰρ
1423 1446 1467 1487 ἒν
1494 1446 1543 1502 τῇ
1565 1446 1685 1499 χειρὶ

197 1507 371 1553 Βαιῗτοῦ
398 1506 446 1549 τὰ
480 1511 640 1563 πέρατα
670 1511 742 1563 τῆς
766 1511 867 1563 γῆς,
898 1512 938 1551 εἰ
963 1512 1037 1551 καί
1063 1509 1162 1558 τούς
1193 1509 1372 1560 στύλους
1399 1512 1473 1566 τῆς
1500 1513 1576 1566 γῆς
1604 1511 1682 1552 mi·-
1694 1524 1746 1550 20

235 1570 308 1622 τὸς
336 1573 583 1628 ἑστερέωσε,
611 1573 724 1616 καθά
755 1591 886 1631 φησιν
919 1571 941 1616 ὅ
971 1576 1112 1629 Λαβίδ
1123 1609 1135 1629 ,
1166 1577 1206 1619 εἰ
1229 1578 1482 1630 §aspiratione
1509 1574 1584 1632 τήν
1605 1579 1683 1633 γῆν

328 1691 364 1737 4.
386 1691 601 1728 α’κόλουθον
623 1693 660 1726 F.

239 1788 347 1829 dere,
389 1788 453 1833 qui
491 1788 630 1821 coelum
668 1788 767 1833 prius
802 1789 1025 1831 condiderit,
1062 1801 1103 1823 ac
1131 1789 1265 1823 deinde
1302 1794 1442 1823 terram.
1481 1801 1562 1824 cum
1585 1792 1681 1826 enim

236 1836 360 1881 priore
383 1835 464 1867 loco
492 1835 724 1868 fundamenta
757 1836 956 1879 iaciantur,
982 1843 1091 1882 atque
1126 1837 1177 1871 ita
1202 1836 1335 1870 deinde
1359 1843 1495 1871 tectum
1518 1839 1682 1884 impona-

237 1887 299 1916 tur
323 1882 512 1923 aedificiis,
539 1883 685 1915 omnino
713 1887 807 1916 terra
830 1884 928 1928 prius
953 1884 992 1916 in
1018 1890 1134 1917 ortum
1158 1883 1390 1930 producenda
1415 1890 1514 1925 erat,
1538 1897 1580 1918 ac
1603 1891 1682 1920 tum

241 1929 385 1962 demum
424 1929 565 1962 coelum
596 1940 741 1974 quoque
767 1930 971 1964 creandum:
995 1942 1118 1965 verum
1147 1932 1253 1964 aliter
1277 1931 1390 1975 egisse
1414 1931 1520 1964 deum
1542 1943 1683 1979 nequa-

241 1987 348 2020 quam
373 1976 444 2008 tibi
462 1976 591 2008 mirum
615 1975 788 2010 videatur.
821 1989 905 2010 nam
929 1989 1009 2011 cum
1035 1989 1143 2023 opera
1166 1978 1279 2023 ipsius
1307 1978 1427 2011 onmia
1454 1983 1603 2013 naturae
1627 1980 1683 2014 le-

240 2033 301 2066 ges
327 2022 504 2056 excedant
532 2028 569 2055 et
597 2033 738 2056 omnem
763 2025 848 2058 artis
872 2026 1021 2066 seriem,
1045 2025 1137 2058 nihil
1159 2036 1302 2066 novum,
1326 2025 1356 2057 si
1379 2026 1486 2058 etiam
1510 2027 1549 2059 in
1576 2038 1682 2061 mun-

241 2068 280 2101 di
305 2070 485 2101 creatione
511 2069 651 2102 coelum
678 2070 799 2115 priore
823 2071 918 2113 loco,
941 2077 1073 2105 terram
1099 2071 1257 2105 secundo
1283 2071 1456 2106 condidit.
1482 2072 1552 2106 hoc
1573 2074 1682 2108 modo

240 2115 387 2149 divinus
416 2115 480 2148 ille
504 2115 681 2149 Iohannes
710 2116 804 2150 hanc
839 2117 1102 2153 dubitationem
1135 2119 1334 2163 explicavit.
1363 2119 1426 2151 alii
1449 2131 1532 2154 vero
1558 2120 1685 2156 dicunt

241 2162 350 2195 deum
377 2174 552 2195 summum
577 2164 748 2196 artificem
772 2164 926 2209 primum
957 2167 1058 2200 coelo
1084 2165 1227 2199 condito
1253 2165 1386 2198 deinde
1410 2171 1541 2200 terram
1566 2165 1704 2202 creas-'

241 2219 303 2250 se,
340 2214 381 2242 ut
413 2208 482 2241 hoc
513 2210 591 2254 ipso
624 2210 845 2244 ineffabilem
879 2213 1091 2258 sapientiam
1118 2218 1303 2257 artemque
1343 2224 1441 2246 suam
1473 2214 1681 2249 declararet.

240 2267 324 2289 nam
348 2267 425 2288 cum
459 2255 504 2289 de
527 2257 706 2290 sententia
739 2258 903 2304 Gregorii
924 2260 1131 2304 Nyssensis,
1155 2258 1312 2292 hominis
1338 2271 1455 2293 rerum
1479 2261 1683 2296 divinarum

238 2302 468 2348 peritissimi,
507 2314 572 2347 per
619 2304 786 2337 coelestis
817 2308 974 2352 corporis
1008 2313 1143 2341 motum
1176 2307 1399 2340 celerrimum
1431 2319 1495 2341 suo
1530 2309 1568 2342 in
1599 2309 1681 2342 loco

238 2355 336 2382 terra
361 2349 565 2382 stabiliatur
589 2355 625 2383 et
653 2352 755 2396 quasi
780 2355 1052 2399 constringatur,
1089 2354 1233 2387 omnino
1260 2354 1496 2388 conveniebat
1520 2355 1559 2388 id
1580 2356 1680 2400 prius

242 2396 355 2430 creari
381 2395 480 2441 quod
505 2397 654 2429 alterum
680 2399 881 2433 contineret
915 2413 1021 2446 quam
1047 2400 1144 2447 quod
1167 2401 1421 2434 contineretur.
1455 2401 1586 2446 quodsi
1610 2403 1679 2436 iam
1728 2434 1730 2438 ,

242 2444 324 2488 quis
359 2443 514 2488 amplius
546 2443 709 2486 dubitet,
741 2446 803 2491 qui
838 2447 971 2481 factum
1008 2448 1056 2481 sit
1085 2453 1126 2481 ut
1149 2453 1244 2481 terra
1282 2448 1325 2480 de
1350 2448 1585 2482 fundamento
1611 2460 1678 2483 suo

240 2501 315 2523 nou
340 2490 450 2523 fuerit
474 2495 614 2531 emota,
656 2503 727 2537 quo
759 2498 920 2538 tempore
958 2495 1096 2538 coelum
1120 2506 1193 2527 non
1217 2494 1421 2540 agitabatur
1440 2501 1584 2530 motuve
1611 2507 1677 2530 suo

240 2537 427 2570 ferebatur
451 2536 558 2582 (hanc
586 2538 677 2571 enim
703 2541 951 2584 quaestionem
989 2542 1137 2575 eximius
1164 2542 1228 2575 ille
1252 2542 1425 2575 Maximus
1448 2543 1487 2575 in
1514 2543 1558 2575 iis
1584 2553 1678 2588 quae

241 2583 287 2616 ad
313 2583 537 2617 Thalassium
571 2585 713 2630 scripsit
739 2591 870 2632 movet)
905 2590 985 2622 Iesu
1009 2589 1105 2622 Nave
1128 2587 1165 2621 F.
1197 2587 1339 2622 dicente
1377 2589 1455 2630 „sol
1482 2589 1579 2634 apud
1605 2590 1678 2623 Ga-

240 2629 391 2663 haonem
419 2630 590 2664 subsistat
615 2638 650 2665 et
675 2633 758 2665 luna
784 2634 829 2667 ad
842 2636 971 2669 vallem
983 2635 1194 2677 Aelonem;”
1221 2636 1254 2668 ei
1280 2635 1586 2680 respondebimus,
1612 2638 1677 2671 uhi

243 2676 330 2709 deus
354 2678 459 2713 velit,
497 2678 656 2711 ordinem
681 2686 827 2714 naturae.
860 2682 963 2716 vinci.
999 2694 1078 2716 nain
1103 2683 1132 2715 si
1159 2683 1233 2716 eius
1258 2683 1294 2715 in
1319 2694 1423 2715 manu
1451 2688 1535 2717 sunt
1558 2689 1675 2717 terrae

242 2724 393 2766 limites,
420 2725 449 2759 si
487 2730 602 2759 terrae
627 2727 806 2762 columnas
843 2729 921 2776 ipse
961 2729 1158 2771 stabilivit,
1197 2736 1237 2764 ut
1259 2729 1411 2764 Davides
1439 2729 1619 2777 loquitur,
1643 2732 1675 2766 si
