<?xml version="1.0" encoding="UTF-8"?>
<!DOCTYPE html PUBLIC "-//W3C//DTD XHTML 1.0 Transitional//EN"
    "http://www.w3.org/TR/xhtml1/DTD/xhtml1-transitional.dtd">
<html xmlns="http://www.w3.org/1999/xhtml" xml:lang="en" lang="en">
 <head>
  <title>
</title>
<meta http-equiv="Content-Type" content="text/html;charset=utf-8" />
  <meta name='ocr-system' content='tesseract 3.04.00' />
  <meta name='ocr-capabilities' content='ocr_page ocr_carea ocr_par ocr_line ocrx_word'/>
</head>
<body>
  <div class='ocr_page' id='page_1' title='image "./corpusscriptorum37niebuoft_0133.png"; bbox 0 0 1826 3120; ppageno 0'>
   <div class='ocr_carea' id='block_1_1' title="bbox 617 100 1593 160">
    <p class='ocr_par' dir='ltr' id='par_1_1' title="bbox 617 100 1593 160">
     <span class='ocr_line' id='line_1_1' title="bbox 617 100 1593 160; baseline -0.003 0"><span class='ocrx_word' id='word_1_1' title='bbox 617 118 903 160; x_wconf 73' lang='lat' dir='ltr'>ANNALmM</span> <span class='ocrx_word' id='word_1_2' title='bbox 942 100 1078 160; x_wconf 68' lang='lat' dir='ltr'>ms</span> <span class='ocrx_word' id='word_1_3' title='bbox 1119 121 1152 159; x_wconf 91' lang='lat'>1.</span> <span class='ocrx_word' id='word_1_4' title='bbox 1498 123 1515 156; x_wconf 92' lang='lat'>1</span> <span class='ocrx_word' id='word_1_5' title='bbox 1537 124 1552 158; x_wconf 92' lang='lat'>1</span> <span class='ocrx_word' id='word_1_6' title='bbox 1575 124 1593 157; x_wconf 89' lang='lat'>1</span> 
     </span>
    </p>
   </div>
   <div class='ocr_carea' id='block_1_2' title="bbox 74 215 1638 1676">
    <p class='ocr_par' dir='ltr' id='par_1_2' title="bbox 74 215 1638 1676">
     <span class='ocr_line' id='line_1_2' title="bbox 146 215 1600 277; baseline 0.001 -16"><span class='ocrx_word' id='word_1_7' title='bbox 146 217 314 269; x_wconf 66' lang='grc' dir='ltr'><strong><em>ἑαυτοῖς</em></strong></span> <span class='ocrx_word' id='word_1_8' title='bbox 341 215 499 274; x_wconf 70' lang='grc' dir='ltr'><strong><em>εὕρωσι</em></strong></span> <span class='ocrx_word' id='word_1_9' title='bbox 519 220 800 276; x_wconf 74' lang='grc' dir='ltr'><strong><em>προαιρέσεις,</em></strong></span> <span class='ocrx_word' id='word_1_10' title='bbox 826 221 1050 273; x_wconf 74' lang='grc' dir='ltr'><strong><em>παντοίως,</em></strong></span> <span class='ocrx_word' id='word_1_11' title='bbox 1085 215 1192 261; x_wconf 73' lang='grc' dir='ltr'><strong><em>ὥστε</em></strong></span> <span class='ocrx_word' id='word_1_12' title='bbox 1221 217 1293 261; x_wconf 78' lang='grc' dir='ltr'><em>καί</em></span> <span class='ocrx_word' id='word_1_13' title='bbox 1317 224 1403 271; x_wconf 81' lang='grc' dir='ltr'><strong><em>τοῖς</em></strong></span> <span class='ocrx_word' id='word_1_14' title='bbox 1432 219 1600 277; x_wconf 73' lang='grc' dir='ltr'><strong><em>ὀφθαλ-</em></strong></span> 
     </span>
     <span class='ocr_line' id='line_1_3' title="bbox 145 283 640 340; baseline 0.002 -13"><span class='ocrx_word' id='word_1_15' title='bbox 145 290 242 340; x_wconf 83' lang='grc' dir='ltr'>μοῖς</span> <span class='ocrx_word' id='word_1_16' title='bbox 270 286 354 329; x_wconf 75' lang='grc' dir='ltr'><strong><em>τῶν</em></strong></span> <span class='ocrx_word' id='word_1_17' title='bbox 381 283 640 340; x_wconf 77' lang='grc' dir='ltr'><strong><em>βασκάνων.”</em></strong></span> 
     </span>
     <span class='ocr_line' id='line_1_4' title="bbox 260 348 1601 411; baseline 0 -15"><span class='ocrx_word' id='word_1_18' title='bbox 260 354 529 410; x_wconf 75' lang='grc' dir='ltr'><strong><em>Διαληφθεὶς</em></strong></span> <span class='ocrx_word' id='word_1_19' title='bbox 577 349 651 396; x_wconf 73' lang='grc' dir='ltr'>οὖν</span> <span class='ocrx_word' id='word_1_20' title='bbox 688 354 711 395; x_wconf 76' lang='grc' dir='ltr'><strong><em>ὅ</em></strong></span> <span class='ocrx_word' id='word_1_21' title='bbox 756 348 889 411; x_wconf 70' lang='grc' dir='ltr'><strong><em>ὄφις,</em></strong></span> <span class='ocrx_word' id='word_1_22' title='bbox 936 355 1151 396; x_wconf 80' lang='grc' dir='ltr'><em>τουτέστιν</em></span> <span class='ocrx_word' id='word_1_23' title='bbox 1185 352 1207 394; x_wconf 84' lang='grc' dir='ltr'>ὅ</span> <span class='ocrx_word' id='word_1_24' title='bbox 1247 352 1518 408; x_wconf 75' lang='grc' dir='ltr'><strong><em>βασιλίσκος,</em></strong></span> <span class='ocrx_word' id='word_1_25' title='bbox 1549 356 1601 396; x_wconf 86' lang='grc' dir='ltr'>ου’</span> 
     </span>
     <span class='ocr_line' id='line_1_5' title="bbox 144 417 1600 476; baseline 0.001 -15"><span class='ocrx_word' id='word_1_26' title='bbox 144 418 277 474; x_wconf 84' lang='grc' dir='ltr'><strong><em>μόνον</em></strong></span> <span class='ocrx_word' id='word_1_27' title='bbox 301 422 360 476; x_wconf 79' lang='grc' dir='ltr'><strong><em>τῷ</em></strong></span> <span class='ocrx_word' id='word_1_28' title='bbox 387 423 599 474; x_wconf 83' lang='grc' dir='ltr'><strong><em>βλέμματι</em></strong></span> <span class='ocrx_word' id='word_1_29' title='bbox 644 419 745 470; x_wconf 76' lang='grc' dir='ltr'><strong><em>τους</em></strong></span> <span class='ocrx_word' id='word_1_30' title='bbox 775 421 1004 475; x_wconf 73' lang='grc' dir='ltr'><strong><em>ἐνορῶντας</em></strong></span> <span class='ocrx_word' id='word_1_31' title='bbox 1034 418 1164 462; x_wconf 74' lang='grc' dir='ltr'><strong><em>αὐτὸν</em></strong></span> <span class='ocrx_word' id='word_1_32' title='bbox 1193 419 1497 475; x_wconf 81' lang='grc' dir='ltr'><strong><em>καταβλάπτει,</em></strong></span> <span class='ocrx_word' id='word_1_33' title='bbox 1524 417 1600 464; x_wconf 76' lang='grc' dir='ltr'>ἆλ-</span> 
     </span>
     <span class='ocr_line' id='line_1_6' title="bbox 109 483 1601 545; baseline -0.001 -16"><span class='ocrx_word' id='word_1_34' title='bbox 109 484 200 539; x_wconf 79' lang='grc' dir='ltr'><strong><em>5λοὶ</em></strong></span> <span class='ocrx_word' id='word_1_35' title='bbox 228 487 303 529; x_wconf 83' lang='grc' dir='ltr'><strong><em>καί</em></strong></span> <span class='ocrx_word' id='word_1_36' title='bbox 341 488 538 545; x_wconf 71' lang='grc' dir='ltr'><strong><em>συριγμῷ</em></strong></span> <span class='ocrx_word' id='word_1_37' title='bbox 578 486 677 536; x_wconf 76' lang='grc' dir='ltr'><strong><em>τους</em></strong></span> <span class='ocrx_word' id='word_1_38' title='bbox 704 483 943 535; x_wconf 69' lang='grc' dir='ltr'><strong><em>ἀκούοντας.</em></strong></span> <span class='ocrx_word' id='word_1_39' title='bbox 1019 484 1257 538; x_wconf 71' lang='grc' dir='ltr'><strong><em>ὑπόξανθος</em></strong></span> <span class='ocrx_word' id='word_1_40' title='bbox 1287 488 1333 528; x_wconf 79' lang='grc' dir='ltr'>δὲ</span> <span class='ocrx_word' id='word_1_41' title='bbox 1363 485 1384 528; x_wconf 83' lang='grc' dir='ltr'><strong><em>ὅ</em></strong></span> <span class='ocrx_word' id='word_1_42' title='bbox 1412 489 1601 537; x_wconf 78' lang='grc' dir='ltr'><strong><em>τοιοῦτος</em></strong></span> 
     </span>
     <span class='ocr_line' id='line_1_7' title="bbox 145 547 1598 612; baseline 0.001 -17"><span class='ocrx_word' id='word_1_43' title='bbox 145 547 243 611; x_wconf 66' lang='grc' dir='ltr'>ὄφις</span> <span class='ocrx_word' id='word_1_44' title='bbox 280 554 412 607; x_wconf 78' lang='grc' dir='ltr'><strong><em>ἐστίν,</em></strong></span> <span class='ocrx_word' id='word_1_45' title='bbox 454 551 594 610; x_wconf 64' lang='grc' dir='ltr'><strong><em>ὥσπερ</em></strong></span> <span class='ocrx_word' id='word_1_46' title='bbox 632 552 739 610; x_wconf 82' lang='grc' dir='ltr'>φησί</span> <span class='ocrx_word' id='word_1_47' title='bbox 763 552 970 608; x_wconf 87' lang='grc' dir='ltr'><strong><em>Γαληνός,</em></strong></span> <span class='ocrx_word' id='word_1_48' title='bbox 1010 550 1121 606; x_wconf 77' lang='grc' dir='ltr'><strong><em>ἔχων</em></strong></span> <span class='ocrx_word' id='word_1_49' title='bbox 1151 554 1197 595; x_wconf 79' lang='grc' dir='ltr'>ἐν</span> <span class='ocrx_word' id='word_1_50' title='bbox 1223 555 1276 610; x_wconf 78' lang='grc' dir='ltr'><strong><em>τῇ</em></strong></span> <span class='ocrx_word' id='word_1_51' title='bbox 1301 556 1465 612; x_wconf 80' lang='grc' dir='ltr'><em>κεφαλῇ</em></span> <span class='ocrx_word' id='word_1_52' title='bbox 1494 556 1598 596; x_wconf 78' lang='grc' dir='ltr'><strong><em>ἐπα-</em></strong></span> 
     </span>
     <span class='ocr_line' id='line_1_8' title="bbox 143 615 1635 677; baseline -0.001 -13"><span class='ocrx_word' id='word_1_53' title='bbox 143 618 394 676; x_wconf 79' lang='grc' dir='ltr'><strong><em>ναστήματα</em></strong></span> <span class='ocrx_word' id='word_1_54' title='bbox 436 622 546 677; x_wconf 81' lang='grc' dir='ltr'><strong><em>τρία.</em></strong></span> <span class='ocrx_word' id='word_1_55' title='bbox 603 620 682 662; x_wconf 80' lang='grc' dir='ltr'>σὺν</span> <span class='ocrx_word' id='word_1_56' title='bbox 710 620 772 675; x_wconf 74' lang='grc' dir='ltr'><strong><em>τῷ</em></strong></span> <span class='ocrx_word' id='word_1_57' title='bbox 797 615 973 676; x_wconf 74' lang='grc' dir='ltr'><strong><em>τοιούτῳ</em></strong></span> <span class='ocrx_word' id='word_1_58' title='bbox 1001 620 1048 661; x_wconf 76' lang='grc' dir='ltr'>δὲ</span> <span class='ocrx_word' id='word_1_59' title='bbox 1076 621 1150 661; x_wconf 85' lang='grc' dir='ltr'><em>καί</em></span> <span class='ocrx_word' id='word_1_60' title='bbox 1177 616 1328 675; x_wconf 76' lang='grc' dir='ltr'><strong><em>ἑτέρων</em></strong></span> <span class='ocrx_word' id='word_1_61' title='bbox 1355 615 1494 677; x_wconf 74' lang='grc' dir='ltr'><strong><em>ὄφεων</em></strong></span> <span class='ocrx_word' id='word_1_62' title='bbox 1520 622 1635 675; x_wconf 72' lang='grc' dir='ltr'><strong><em>με’-ο</em></strong></span> 
     </span>
     <span class='ocr_line' id='line_1_9' title="bbox 143 682 1598 746; baseline -0.002 -14"><span class='ocrx_word' id='word_1_63' title='bbox 143 705 302 746; x_wconf 82' lang='grc' dir='ltr'><strong><em>μνηται</em></strong></span> <span class='ocrx_word' id='word_1_64' title='bbox 328 690 459 744; x_wconf 75' lang='grc' dir='ltr'><strong><em>λέγων</em></strong></span> <span class='ocrx_word' id='word_1_65' title='bbox 485 689 542 744; x_wconf 81' lang='grc' dir='ltr'>,,ἦ</span> <span class='ocrx_word' id='word_1_66' title='bbox 570 688 738 744; x_wconf 80' lang='grc' dir='ltr'>δρύϊνος</span> <span class='ocrx_word' id='word_1_67' title='bbox 767 682 866 743; x_wconf 71' lang='grc' dir='ltr'>ὄφις</span> <span class='ocrx_word' id='word_1_68' title='bbox 894 683 1006 728; x_wconf 85' lang='grc' dir='ltr'><strong><em>πάνυ</em></strong></span> <span class='ocrx_word' id='word_1_69' title='bbox 1034 685 1230 742; x_wconf 83' lang='grc' dir='ltr'><strong><em>κακίστη,</em></strong></span> <span class='ocrx_word' id='word_1_70' title='bbox 1263 686 1288 744; x_wconf 80' lang='grc' dir='ltr'><strong><em>ἦ</em></strong></span> <span class='ocrx_word' id='word_1_71' title='bbox 1320 690 1394 730; x_wconf 84' lang='grc' dir='ltr'>καί</span> <span class='ocrx_word' id='word_1_72' title='bbox 1419 690 1463 731; x_wconf 80' lang='grc' dir='ltr'>ἐν</span> <span class='ocrx_word' id='word_1_73' title='bbox 1492 691 1598 745; x_wconf 78' lang='grc' dir='ltr'><strong><em>δρυ-</em></strong></span> 
     </span>
     <span class='ocr_line' id='line_1_10' title="bbox 143 750 1600 810; baseline -0.001 -11"><span class='ocrx_word' id='word_1_74' title='bbox 143 757 191 799; x_wconf 83' lang='grc' dir='ltr'><strong><em>σί</em></strong></span> <span class='ocrx_word' id='word_1_75' title='bbox 218 754 295 798; x_wconf 76' lang='grc' dir='ltr'><strong><em>τόν</em></strong></span> <span class='ocrx_word' id='word_1_76' title='bbox 315 755 408 810; x_wconf 82' lang='grc' dir='ltr'><strong><em>βίον</em></strong></span> <span class='ocrx_word' id='word_1_77' title='bbox 434 756 678 809; x_wconf 79' lang='grc' dir='ltr'><em>ποιουμένη.</em></span> <span class='ocrx_word' id='word_1_78' title='bbox 732 750 891 808; x_wconf 76' lang='grc' dir='ltr'><strong><em>ταύτης</em></strong></span> <span class='ocrx_word' id='word_1_79' title='bbox 920 752 963 794; x_wconf 87' lang='grc' dir='ltr'>εἴ</span> <span class='ocrx_word' id='word_1_80' title='bbox 986 754 1084 795; x_wconf 81' lang='grc' dir='ltr'><strong><em>ποτέ</em></strong></span> <span class='ocrx_word' id='word_1_81' title='bbox 1112 769 1151 795; x_wconf 84' lang='grc' dir='ltr'><strong><em>τι</em></strong></span> <span class='ocrx_word' id='word_1_82' title='bbox 1181 756 1257 796; x_wconf 84' lang='grc' dir='ltr'><em>καί</em></span> <span class='ocrx_word' id='word_1_83' title='bbox 1283 755 1470 810; x_wconf 74' lang='grc' dir='ltr'><strong><em>ἐπιβαίη,</em></strong></span> <span class='ocrx_word' id='word_1_84' title='bbox 1499 755 1600 805; x_wconf 78' lang='grc' dir='ltr'>τούς</span> 
     </span>
     <span class='ocr_line' id='line_1_11' title="bbox 83 812 1599 877; baseline -0.001 -12"><span class='ocrx_word' id='word_1_85' title='bbox 83 844 131 871; x_wconf 82' lang='lat'>10</span> <span class='ocrx_word' id='word_1_86' title='bbox 146 822 283 874; x_wconf 77' lang='grc' dir='ltr'><strong><em>πόδας</em></strong></span> <span class='ocrx_word' id='word_1_87' title='bbox 311 819 446 871; x_wconf 72' lang='grc' dir='ltr'>εὐθυς</span> <span class='ocrx_word' id='word_1_88' title='bbox 473 822 690 877; x_wconf 75' lang='grc' dir='ltr'><strong><em>ἐκδέρεται</em></strong></span> <span class='ocrx_word' id='word_1_89' title='bbox 709 821 783 862; x_wconf 84' lang='grc' dir='ltr'><em>καί</em></span> <span class='ocrx_word' id='word_1_90' title='bbox 806 818 1016 874; x_wconf 79' lang='grc' dir='ltr'><strong><em>ὄγκοῦται;</em></strong></span> <span class='ocrx_word' id='word_1_91' title='bbox 1075 820 1183 862; x_wconf 69' lang='grc' dir='ltr'><strong><em>ἀλλὰ</em></strong></span> <span class='ocrx_word' id='word_1_92' title='bbox 1220 822 1295 863; x_wconf 86' lang='grc' dir='ltr'><em>καί</em></span> <span class='ocrx_word' id='word_1_93' title='bbox 1325 812 1346 862; x_wconf 76' lang='grc' dir='ltr'><strong><em>ὅ</em></strong></span> <span class='ocrx_word' id='word_1_94' title='bbox 1386 825 1599 877; x_wconf 75' lang='grc' dir='ltr'><strong><em>θεραπεῦ-</em></strong></span> 
     </span>
     <span class='ocr_line' id='line_1_12' title="bbox 143 885 1599 943; baseline -0.001 -11"><span class='ocrx_word' id='word_1_95' title='bbox 143 904 217 932; x_wconf 82' lang='grc' dir='ltr'><strong><em>σαι</em></strong></span> <span class='ocrx_word' id='word_1_96' title='bbox 258 887 434 938; x_wconf 77' lang='grc' dir='ltr'>τούτους</span> <span class='ocrx_word' id='word_1_97' title='bbox 470 886 657 943; x_wconf 68' lang='grc' dir='ltr'><strong><em>θελήσας</em></strong></span> <span class='ocrx_word' id='word_1_98' title='bbox 693 886 851 940; x_wconf 77' lang='grc' dir='ltr'><strong><em>ὁμοίως</em></strong></span> <span class='ocrx_word' id='word_1_99' title='bbox 892 886 1048 941; x_wconf 79' lang='grc' dir='ltr'><strong><em>πάσχει</em></strong></span> <span class='ocrx_word' id='word_1_100' title='bbox 1076 885 1153 936; x_wconf 75' lang='grc' dir='ltr'>τὰς</span> <span class='ocrx_word' id='word_1_101' title='bbox 1189 893 1356 943; x_wconf 81' lang='grc' dir='ltr'><strong><em>χεῖρας.</em></strong></span> <span class='ocrx_word' id='word_1_102' title='bbox 1423 888 1451 933; x_wconf 82' lang='grc' dir='ltr'>,ὅ</span> <span class='ocrx_word' id='word_1_103' title='bbox 1482 891 1529 931; x_wconf 78' lang='grc' dir='ltr'>δέ</span> <span class='ocrx_word' id='word_1_104' title='bbox 1553 905 1599 943; x_wconf 81' lang='grc' dir='ltr'>γε</span> 
     </span>
     <span class='ocr_line' id='line_1_13' title="bbox 141 950 1597 1012; baseline -0.001 -14"><span class='ocrx_word' id='word_1_105' title='bbox 141 954 370 1012; x_wconf 76' lang='grc' dir='ltr'>αἱμόρρους</span> <span class='ocrx_word' id='word_1_106' title='bbox 395 953 470 996; x_wconf 78' lang='grc' dir='ltr'>καί</span> <span class='ocrx_word' id='word_1_107' title='bbox 492 954 520 1010; x_wconf 83' lang='grc' dir='ltr'><em>ἦ</em></span> <span class='ocrx_word' id='word_1_108' title='bbox 552 954 774 1008; x_wconf 78' lang='grc' dir='ltr'><strong><em>αἱμορροῒς</em></strong></span> <span class='ocrx_word' id='word_1_109' title='bbox 799 958 886 1002; x_wconf 86' lang='grc' dir='ltr'><strong><em>τοῖς</em></strong></span> <span class='ocrx_word' id='word_1_110' title='bbox 913 950 1075 995; x_wconf 68' lang='grc' dir='ltr'><strong><em>ἑαυτῶν</em></strong></span> <span class='ocrx_word' id='word_1_111' title='bbox 1103 950 1304 1007; x_wconf 76' lang='grc' dir='ltr'><strong><em>ὀνόμασιν</em></strong></span> <span class='ocrx_word' id='word_1_112' title='bbox 1332 952 1482 1006; x_wconf 75' lang='grc' dir='ltr'><strong><em>ὁμοίαν</em></strong></span> <span class='ocrx_word' id='word_1_113' title='bbox 1510 971 1597 997; x_wconf 86' lang='grc' dir='ltr'><strong><em>ποι-</em></strong></span> 
     </span>
     <span class='ocr_line' id='line_1_14' title="bbox 141 1018 1597 1077; baseline 0.001 -15"><span class='ocrx_word' id='word_1_114' title='bbox 141 1022 289 1065; x_wconf 79' lang='grc' dir='ltr'><strong><em>οῦνται</em></strong></span> <span class='ocrx_word' id='word_1_115' title='bbox 316 1019 393 1077; x_wconf 75' lang='grc' dir='ltr'><strong><em>τὴν</em></strong></span> <span class='ocrx_word' id='word_1_116' title='bbox 438 1022 524 1064; x_wconf 71' lang='grc' dir='ltr'><strong><em>τῶν</em></strong></span> <span class='ocrx_word' id='word_1_117' title='bbox 562 1018 801 1075; x_wconf 76' lang='grc' dir='ltr'><strong><em>ἀνθρώπων</em></strong></span> <span class='ocrx_word' id='word_1_118' title='bbox 838 1018 1106 1076; x_wconf 70' lang='grc' dir='ltr'><strong><em>διαφθοράν·</em></strong></span> <span class='ocrx_word' id='word_1_119' title='bbox 1166 1018 1492 1075; x_wconf 75' lang='grc' dir='ltr'><strong><em>αἱμορροοῦντες</em></strong></span> <span class='ocrx_word' id='word_1_120' title='bbox 1515 1019 1597 1076; x_wconf 76' lang='grc' dir='ltr'>γάρ</span> 
     </span>
     <span class='ocr_line' id='line_1_15' title="bbox 140 1084 1599 1144; baseline -0.001 -14"><span class='ocrx_word' id='word_1_121' title='bbox 140 1087 214 1131; x_wconf 79' lang='grc' dir='ltr'>διοὶ</span> <span class='ocrx_word' id='word_1_122' title='bbox 242 1104 288 1133; x_wconf 79' lang='grc' dir='ltr'><strong><em>τε</em></strong></span> <span class='ocrx_word' id='word_1_123' title='bbox 317 1088 541 1144; x_wconf 75' lang='grc' dir='ltr'><strong><em>μυκτήρων</em></strong></span> <span class='ocrx_word' id='word_1_124' title='bbox 584 1089 656 1129; x_wconf 86' lang='grc' dir='ltr'>καί</span> <span class='ocrx_word' id='word_1_125' title='bbox 683 1085 894 1140; x_wconf 87' lang='grc' dir='ltr'><strong><em>στόματος</em></strong></span> <span class='ocrx_word' id='word_1_126' title='bbox 935 1085 1009 1127; x_wconf 80' lang='grc' dir='ltr'><strong><em>καὶ</em></strong></span> <span class='ocrx_word' id='word_1_127' title='bbox 1038 1085 1192 1135; x_wconf 83' lang='grc' dir='ltr'><strong><em>παντὸς</em></strong></span> <span class='ocrx_word' id='word_1_128' title='bbox 1239 1084 1382 1135; x_wconf 73' lang='grc' dir='ltr'><strong><em>ἁπλαῖς</em></strong></span> <span class='ocrx_word' id='word_1_129' title='bbox 1414 1089 1492 1129; x_wconf 77' lang='grc' dir='ltr'><strong><em>τοῦ</em></strong></span> <span class='ocrx_word' id='word_1_130' title='bbox 1519 1087 1599 1129; x_wconf 72' lang='grc' dir='ltr'><strong><em>σαί-</em></strong></span> 
     </span>
     <span class='ocr_line' id='line_1_16' title="bbox 79 1149 1599 1212; baseline -0.003 -13"><span class='ocrx_word' id='word_1_131' title='bbox 79 1171 272 1212; x_wconf 57' lang='grc' dir='ltr'>ιξ’,μοιτος</span> <span class='ocrx_word' id='word_1_132' title='bbox 309 1151 446 1205; x_wconf 74' lang='grc' dir='ltr'><strong><em>οὕτως</em></strong></span> <span class='ocrx_word' id='word_1_133' title='bbox 487 1151 742 1196; x_wconf 75' lang='grc' dir='ltr'><strong><em>ἀπόλλυνται</em></strong></span> <span class='ocrx_word' id='word_1_134' title='bbox 762 1186 773 1205; x_wconf 91' lang='grc'>,</span> <span class='ocrx_word' id='word_1_135' title='bbox 815 1149 956 1207; x_wconf 77' lang='grc' dir='ltr'><strong><em>ὥσπερ</em></strong></span> <span class='ocrx_word' id='word_1_136' title='bbox 998 1154 1071 1194; x_wconf 82' lang='grc' dir='ltr'><em>καί</em></span> <span class='ocrx_word' id='word_1_137' title='bbox 1098 1151 1182 1193; x_wconf 73' lang='grc' dir='ltr'>ὑπὸ</span> <span class='ocrx_word' id='word_1_138' title='bbox 1210 1156 1286 1208; x_wconf 75' lang='grc' dir='ltr'>τῆς</span> <span class='ocrx_word' id='word_1_139' title='bbox 1313 1153 1495 1208; x_wconf 74' lang='grc' dir='ltr'>διψάδος</span> <span class='ocrx_word' id='word_1_140' title='bbox 1525 1156 1599 1210; x_wconf 73' lang='lat'><em>‹517-</em></span> 
     </span>
     <span class='ocr_line' id='line_1_17' title="bbox 136 1216 1596 1276; baseline -0.001 -13"><span class='ocrx_word' id='word_1_141' title='bbox 136 1224 311 1276; x_wconf 76' lang='grc' dir='ltr'><strong><em>χθέντες</em></strong></span> <span class='ocrx_word' id='word_1_142' title='bbox 356 1220 441 1263; x_wconf 73' lang='grc' dir='ltr'>’ὑπὸ</span> <span class='ocrx_word' id='word_1_143' title='bbox 485 1222 562 1264; x_wconf 78' lang='grc' dir='ltr'><strong><em>τοῦ</em></strong></span> <span class='ocrx_word' id='word_1_144' title='bbox 597 1220 758 1262; x_wconf 81' lang='grc' dir='ltr'><strong><em>καύσου</em></strong></span> <span class='ocrx_word' id='word_1_145' title='bbox 797 1216 1142 1275; x_wconf 72' lang='grc' dir='ltr'>διαφθειρόμενοι</span> <span class='ocrx_word' id='word_1_146' title='bbox 1179 1220 1346 1269; x_wconf 74' lang='grc' dir='ltr'><strong><em>κακῶς·</em></strong></span> <span class='ocrx_word' id='word_1_147' title='bbox 1418 1220 1492 1262; x_wconf 82' lang='grc' dir='ltr'><em>καί</em></span> <span class='ocrx_word' id='word_1_148' title='bbox 1515 1220 1596 1275; x_wconf 72' lang='grc' dir='ltr'>γὰρ</span> 
     </span>
     <span class='ocr_line' id='line_1_18' title="bbox 139 1282 1597 1345; baseline -0.002 -14"><span class='ocrx_word' id='word_1_149' title='bbox 139 1282 495 1345; x_wconf 50' lang='grc' dir='ltr'><strong><em>οὗτοιβιψῶντες</em></strong></span> <span class='ocrx_word' id='word_1_150' title='bbox 526 1286 637 1329; x_wconf 83' lang='grc' dir='ltr'><strong><em>πάνυ</em></strong></span> <span class='ocrx_word' id='word_1_151' title='bbox 667 1285 736 1328; x_wconf 81' lang='grc' dir='ltr'><strong><em>καὶ</em></strong></span> <span class='ocrx_word' id='word_1_152' title='bbox 762 1283 1073 1339; x_wconf 78' lang='grc' dir='ltr'><strong><em>διακαιόμενοι,</em></strong></span> <span class='ocrx_word' id='word_1_153' title='bbox 1102 1283 1163 1327; x_wconf 80' lang='grc' dir='ltr'><strong><em>ἔτι</em></strong></span> <span class='ocrx_word' id='word_1_154' title='bbox 1191 1287 1265 1327; x_wconf 85' lang='grc' dir='ltr'>καί</span> <span class='ocrx_word' id='word_1_155' title='bbox 1292 1286 1597 1341; x_wconf 74' lang='grc' dir='ltr'><strong><em>διαρρηγνύμε-</em></strong></span> 
     </span>
     <span class='ocr_line' id='line_1_19' title="bbox 138 1348 1638 1405; baseline -0.001 -8"><span class='ocrx_word' id='word_1_156' title='bbox 138 1371 231 1405; x_wconf 69' lang='lat' dir='ltr'>voc,</span> <span class='ocrx_word' id='word_1_157' title='bbox 263 1356 526 1397; x_wconf 78' lang='grc' dir='ltr'><strong><em>τελευτῶσιν.</em></strong></span> <span class='ocrx_word' id='word_1_158' title='bbox 593 1353 616 1395; x_wconf 82' lang='grc' dir='ltr'><em>ὃ</em></span> <span class='ocrx_word' id='word_1_159' title='bbox 648 1354 694 1395; x_wconf 80' lang='grc' dir='ltr'>δὲ</span> <span class='ocrx_word' id='word_1_160' title='bbox 733 1351 929 1402; x_wconf 82' lang='grc' dir='ltr'><strong><em>α’κοντίας</em></strong></span> <span class='ocrx_word' id='word_1_161' title='bbox 959 1354 1144 1401; x_wconf 79' lang='grc' dir='ltr'><strong><em>ἐκτείνας</em></strong></span> <span class='ocrx_word' id='word_1_162' title='bbox 1176 1348 1329 1394; x_wconf 66' lang='grc' dir='ltr'><strong><em>ἑαυτὸν</em></strong></span> <span class='ocrx_word' id='word_1_163' title='bbox 1358 1349 1494 1405; x_wconf 81' lang='grc' dir='ltr'><strong><em>πάνυ,</em></strong></span> <span class='ocrx_word' id='word_1_164' title='bbox 1525 1355 1638 1396; x_wconf 82' lang='grc' dir='ltr'><strong><em>καιἸ)</em></strong></span> 
     </span>
     <span class='ocr_line' id='line_1_20' title="bbox 139 1416 1595 1477; baseline -0.002 -13"><span class='ocrx_word' id='word_1_165' title='bbox 139 1417 282 1477; x_wconf 66' lang='grc' dir='ltr'><strong><em>ὥσπερ</em></strong></span> <span class='ocrx_word' id='word_1_166' title='bbox 314 1438 355 1464; x_wconf 88' lang='grc' dir='ltr'><strong><em>τι</em></strong></span> <span class='ocrx_word' id='word_1_167' title='bbox 392 1420 583 1463; x_wconf 83' lang='grc' dir='ltr'><strong><em>οἷκόντιον</em></strong></span> <span class='ocrx_word' id='word_1_168' title='bbox 626 1418 909 1476; x_wconf 80' lang='grc' dir='ltr'><strong><em>ἐφαλλόμενος</em></strong></span> <span class='ocrx_word' id='word_1_169' title='bbox 945 1424 1030 1467; x_wconf 84' lang='grc' dir='ltr'><strong><em>τοῖς</em></strong></span> <span class='ocrx_word' id='word_1_170' title='bbox 1066 1418 1284 1472; x_wconf 84' lang='grc' dir='ltr'><strong><em>σώμασιν,</em></strong></span> <span class='ocrx_word' id='word_1_171' title='bbox 1310 1416 1443 1468; x_wconf 68' lang='grc' dir='ltr'><strong><em>οὕτως</em></strong></span> <span class='ocrx_word' id='word_1_172' title='bbox 1474 1420 1595 1461; x_wconf 77' lang='grc' dir='ltr'><strong><em>ἄναι-</em></strong></span> 
     </span>
     <span class='ocr_line' id='line_1_21' title="bbox 74 1483 1599 1543; baseline -0.001 -13"><span class='ocrx_word' id='word_1_173' title='bbox 74 1516 126 1542; x_wconf 78' lang='lat'>20</span> <span class='ocrx_word' id='word_1_174' title='bbox 138 1493 216 1543; x_wconf 78' lang='grc' dir='ltr'>ρεῖ.</span> <span class='ocrx_word' id='word_1_175' title='bbox 247 1487 320 1530; x_wconf 75' lang='grc' dir='ltr'><strong><em>καὶ</em></strong></span> <span class='ocrx_word' id='word_1_176' title='bbox 341 1490 424 1531; x_wconf 73' lang='grc' dir='ltr'><strong><em>τῶν</em></strong></span> <span class='ocrx_word' id='word_1_177' title='bbox 452 1485 643 1530; x_wconf 74' lang='grc' dir='ltr'><strong><em>ἀσπίδων</em></strong></span> <span class='ocrx_word' id='word_1_178' title='bbox 671 1486 912 1542; x_wconf 78' lang='grc' dir='ltr'><strong><em>ἢλεγομὲνη</em></strong></span> <span class='ocrx_word' id='word_1_179' title='bbox 939 1483 1073 1535; x_wconf 81' lang='grc' dir='ltr'><strong><em>πτυάς</em></strong></span> <span class='ocrx_word' id='word_1_180' title='bbox 1102 1486 1386 1527; x_wconf 84' lang='grc' dir='ltr'><strong><em>α’ναστείλασα</em></strong></span> <span class='ocrx_word' id='word_1_181' title='bbox 1413 1483 1483 1528; x_wconf 87' lang='grc' dir='ltr'><strong><em>τὸν</em></strong></span> <span class='ocrx_word' id='word_1_182' title='bbox 1496 1485 1599 1542; x_wconf 80' lang='grc' dir='ltr'><strong><em>τρά-</em></strong></span> 
     </span>
     <span class='ocr_line' id='line_1_22' title="bbox 119 1548 1595 1610; baseline -0.003 -12"><span class='ocrx_word' id='word_1_183' title='bbox 119 1558 267 1610; x_wconf 57' lang='lat' dir='ltr'>‘mlv</span> <span class='ocrx_word' id='word_1_184' title='bbox 294 1556 370 1597; x_wconf 81' lang='grc' dir='ltr'>καί</span> <span class='ocrx_word' id='word_1_185' title='bbox 394 1554 778 1609; x_wconf 78' lang='grc' dir='ltr'><strong><em>συμμετρησαμένη</em></strong></span> <span class='ocrx_word' id='word_1_186' title='bbox 799 1554 874 1594; x_wconf 80' lang='grc' dir='ltr'><strong><em>τοῦ</em></strong></span> <span class='ocrx_word' id='word_1_187' title='bbox 892 1548 1175 1606; x_wconf 75' lang='grc' dir='ltr'><strong><em>διαστήματος</em></strong></span> <span class='ocrx_word' id='word_1_188' title='bbox 1194 1551 1240 1592; x_wconf 89' lang='grc' dir='ltr'><strong><em>τὸ</em></strong></span> <span class='ocrx_word' id='word_1_189' title='bbox 1269 1553 1424 1606; x_wconf 80' lang='grc' dir='ltr'><strong><em>μῆκος,</em></strong></span> <span class='ocrx_word' id='word_1_190' title='bbox 1455 1548 1595 1607; x_wconf 75' lang='grc' dir='ltr'><strong><em>ὥσπερ</em></strong></span> 
     </span>
     <span class='ocr_line' id='line_1_23' title="bbox 139 1614 1597 1676; baseline -0.003 -11"><span class='ocrx_word' id='word_1_191' title='bbox 139 1620 212 1676; x_wconf 75' lang='grc' dir='ltr'><strong><em>καί</em></strong></span> <span class='ocrx_word' id='word_1_192' title='bbox 237 1620 324 1664; x_wconf 80' lang='grc' dir='ltr'><strong><em>τότε</em></strong></span> <span class='ocrx_word' id='word_1_193' title='bbox 352 1619 515 1676; x_wconf 79' lang='grc' dir='ltr'><strong><em>λογικὸν</em></strong></span> <span class='ocrx_word' id='word_1_194' title='bbox 544 1620 767 1675; x_wconf 80' lang='grc' dir='ltr'><strong><em>γενόμενον</em></strong></span> <span class='ocrx_word' id='word_1_195' title='bbox 793 1617 841 1661; x_wconf 84' lang='grc' dir='ltr'><strong><em>τὸ</em></strong></span> <span class='ocrx_word' id='word_1_196' title='bbox 870 1619 1034 1675; x_wconf 73' lang='grc' dir='ltr'><strong><em>θηρίον,</em></strong></span> <span class='ocrx_word' id='word_1_197' title='bbox 1066 1614 1278 1672; x_wconf 71' lang='grc' dir='ltr'><strong><em>δυ’στόχως</em></strong></span> <span class='ocrx_word' id='word_1_198' title='bbox 1306 1616 1482 1672; x_wconf 78' lang='grc' dir='ltr'><strong><em>ἐμπτύει</em></strong></span> <span class='ocrx_word' id='word_1_199' title='bbox 1510 1624 1597 1667; x_wconf 84' lang='grc' dir='ltr'><strong><em>τοῖς</em></strong></span> 
     </span>
    </p>
   </div>
   <div class='ocr_carea' id='block_1_3' title="bbox 237 1741 1269 1792">
    <p class='ocr_par' dir='ltr' id='par_1_3' title="bbox 237 1741 1269 1792">
     <span class='ocr_line' id='line_1_24' title="bbox 237 1741 1269 1792; baseline -0.004 -14"><span class='ocrx_word' id='word_1_200' title='bbox 237 1756 264 1778; x_wconf 81' lang='grc' dir='ltr'>ι.</span> <span class='ocrx_word' id='word_1_201' title='bbox 286 1744 487 1792; x_wconf 78' lang='grc' dir='ltr'><strong><em>παντοίως]</em></strong></span> <span class='ocrx_word' id='word_1_202' title='bbox 513 1744 702 1781; x_wconf 82' lang='grc' dir='ltr'><strong><em>παντοίως</em></strong></span> <span class='ocrx_word' id='word_1_203' title='bbox 730 1743 993 1790; x_wconf 74' lang='grc' dir='ltr'><strong><em>καταχρῶνται</em></strong></span> <span class='ocrx_word' id='word_1_204' title='bbox 1022 1741 1269 1776; x_wconf 83' lang='lat' dir='ltr'>Leunclavius.</span> 
     </span>
    </p>
   </div>
   <div class='ocr_carea' id='block_1_4' title="bbox 135 1855 1596 2574">
    <p class='ocr_par' dir='ltr' id='par_1_4' title="bbox 135 1855 1596 2574">
     <span class='ocr_line' id='line_1_25' title="bbox 136 1855 1594 1904; baseline -0.007 -6"><span class='ocrx_word' id='word_1_205' title='bbox 136 1868 248 1903; x_wconf 80' lang='lat' dir='ltr'>tates,</span> <span class='ocrx_word' id='word_1_206' title='bbox 273 1861 320 1894; x_wconf 88' lang='lat' dir='ltr'>iis</span> <span class='ocrx_word' id='word_1_207' title='bbox 343 1859 489 1894; x_wconf 89' lang='lat' dir='ltr'>omnino</span> <span class='ocrx_word' id='word_1_208' title='bbox 514 1869 580 1904; x_wconf 91' lang='lat' dir='ltr'>pro</span> <span class='ocrx_word' id='word_1_209' title='bbox 607 1857 727 1891; x_wconf 86' lang='lat' dir='ltr'>lubitu</span> <span class='ocrx_word' id='word_1_210' title='bbox 753 1862 791 1891; x_wconf 86' lang='lat' dir='ltr'>et</span> <span class='ocrx_word' id='word_1_211' title='bbox 822 1856 997 1890; x_wconf 84' lang='lat' dir='ltr'>arbitratu</span> <span class='ocrx_word' id='word_1_212' title='bbox 1022 1867 1086 1889; x_wconf 90' lang='lat' dir='ltr'>suo</span> <span class='ocrx_word' id='word_1_213' title='bbox 1113 1855 1226 1889; x_wconf 83' lang='lat' dir='ltr'>abuti.</span> <span class='ocrx_word' id='word_1_214' title='bbox 1252 1867 1323 1900; x_wconf 87' lang='lat' dir='ltr'>quo</span> <span class='ocrx_word' id='word_1_215' title='bbox 1349 1856 1390 1888; x_wconf 77' lang='lat' dir='ltr'>fit</span> <span class='ocrx_word' id='word_1_216' title='bbox 1424 1861 1463 1890; x_wconf 80' lang='lat' dir='ltr'>ut</span> <span class='ocrx_word' id='word_1_217' title='bbox 1487 1857 1594 1892; x_wconf 83' lang='lat' dir='ltr'>etiam</span> 
     </span>
     <span class='ocr_line' id='line_1_26' title="bbox 135 1903 1407 1948; baseline -0.01 -1"><span class='ocrx_word' id='word_1_218' title='bbox 135 1912 390 1948; x_wconf 79' lang='lat' dir='ltr'>fascinatorum</span> <span class='ocrx_word' id='word_1_219' title='bbox 415 1907 529 1941; x_wconf 87' lang='lat' dir='ltr'>oculis</span> <span class='ocrx_word' id='word_1_220' title='bbox 558 1904 605 1938; x_wconf 87' lang='lat' dir='ltr'>ad</span> <span class='ocrx_word' id='word_1_221' title='bbox 629 1916 713 1939; x_wconf 85' lang='lat' dir='ltr'>suae</span> <span class='ocrx_word' id='word_1_222' title='bbox 737 1904 933 1938; x_wconf 87' lang='lat' dir='ltr'>voluntatis</span> <span class='ocrx_word' id='word_1_223' title='bbox 958 1903 1197 1936; x_wconf 86' lang='lat' dir='ltr'>ministerium</span> <span class='ocrx_word' id='word_1_224' title='bbox 1225 1903 1407 1935; x_wconf 72' lang='lat' dir='ltr'>utantur.’&#39;</span> 
     </span>
     <span class='ocr_line' id='line_1_27' title="bbox 230 1949 1592 2000; baseline -0.005 -8"><span class='ocrx_word' id='word_1_225' title='bbox 230 1958 420 1992; x_wconf 80' lang='lat' dir='ltr'>Basiliscus</span> <span class='ocrx_word' id='word_1_226' title='bbox 443 1955 602 2000; x_wconf 85' lang='lat' dir='ltr'>quidem,</span> <span class='ocrx_word' id='word_1_227' title='bbox 625 1953 671 1987; x_wconf 87' lang='lat' dir='ltr'>de</span> <span class='ocrx_word' id='word_1_228' title='bbox 687 1964 760 1998; x_wconf 85' lang='lat' dir='ltr'>quo</span> <span class='ocrx_word' id='word_1_229' title='bbox 774 1963 870 1985; x_wconf 88' lang='lat' dir='ltr'>nunc</span> <span class='ocrx_word' id='word_1_230' title='bbox 892 1951 1087 1996; x_wconf 82' lang='lat' dir='ltr'>loquimur,</span> <span class='ocrx_word' id='word_1_231' title='bbox 1112 1961 1186 1983; x_wconf 88' lang='lat' dir='ltr'>non</span> <span class='ocrx_word' id='word_1_232' title='bbox 1213 1949 1283 1982; x_wconf 86' lang='lat' dir='ltr'>hoc</span> <span class='ocrx_word' id='word_1_233' title='bbox 1307 1956 1445 1983; x_wconf 85' lang='lat' dir='ltr'>tantum</span> <span class='ocrx_word' id='word_1_234' title='bbox 1471 1950 1592 1993; x_wconf 84' lang='lat' dir='ltr'>modo,</span> 
     </span>
     <span class='ocr_line' id='line_1_28' title="bbox 138 1997 1596 2042; baseline -0.008 1"><span class='ocrx_word' id='word_1_235' title='bbox 138 2007 374 2042; x_wconf 81' lang='lat' dir='ltr'>verumetiam</span> <span class='ocrx_word' id='word_1_236' title='bbox 397 2003 503 2038; x_wconf 83' lang='lat' dir='ltr'>sibilo</span> <span class='ocrx_word' id='word_1_237' title='bbox 530 2002 648 2036; x_wconf 84' lang='lat' dir='ltr'>laedit</span> <span class='ocrx_word' id='word_1_238' title='bbox 672 2011 774 2033; x_wconf 87' lang='lat' dir='ltr'>aures</span> <span class='ocrx_word' id='word_1_239' title='bbox 801 1998 1024 2033; x_wconf 88' lang='lat' dir='ltr'>audientum.</span> <span class='ocrx_word' id='word_1_240' title='bbox 1054 2004 1090 2031; x_wconf 87' lang='lat' dir='ltr'>et</span> <span class='ocrx_word' id='word_1_241' title='bbox 1114 2003 1170 2032; x_wconf 85' lang='lat' dir='ltr'>est</span> <span class='ocrx_word' id='word_1_242' title='bbox 1189 1998 1310 2030; x_wconf 82' lang='lat' dir='ltr'>colore</span> <span class='ocrx_word' id='word_1_243' title='bbox 1336 1997 1528 2040; x_wconf 68' lang='lat' dir='ltr'>suhsszwus,</span> <span class='ocrx_word' id='word_1_244' title='bbox 1555 2005 1596 2032; x_wconf 79' lang='lat' dir='ltr'>ut</span> 
     </span>
     <span class='ocr_line' id='line_1_29' title="bbox 138 2044 1596 2097; baseline -0.008 -7"><span class='ocrx_word' id='word_1_245' title='bbox 138 2055 254 2090; x_wconf 82' lang='lat' dir='ltr'><strong>tradit</strong></span> <span class='ocrx_word' id='word_1_246' title='bbox 277 2054 460 2093; x_wconf 85' lang='lat' dir='ltr'>Galenus,</span> <span class='ocrx_word' id='word_1_247' title='bbox 484 2052 596 2097; x_wconf 85' lang='lat' dir='ltr'>inque</span> <span class='ocrx_word' id='word_1_248' title='bbox 636 2048 752 2094; x_wconf 84' lang='lat' dir='ltr'>capite</span> <span class='ocrx_word' id='word_1_249' title='bbox 776 2053 848 2080; x_wconf 81' lang='lat' dir='ltr'>tres</span> <span class='ocrx_word' id='word_1_250' title='bbox 881 2045 993 2079; x_wconf 85' lang='lat' dir='ltr'>habet</span> <span class='ocrx_word' id='word_1_251' title='bbox 1018 2045 1151 2079; x_wconf 78' lang='lat' dir='ltr'>cristas.</span> <span class='ocrx_word' id='word_1_252' title='bbox 1177 2050 1322 2090; x_wconf 80' lang='lat' dir='ltr'>praeter</span> <span class='ocrx_word' id='word_1_253' title='bbox 1345 2044 1443 2079; x_wconf 89' lang='lat' dir='ltr'>hunc</span> <span class='ocrx_word' id='word_1_254' title='bbox 1468 2046 1596 2079; x_wconf 79' lang='lat' dir='ltr'>memi-</span> 
     </span>
     <span class='ocr_line' id='line_1_30' title="bbox 137 2092 1595 2144; baseline -0.008 -7"><span class='ocrx_word' id='word_1_255' title='bbox 137 2104 194 2137; x_wconf 81' lang='lat' dir='ltr'>nit</span> <span class='ocrx_word' id='word_1_256' title='bbox 217 2102 314 2137; x_wconf 82' lang='lat' dir='ltr'>idem</span> <span class='ocrx_word' id='word_1_257' title='bbox 339 2101 494 2134; x_wconf 87' lang='lat' dir='ltr'>aliorum</span> <span class='ocrx_word' id='word_1_258' title='bbox 522 2108 670 2144; x_wconf 88' lang='lat' dir='ltr'>quoque</span> <span class='ocrx_word' id='word_1_259' title='bbox 695 2100 912 2140; x_wconf 82' lang='lat' dir='ltr'><strong>serpentum.</strong></span> <span class='ocrx_word' id='word_1_260' title='bbox 937 2104 1102 2138; x_wconf 79' lang='lat' dir='ltr'>serpens,</span> <span class='ocrx_word' id='word_1_261' title='bbox 1128 2093 1196 2134; x_wconf 81' lang='lat' dir='ltr'>ait,</span> <span class='ocrx_word' id='word_1_262' title='bbox 1225 2092 1417 2137; x_wconf 86' lang='lat' dir='ltr'>quercinus</span> <span class='ocrx_word' id='word_1_263' title='bbox 1441 2093 1595 2126; x_wconf 82' lang='lat' dir='ltr'>maxime</span> 
     </span>
     <span class='ocr_line' id='line_1_31' title="bbox 138 2138 1594 2191; baseline -0.009 -6"><span class='ocrx_word' id='word_1_264' title='bbox 138 2151 268 2185; x_wconf 84' lang='lat' dir='ltr'>noxius</span> <span class='ocrx_word' id='word_1_265' title='bbox 298 2154 352 2184; x_wconf 84' lang='lat' dir='ltr'>est</span> <span class='ocrx_word' id='word_1_266' title='bbox 367 2174 376 2190; x_wconf 94' lang='lat'>,</span> <span class='ocrx_word' id='word_1_267' title='bbox 401 2153 439 2181; x_wconf 82' lang='lat' dir='ltr'>et</span> <span class='ocrx_word' id='word_1_268' title='bbox 460 2147 555 2180; x_wconf 86' lang='lat' dir='ltr'>intra</span> <span class='ocrx_word' id='word_1_269' title='bbox 579 2155 733 2191; x_wconf 82' lang='lat' dir='ltr'>quereus</span> <span class='ocrx_word' id='word_1_270' title='bbox 761 2142 868 2187; x_wconf 86' lang='lat' dir='ltr'>degit.</span> <span class='ocrx_word' id='word_1_271' title='bbox 893 2140 1024 2187; x_wconf 81' lang='lat' dir='ltr'>quodsi</span> <span class='ocrx_word' id='word_1_272' title='bbox 1041 2139 1122 2185; x_wconf 90' lang='lat' dir='ltr'>quis</span> <span class='ocrx_word' id='word_1_273' title='bbox 1150 2138 1246 2172; x_wconf 86' lang='lat' dir='ltr'>hunc</span> <span class='ocrx_word' id='word_1_274' title='bbox 1271 2140 1406 2181; x_wconf 82' lang='lat' dir='ltr'>calcat,</span> <span class='ocrx_word' id='word_1_275' title='bbox 1431 2151 1515 2173; x_wconf 85' lang='lat' dir='ltr'>mox</span> <span class='ocrx_word' id='word_1_276' title='bbox 1531 2152 1594 2173; x_wconf 88' lang='lat' dir='ltr'>cu-</span> 
     </span>
     <span class='ocr_line' id='line_1_32' title="bbox 138 2186 1593 2243; baseline -0.009 -10"><span class='ocrx_word' id='word_1_277' title='bbox 138 2203 212 2233; x_wconf 77' lang='lat' dir='ltr'>tem</span> <span class='ocrx_word' id='word_1_278' title='bbox 247 2197 384 2243; x_wconf 85' lang='lat' dir='ltr'>pedum</span> <span class='ocrx_word' id='word_1_279' title='bbox 420 2194 554 2228; x_wconf 83' lang='lat' dir='ltr'>amittit</span> <span class='ocrx_word' id='word_1_280' title='bbox 586 2198 624 2227; x_wconf 90' lang='lat' dir='ltr'>et</span> <span class='ocrx_word' id='word_1_281' title='bbox 652 2190 884 2231; x_wconf 82' lang='lat' dir='ltr'>intumescit3</span> <span class='ocrx_word' id='word_1_282' title='bbox 915 2188 1026 2234; x_wconf 86' lang='lat' dir='ltr'>idque</span> <span class='ocrx_word' id='word_1_283' title='bbox 1071 2187 1307 2221; x_wconf 80' lang='lat' dir='ltr'>consimiliter</span> <span class='ocrx_word' id='word_1_284' title='bbox 1340 2186 1473 2221; x_wconf 87' lang='lat' dir='ltr'>accidit</span> <span class='ocrx_word' id='word_1_285' title='bbox 1494 2188 1593 2220; x_wconf 87' lang='lat' dir='ltr'>illius</span> 
     </span>
     <span class='ocr_line' id='line_1_33' title="bbox 138 2234 1594 2290; baseline -0.008 -11"><span class='ocrx_word' id='word_1_286' title='bbox 138 2245 305 2280; x_wconf 84' lang='lat' dir='ltr'>manibus</span> <span class='ocrx_word' id='word_1_287' title='bbox 332 2243 397 2290; x_wconf 86' lang='lat' dir='ltr'>qui</span> <span class='ocrx_word' id='word_1_288' title='bbox 433 2241 647 2276; x_wconf 81' lang='lat' dir='ltr'>medicinam</span> <span class='ocrx_word' id='word_1_289' title='bbox 683 2239 738 2272; x_wconf 88' lang='lat' dir='ltr'>his</span> <span class='ocrx_word' id='word_1_290' title='bbox 763 2237 841 2271; x_wconf 88' lang='lat' dir='ltr'>vult</span> <span class='ocrx_word' id='word_1_291' title='bbox 863 2235 990 2270; x_wconf 80' lang='lat' dir='ltr'>facere.</span> <span class='ocrx_word' id='word_1_292' title='bbox 1016 2234 1252 2269; x_wconf 81' lang='lat' dir='ltr'>haemon-hus</span> <span class='ocrx_word' id='word_1_293' title='bbox 1286 2240 1323 2268; x_wconf 79' lang='lat' dir='ltr'>et</span> <span class='ocrx_word' id='word_1_294' title='bbox 1346 2234 1594 2267; x_wconf 83' lang='lat' dir='ltr'>haemorrhois</span> 
     </span>
     <span class='ocr_line' id='line_1_34' title="bbox 139 2281 1593 2329; baseline -0.009 -2"><span class='ocrx_word' id='word_1_295' title='bbox 139 2294 190 2327; x_wconf 82' lang='lat' dir='ltr'>ita</span> <span class='ocrx_word' id='word_1_296' title='bbox 212 2297 346 2327; x_wconf 80' lang='lat' dir='ltr'>necant</span> <span class='ocrx_word' id='word_1_297' title='bbox 373 2290 535 2324; x_wconf 85' lang='lat' dir='ltr'>homines</span> <span class='ocrx_word' id='word_1_298' title='bbox 578 2294 619 2322; x_wconf 79' lang='lat' dir='ltr'>ut</span> <span class='ocrx_word' id='word_1_299' title='bbox 640 2286 824 2322; x_wconf 85' lang='lat' dir='ltr'>vocabulis</span> <span class='ocrx_word' id='word_1_300' title='bbox 856 2284 941 2329; x_wconf 84' lang='lat' dir='ltr'>ipsis</span> <span class='ocrx_word' id='word_1_301' title='bbox 976 2283 1218 2327; x_wconf 82' lang='lat' dir='ltr'>significatur:</span> <span class='ocrx_word' id='word_1_302' title='bbox 1244 2293 1327 2315; x_wconf 90' lang='lat' dir='ltr'>nam</span> <span class='ocrx_word' id='word_1_303' title='bbox 1352 2282 1442 2315; x_wconf 85' lang='lat' dir='ltr'>laesi</span> <span class='ocrx_word' id='word_1_304' title='bbox 1467 2281 1511 2314; x_wconf 86' lang='lat' dir='ltr'>ab</span> <span class='ocrx_word' id='word_1_305' title='bbox 1538 2281 1593 2315; x_wconf 80' lang='lat' dir='ltr'>his</span> 
     </span>
     <span class='ocr_line' id='line_1_35' title="bbox 139 2329 1593 2385; baseline -0.01 -10"><span class='ocrx_word' id='word_1_306' title='bbox 139 2341 348 2385; x_wconf 82' lang='lat' dir='ltr'>sanguinem</span> <span class='ocrx_word' id='word_1_307' title='bbox 371 2349 436 2382; x_wconf 82' lang='lat' dir='ltr'>per</span> <span class='ocrx_word' id='word_1_308' title='bbox 459 2348 564 2371; x_wconf 84' lang='lat' dir='ltr'>nares</span> <span class='ocrx_word' id='word_1_309' title='bbox 592 2347 629 2369; x_wconf 90' lang='lat' dir='ltr'>os</span> <span class='ocrx_word' id='word_1_310' title='bbox 654 2340 845 2378; x_wconf 81' lang='lat' dir='ltr'>totumque</span> <span class='ocrx_word' id='word_1_311' title='bbox 884 2331 975 2365; x_wconf 77' lang='lat' dir='ltr'>adeo</span> <span class='ocrx_word' id='word_1_312' title='bbox 999 2341 1127 2376; x_wconf 84' lang='lat' dir='ltr'>corpus</span> <span class='ocrx_word' id='word_1_313' title='bbox 1153 2329 1352 2363; x_wconf 77' lang='lat' dir='ltr'>emittendo</span> <span class='ocrx_word' id='word_1_314' title='bbox 1378 2329 1593 2362; x_wconf 84' lang='lat' dir='ltr'>moriuntur.</span> 
     </span>
     <span class='ocr_line' id='line_1_36' title="bbox 141 2377 1591 2434; baseline -0.009 -12"><span class='ocrx_word' id='word_1_315' title='bbox 141 2386 442 2434; x_wconf 78' lang='lat' dir='ltr'>quemadmodum</span> <span class='ocrx_word' id='word_1_316' title='bbox 475 2385 539 2430; x_wconf 89' lang='lat' dir='ltr'>qui</span> <span class='ocrx_word' id='word_1_317' title='bbox 568 2395 588 2417; x_wconf 88' lang='lat' dir='ltr'>a</span> <span class='ocrx_word' id='word_1_318' title='bbox 614 2380 766 2428; x_wconf 83' lang='lat' dir='ltr'>dipsade</span> <span class='ocrx_word' id='word_1_319' title='bbox 795 2378 904 2412; x_wconf 83' lang='lat' dir='ltr'>morsi</span> <span class='ocrx_word' id='word_1_320' title='bbox 931 2384 1036 2420; x_wconf 85' lang='lat' dir='ltr'>sunt,</span> <span class='ocrx_word' id='word_1_321' title='bbox 1060 2378 1104 2411; x_wconf 88' lang='lat' dir='ltr'>ab</span> <span class='ocrx_word' id='word_1_322' title='bbox 1132 2383 1232 2410; x_wconf 85' lang='lat' dir='ltr'>aestu</span> <span class='ocrx_word' id='word_1_323' title='bbox 1258 2377 1387 2410; x_wconf 84' lang='lat' dir='ltr'>misere</span> <span class='ocrx_word' id='word_1_324' title='bbox 1414 2381 1591 2421; x_wconf 89' lang='lat' dir='ltr'>pereunt:</span> 
     </span>
     <span class='ocr_line' id='line_1_37' title="bbox 140 2423 1592 2480; baseline -0.01 -10"><span class='ocrx_word' id='word_1_325' title='bbox 140 2436 275 2480; x_wconf 84' lang='lat' dir='ltr'>quippe</span> <span class='ocrx_word' id='word_1_326' title='bbox 300 2433 536 2468; x_wconf 84' lang='lat' dir='ltr'>vehementer</span> <span class='ocrx_word' id='word_1_327' title='bbox 571 2431 737 2465; x_wconf 81' lang='lat' dir='ltr'>sitientes</span> <span class='ocrx_word' id='word_1_328' title='bbox 766 2439 807 2460; x_wconf 82' lang='lat' dir='ltr'>ac</span> <span class='ocrx_word' id='word_1_329' title='bbox 831 2426 991 2471; x_wconf 81' lang='lat' dir='ltr'>perusti,</span> <span class='ocrx_word' id='word_1_330' title='bbox 1027 2436 1291 2470; x_wconf 84' lang='lat' dir='ltr'>nonnunquam</span> <span class='ocrx_word' id='word_1_331' title='bbox 1321 2424 1428 2457; x_wconf 86' lang='lat' dir='ltr'>etiam</span> <span class='ocrx_word' id='word_1_332' title='bbox 1455 2423 1592 2456; x_wconf 90' lang='lat' dir='ltr'>dissili-</span> 
     </span>
     <span class='ocr_line' id='line_1_38' title="bbox 140 2469 1591 2526; baseline -0.011 -9"><span class='ocrx_word' id='word_1_333' title='bbox 140 2487 241 2516; x_wconf 77' lang='lat' dir='ltr'>entes</span> <span class='ocrx_word' id='word_1_334' title='bbox 276 2482 546 2526; x_wconf 79' lang='lat' dir='ltr'>extinguuntur.</span> <span class='ocrx_word' id='word_1_335' title='bbox 584 2477 744 2511; x_wconf 82' lang='lat' dir='ltr'>acontias</span> <span class='ocrx_word' id='word_1_336' title='bbox 776 2479 896 2508; x_wconf 82' lang='lat' dir='ltr'>autem</span> <span class='ocrx_word' id='word_1_337' title='bbox 934 2473 1011 2508; x_wconf 72' lang='lat' dir='ltr'>siva</span> <span class='ocrx_word' id='word_1_338' title='bbox 1034 2473 1234 2513; x_wconf 86' lang='lat' dir='ltr'>iaculator,</span> <span class='ocrx_word' id='word_1_339' title='bbox 1260 2477 1374 2505; x_wconf 86' lang='lat' dir='ltr'>semet</span> <span class='ocrx_word' id='word_1_340' title='bbox 1398 2469 1591 2503; x_wconf 89' lang='lat' dir='ltr'>admodum</span> 
     </span>
     <span class='ocr_line' id='line_1_39' title="bbox 141 2519 1591 2574; baseline -0.01 -10"><span class='ocrx_word' id='word_1_341' title='bbox 141 2529 340 2563; x_wconf 78' lang='lat' dir='ltr'>extendens</span> <span class='ocrx_word' id='word_1_342' title='bbox 376 2528 552 2574; x_wconf 79' lang='lat' dir='ltr'>quasique</span> <span class='ocrx_word' id='word_1_343' title='bbox 591 2525 749 2559; x_wconf 85' lang='lat' dir='ltr'>iaculum</span> <span class='ocrx_word' id='word_1_344' title='bbox 783 2521 964 2567; x_wconf 88' lang='lat' dir='ltr'>quoddam</span> <span class='ocrx_word' id='word_1_345' title='bbox 998 2521 1036 2554; x_wconf 81' lang='lat' dir='ltr'>in</span> <span class='ocrx_word' id='word_1_346' title='bbox 1058 2520 1206 2554; x_wconf 79' lang='lat' dir='ltr'>adversa</span> <span class='ocrx_word' id='word_1_347' title='bbox 1230 2519 1415 2558; x_wconf 82' lang='lat' dir='ltr'>insiliens,</span> <span class='ocrx_word' id='word_1_348' title='bbox 1441 2528 1591 2563; x_wconf 87' lang='lat' dir='ltr'>corpora</span> 
     </span>
    </p>
   </div>
   <div class='ocr_carea' id='block_1_5' title="bbox 141 2563 1590 2668">
    <p class='ocr_par' dir='ltr' id='par_1_5' title="bbox 141 2563 1590 2668">
     <span class='ocr_line' id='line_1_40' title="bbox 141 2563 1590 2622; baseline -0.009 -12"><span class='ocrx_word' id='word_1_349' title='bbox 141 2577 191 2609; x_wconf 78' lang='lat' dir='ltr'>sie</span> <span class='ocrx_word' id='word_1_350' title='bbox 215 2587 257 2610; x_wconf 83' lang='lat' dir='ltr'>ea</span> <span class='ocrx_word' id='word_1_351' title='bbox 278 2576 435 2622; x_wconf 82' lang='lat' dir='ltr'>perimit.</span> <span class='ocrx_word' id='word_1_352' title='bbox 461 2574 587 2608; x_wconf 84' lang='lat' dir='ltr'>itidem</span> <span class='ocrx_word' id='word_1_353' title='bbox 611 2573 707 2606; x_wconf 84' lang='lat' dir='ltr'>inter</span> <span class='ocrx_word' id='word_1_354' title='bbox 732 2569 874 2615; x_wconf 81' lang='lat' dir='ltr'>aspides</span> <span class='ocrx_word' id='word_1_355' title='bbox 903 2579 945 2603; x_wconf 84' lang='lat' dir='ltr'>ea</span> <span class='ocrx_word' id='word_1_356' title='bbox 977 2579 1070 2613; x_wconf 85' lang='lat' dir='ltr'>quae</span> <span class='ocrx_word' id='word_1_357' title='bbox 1095 2568 1199 2610; x_wconf 86' lang='lat' dir='ltr'>Ptyas</span> <span class='ocrx_word' id='word_1_358' title='bbox 1227 2566 1431 2612; x_wconf 84' lang='lat' dir='ltr'>appellatur</span> <span class='ocrx_word' id='word_1_359' title='bbox 1457 2563 1503 2598; x_wconf 86' lang='lat' dir='ltr'>ab</span> <span class='ocrx_word' id='word_1_360' title='bbox 1527 2576 1590 2598; x_wconf 83' lang='lat' dir='ltr'>ex-</span> 
     </span>
     <span class='ocr_line' id='line_1_41' title="bbox 141 2613 1590 2668; baseline -0.008 -12"><span class='ocrx_word' id='word_1_361' title='bbox 141 2623 322 2668; x_wconf 85' lang='lat' dir='ltr'>spuendo,</span> <span class='ocrx_word' id='word_1_362' title='bbox 356 2623 451 2656; x_wconf 88' lang='lat' dir='ltr'>collo</span> <span class='ocrx_word' id='word_1_363' title='bbox 491 2627 640 2655; x_wconf 80' lang='lat' dir='ltr'>extenso</span> <span class='ocrx_word' id='word_1_364' title='bbox 679 2624 717 2652; x_wconf 86' lang='lat' dir='ltr'>et</span> <span class='ocrx_word' id='word_1_365' title='bbox 750 2616 930 2650; x_wconf 84' lang='lat' dir='ltr'>intervalli</span> <span class='ocrx_word' id='word_1_366' title='bbox 966 2614 1251 2659; x_wconf 83' lang='lat' dir='ltr'>magnitudinem</span> <span class='ocrx_word' id='word_1_367' title='bbox 1290 2613 1392 2646; x_wconf 78' lang='lat' dir='ltr'>velut</span> <span class='ocrx_word' id='word_1_368' title='bbox 1424 2623 1590 2648; x_wconf 80' lang='lat' dir='ltr'>emensa.</span> 
     </span>
    </p>
   </div>
   <div class='ocr_carea' id='block_1_6' title="bbox 142 2660 1590 2763">
    <p class='ocr_par' dir='ltr' id='par_1_6' title="bbox 142 2660 1590 2763">
     <span class='ocr_line' id='line_1_42' title="bbox 142 2660 1589 2714; baseline -0.009 -12"><span class='ocrx_word' id='word_1_369' title='bbox 142 2671 245 2714; x_wconf 81' lang='lat' dir='ltr'>quasi</span> <span class='ocrx_word' id='word_1_370' title='bbox 272 2682 315 2704; x_wconf 85' lang='lat' dir='ltr'>eo</span> <span class='ocrx_word' id='word_1_371' title='bbox 338 2670 419 2714; x_wconf 86' lang='lat' dir='ltr'>ipso</span> <span class='ocrx_word' id='word_1_372' title='bbox 460 2674 623 2714; x_wconf 80' lang='lat' dir='ltr'>tempore</span> <span class='ocrx_word' id='word_1_373' title='bbox 654 2666 756 2699; x_wconf 78' lang='lat' dir='ltr'>fieret</span> <span class='ocrx_word' id='word_1_374' title='bbox 792 2663 911 2697; x_wconf 81' lang='lat' dir='ltr'>bestia</span> <span class='ocrx_word' id='word_1_375' title='bbox 945 2663 1094 2696; x_wconf 84' lang='lat' dir='ltr'>rationis</span> <span class='ocrx_word' id='word_1_376' title='bbox 1129 2662 1326 2707; x_wconf 82' lang='lat' dir='ltr'>particeps,</span> <span class='ocrx_word' id='word_1_377' title='bbox 1360 2660 1458 2694; x_wconf 81' lang='lat' dir='ltr'>virus</span> <span class='ocrx_word' id='word_1_378' title='bbox 1485 2671 1589 2691; x_wconf 89' lang='lat' dir='ltr'>suum</span> 
     </span>
     <span class='ocr_line' id='line_1_43' title="bbox 143 2706 1590 2763; baseline -0.008 -13"><span class='ocrx_word' id='word_1_379' title='bbox 143 2723 307 2752; x_wconf 78' lang='lat' dir='ltr'>accurate</span> <span class='ocrx_word' id='word_1_380' title='bbox 343 2717 504 2763; x_wconf 80' lang='lat' dir='ltr'>citraque</span> <span class='ocrx_word' id='word_1_381' title='bbox 549 2713 811 2748; x_wconf 79' lang='lat' dir='ltr'>aberrationem</span> <span class='ocrx_word' id='word_1_382' title='bbox 849 2711 886 2743; x_wconf 89' lang='lat' dir='ltr'>in</span> <span class='ocrx_word' id='word_1_383' title='bbox 918 2720 1065 2756; x_wconf 75' lang='lat' dir='ltr'>corpora</span> <span class='ocrx_word' id='word_1_384' title='bbox 1096 2709 1240 2755; x_wconf 81' lang='lat' dir='ltr'>exspuit</span> <span class='ocrx_word' id='word_1_385' title='bbox 1284 2706 1434 2741; x_wconf 74' lang='lat' dir='ltr'>tradunt</span> <span class='ocrx_word' id='word_1_386' title='bbox 1467 2711 1590 2740; x_wconf 80' lang='lat' dir='ltr'>autem</span> 
     </span>
    </p>
   </div>
  </div>
 </body>
</html>
