1826 3120
603 139 884 181 ANNALIUM
925 139 1059 180 PARS
1096 142 1129 179 Ι.
1513 139 1584 193 79

256 243 310 287 Τὸ
348 246 394 286 δὲ
421 244 495 297 τῆς
523 238 739 295 χελιδόνος
769 239 1007 296 εὐμήχανον
1037 243 1124 291 πῶς
1151 240 1226 283 οὐκ
1258 233 1309 281 ἂν
1336 255 1399 289 τις
1426 239 1585 295 ὕπερα-

137 309 334 366 γάσαιτος
378 311 512 364 ἐκείνη
557 307 636 363 γάρ
680 306 755 363 τήν
786 306 934 349 καλιὰν
979 309 1215 362 πηγνυμένη
1259 305 1413 359 τὰμὲν
1441 307 1585 362 κάρφη

138 379 197 436 τῷ
224 375 400 428 στόματι
432 375 685 427 διακομίζει,
729 373 861 427 πηλὸν
888 373 934 414 δὲ
964 379 1049 422 τοῖς
1080 375 1204 415 ποσίν
1237 368 1338 427 ἆραι
1366 370 1424 427 μή
1453 374 1583 414 ὃυνα-

137 445 241 499 με’νη
274 439 580 499 (α’νεπιτήδειοι
619 439 696 494 γὰρ
742 433 858 479 οὗτοι
907 436 1014 492 πρὸς
1057 442 1197 481 πᾶσαν
1232 439 1492 495 ὑπηρεσίαν)
1528 439 1581 481 τά

101 505 248 566 5ἆ’κρα
272 510 354 551 τῶν
375 507 536 562 πτερῶν
562 502 691 548 ὕδατι
720 506 1030 559 καταβρέξασα,
1062 502 1152 547 εἶτα
1182 509 1233 562 τῇ
1259 505 1485 564 λεπτοτάτῃ
1514 502 1586 546 κό-

136 591 199 618 νει
229 577 490 630 ἑνειληθεῖσα
511 606 524 627 ,
566 568 701 620 οὕτως
741 572 902 612 ἐπινοεῖ
933 572 1010 612 τοῦ
1049 575 1181 626 πηλοῦ
1209 570 1285 627 τὴν
1311 575 1486 626 χρείαν,
1516 573 1588 614 καί

136 640 240 684 κατά
267 638 420 696 μικρὸν
461 635 655 693 ἀλλήλοις
697 635 750 678 τά
790 637 934 694 κάρφη
983 634 1070 680 οἷον
1107 637 1231 695 κόλλῃ
1267 638 1352 680 τινί
1385 640 1442 694 τῷ
1472 640 1587 695 πηλῷ

135 705 381 762 συνδήσασα
411 707 455 747 ἐν
483 704 593 761 αὐτῇ
622 701 723 752 τούς
755 702 947 753 νεοττούς
979 705 1182 760 ἐκτρέφει.
1240 698 1299 746 ὧν
1327 704 1402 746 ἐάν
1430 721 1493 753 τις
1521 704 1587 745 ἐκ·

136 773 308 830 κεντήσῃ
346 770 398 815 τά
446 765 639 824 ὄμματα,
680 768 769 824 ἔχει
795 769 888 824 τινα
927 769 1040 825 παρὰ
1082 773 1155 825 τῆς
1185 770 1355 826 φύσεως
1384 768 1624 825 βοήθειανῦ

74 838 337 895 ῑοῖατρικήν,
369 839 423 880 δι’
452 833 502 893 ἧς
527 836 632 891 πρὸς
654 833 800 890 ὖγείαν
820 835 1018 890 ἐπανάγει
1043 838 1124 878 τῶν
1156 836 1336 891 ἐγγόνων
1356 835 1430 885 τὰς
1450 833 1584 890 ὄψεις.

240 903 372 948 “Η’ὃὲ
417 902 585 946 ἀλκυών
627 901 851 944 θαλάττιόν
880 904 995 944 ἐστιν
1025 897 1183 958 ὄρνεον.
1242 900 1350 958 αὕτη
1380 905 1478 959 παρ’
1508 901 1589 945 αὖ-

134 972 230 1022 τοὺς
275 970 376 1020 τούς
408 968 639 1024 ἀἰγιαλοὺς
671 968 886 1010 νοσσεύειν
918 971 1104 1024 πέφυκεν
1131 970 1175 1011 ἐν
1205 970 1337 1026 καιρῷ
1360 971 1585 1023 χειμῶνος,

134 1041 203 1080 ἐπ’
232 1034 361 1092 αὖτῆς
386 1035 439 1078 τὰ
469 1031 532 1094 (ᾖα
561 1037 718 1090 θεμένη
748 1037 821 1090 τῆς
849 1033 1051 1089 ψάμμου,
1084 1032 1154 1077 ὅτε
1186 1038 1351 1084 πολλοῖς
1378 1035 1450 1077 καί
1476 1038 1587 1089 βιαί-

134 1121 196 1155 οις
230 1104 399 1156 ιῖνέμοις
449 1102 475 1157 ἦ
522 1102 719 1144 θάλασσα
759 1104 813 1158 τῇ
846 1104 898 1158 γῇ
926 1101 1279 1157 προσαράσσεται.
1348 1102 1438 1144 ἀλλ’
1477 1099 1588 1155 ὅμως

77 1178 120 1218 15
136 1173 392 1224 κοιμίζονται
415 1168 568 1217 πάντες
603 1167 641 1210 οἱ
670 1164 838 1220 ἄνεμοι,
868 1165 1074 1222 ἡσυχάζει
1106 1170 1152 1209 δὲ
1187 1170 1299 1222 κῦμα
1327 1166 1585 1216 θαλάσσιον,

137 1234 206 1279 ὅτε
247 1235 415 1278 ἀλκυών
456 1233 661 1291 ἐπῳάζει,
707 1232 782 1282 τάς
821 1230 923 1275 ἑπτὰ
956 1233 1145 1288 δηλονότι
1175 1234 1346 1289 ἡμέρας.
1421 1233 1512 1276 ἐπεὶ
1541 1237 1589 1277 δὲ

134 1306 208 1345 καί
233 1305 392 1358 τροφῆς
421 1302 567 1350 αὐτοῖς
593 1302 740 1356 χρεία,
777 1297 905 1348 ἄλλοις
938 1297 1045 1341 ἑπτά
1076 1297 1247 1356 ἡμέρας
1265 1299 1370 1356 πρὸς
1400 1299 1475 1354 τήν
1507 1303 1587 1342 τῶν

133 1371 304 1411 νεοττῶν
344 1363 521 1422 αὔξησιν
565 1366 587 1408 ὃ
614 1363 907 1420 μεγαλόδωρος
947 1367 1053 1422 αὐτῇ
1089 1369 1276 1421 παρέσχε
1304 1365 1417 1415 θεός.
1478 1364 1587 1407 ὥστε

135 1434 209 1477 καί
233 1436 423 1477 ναυτικοί
463 1433 618 1481 πάντες
646 1431 763 1475 ἴσασι
791 1433 936 1484 τοῦτο,
967 1432 1038 1474 καί
1064 1432 1356 1482 ἁλκυονίτιὸας
1383 1431 1459 1482 τὰς
1486 1433 1587 1487 ἦμέ-

72 1527 122 1553 20
137 1518 214 1558 ρας
247 1503 406 1550 ἐκείνας
432 1498 827 1555 προσαγορεύουσιν.
1597 1513 1628 1545 D

239 1563 369 1610 Ἀλλοὶ
412 1569 485 1607 καί
527 1565 600 1621 τὴν
646 1562 829 1619 τρυγόνα
868 1566 977 1620 φασί
1017 1564 1345 1619 ὃιαζευχθεῖσάν
1386 1580 1483 1608 ποτε
1510 1569 1586 1608 τοῦ

135 1632 341 1688 ὁμόζυγος
382 1632 531 1687 μηκέτι
566 1629 668 1685 πρὸς
696 1633 835 1686 ἕτερον
864 1632 1177 1685 καταδέχεσθαι
1205 1634 1450 1686 κοινωνίαν,
1479 1631 1584 1687 μνή-

133 1717 193 1758 μῃ
224 1702 302 1743 τοῦ
339 1700 436 1739 ποτε
477 1699 793 1752 συζευχθέντος.
860 1697 1123 1740 α’κουέτωσαν
1170 1696 1213 1739 αἱ
1255 1704 1446 1751 γυναῖκες
1470 1696 1583 1747 ὅπως

232 1812 280 1835 12.
298 1800 367 1849 71]
389 1800 428 1835 Ὁ
453 1802 486 1834 Ρ.

231 1906 276 1939 Et
299 1905 378 1950 quis
394 1915 469 1937 non
494 1902 694 1937 hirundinis
721 1901 900 1934 solertiam
926 1901 1170 1945 maximopere
1192 1900 1408 1934 admiretur?
1434 1912 1474 1934 ea
1502 1913 1580 1936 cum

137 1953 262 1987 nidum
298 1951 459 1991 conficit,
501 1950 656 1983 festucas
681 1947 827 1994 quidem
852 1948 1020 1981 collectas
1048 1958 1108 1980 ore
1134 1947 1288 1992 prosert:
1315 1947 1379 1981 sed
1404 1960 1483 1981 cum
1509 1950 1581 1982 tol-

137 2002 213 2034 lere
236 2000 353 2033 lutum
376 1997 533 2044 pedibus
559 2002 734 2042 nequeat,
770 2006 858 2040 quos
884 1994 928 2027 ad
950 1994 1090 2039 quasvis
1115 2005 1240 2039 operas
1263 2006 1409 2039 prorsus
1436 1996 1580 2041 ineptos

136 2047 265 2089 habet,
294 2045 460 2080 extremis
499 2045 635 2077 alarum
658 2042 819 2088 partibus
844 2042 882 2074 in
914 2052 1043 2086 aquam
1067 2041 1214 2082 tinctis,
1242 2053 1281 2074 ac
1307 2041 1438 2076 deinde
1462 2045 1581 2076 minu-

134 2095 310 2128 tissimum
334 2094 372 2127 in
396 2093 581 2138 pulverem
615 2090 821 2136 provoluta,
851 2089 1026 2122 rationem
1063 2087 1261 2133 usurpandi
1290 2088 1359 2122 luti
1393 2091 1578 2134 excogitat.

135 2153 218 2175 nam
244 2141 416 2186 paulatim
444 2139 590 2174 festucis
616 2139 693 2171 luto
719 2142 888 2181 tanquam
911 2137 1048 2180 glutino
1074 2135 1230 2180 quodam
1254 2136 1430 2180 colligatis
1454 2137 1579 2170 nidum

136 2189 298 2230 exstruit,
317 2193 354 2222 et
376 2188 496 2233 pullos
520 2187 559 2219 in
584 2197 626 2218 eo
656 2196 737 2218 suos
764 2184 901 2216 educat.
926 2194 1078 2227 quorum
1099 2183 1129 2216 si
1153 2184 1232 2228 quis
1259 2183 1380 2216 oculos
1411 2185 1577 2225 amittat,

135 2247 239 2281 opem
270 2247 289 2268 a
314 2240 442 2268 natura
470 2233 645 2267 medicam
672 2231 783 2264 habet
800 2258 808 2272 ,
833 2242 903 2276 qua
931 2241 990 2263 eos
1017 2229 1108 2263 fetui
1132 2241 1196 2263 suo
1220 2230 1389 2264 restituit.

227 2283 368 2316 Mariua
404 2281 579 2327 quaedam
604 2280 742 2313 avicula
773 2284 846 2318 est,
879 2276 1038 2310 halcedo.
1070 2287 1110 2310 ea
1134 2276 1282 2310 brumae
1308 2283 1469 2323 tempore
1493 2288 1577 2323 pro-

134 2335 216 2374 pter
242 2330 366 2362 littora
391 2329 563 2362 setificare
598 2326 801 2366 consuevit,
834 2324 908 2357 ovis
931 2324 970 2357 in
995 2335 1101 2357 arena
1127 2324 1327 2365 collocatis,
1352 2336 1431 2357 cum
1453 2326 1577 2358 multis

136 2387 177 2409 ac
200 2375 475 2409 vehementibus
494 2387 514 2409 a
530 2375 647 2408 ventis
671 2384 766 2406 mare
788 2371 832 2404 ad
854 2377 982 2405 terram
1008 2371 1180 2405 alliditur.
1206 2382 1329 2405 verum
1353 2383 1437 2404 mox
1455 2383 1578 2405 omnes

135 2424 233 2456 venti
259 2424 449 2468 sopiuntur
481 2428 517 2456 et
546 2422 674 2455 fluctus
706 2419 832 2453 marini
874 2419 1144 2464 conquiescunt.
1180 2423 1259 2452 tum
1292 2417 1444 2452 halcedo
1484 2425 1578 2452 totos

137 2476 273 2515 septem
307 2470 383 2503 dies
415 2470 489 2503 ovis
520 2471 593 2503 suis
620 2468 789 2508 incubat,
827 2476 978 2510 cumque
1013 2467 1186 2512 temporis
1211 2465 1351 2510 aliquid
1375 2466 1420 2498 ad
1450 2465 1580 2498 eduna-

138 2518 271 2550 tionem
297 2527 454 2562 quoque
491 2517 539 2550 sit
576 2516 837 2555 necessarium,
873 2513 949 2546 dies
986 2513 1075 2546 alios
1116 2519 1271 2559 septem,
1314 2513 1447 2557 quibus
1487 2512 1579 2557 pulli

137 2564 302 2600 nonnihil
341 2569 526 2604 crescant,
566 2563 686 2596 divina
724 2562 867 2604 largitas
908 2561 941 2593 ei
979 2559 1152 2594 concedit.
1192 2569 1284 2606 quae
1322 2570 1377 2592 res
1412 2561 1579 2593 nauticae

139 2611 190 2642 rei
217 2611 344 2656 peritis
368 2617 453 2644 nota
479 2616 552 2651 est,
580 2610 644 2655 qui
670 2609 746 2642 dies
774 2609 855 2640 illos
879 2607 1098 2641 Halcedonia
1121 2613 1260 2641 vocant.

229 2658 392 2691 Tradunt
435 2663 472 2691 et
507 2663 684 2691 turturem
723 2668 743 2688 a
767 2654 923 2699 compari
956 2655 1149 2688 seiunctam
1185 2654 1231 2687 ob
1266 2653 1426 2698 coniugis
1451 2652 1580 2698 prioris

139 2705 344 2737 memoriam
370 2704 507 2738 nullius
533 2704 680 2738 alterius
706 2703 914 2737 societatem
939 2701 1138 2737 admittere.
1165 2701 1301 2735 dictum
1327 2700 1394 2734 hoc
1418 2701 1581 2733 mulieri-
