1826 3120
630 132 911 174 ANNAIAUM
952 131 1086 174 PARS
1131 134 1181 173 u.
1489 107 1598 166 285

153 234 409 288 θεασάμενος
457 226 521 273 ὅτ’-ι
559 233 719 286 γέγονεν
749 231 975 285 ἀνάφυξις,
1018 232 1209 290 α’πειθείᾳ
1238 232 1286 287 τῇ
1310 230 1488 286 προτέρᾳ
1512 229 1643 272 ἐνέοι)

152 303 287 356 μεινεζ
583 341 585 344 ,

267 366 397 421 Τρίτη
434 363 569 420 πληγή
608 363 635 419 ἦ
679 363 762 406 οἷπό
801 366 877 406 τοῦ
908 363 1010 418 χοὸς
1047 365 1131 406 τῶν
1176 365 1359 406 σκνιπῶν
1393 361 1607 411 α’νιὶδοσις.

152 434 376 487 ,,ἐ’ξε’τεινε”
405 429 484 486 γάρ
515 446 645 486 φησιν
684 430 876 485 ,,Ἀαρών
910 432 961 487 τῇ
987 429 1105 484 χειρὶ
1145 431 1221 485 τὴν
1250 427 1432 486 ῥάβδον,
1462 427 1607 479 καθώς

117 493 329 554 5ἐλὰλήσε
357 495 524 552 κύριος,
555 497 629 538 καί
655 497 835 546 ἐπάταξε
863 494 908 538 τὸ
941 498 1072 550 χῶμα
1093 496 1167 551 τῆς
1198 499 1295 552 γῆς,
1321 498 1395 538 κατ’
1420 496 1607 550 ἐγένοντο

153 564 193 608 οἱ
221 570 387 613 σκνῖπες
417 562 462 606 ἔν
491 579 535 605 τε
568 566 652 613 τοῖς
686 561 927 616 ἀνθρώποις
950 561 1023 603 καὶ
1048 568 1134 612 τοῖς
1161 560 1431 618 τετράποσι.”
1484 563 1608 617 γίνω-

151 647 225 674 σκε
256 632 302 674 δὲ
331 626 397 672 ὅτι
422 629 467 672 τὸ
501 631 606 681 ζῶον
633 626 672 670 οἱ
700 633 880 680 σκνῖπες,
911 628 952 669 εἰ
976 627 1048 669 καί
1071 627 1341 682 βραχύτατόν
1361 629 1489 682 ἐστιν,
1517 629 1607 670 ἀλλ’

152 694 268 752 ὅμως
299 696 642 751 α’ργαλεώτατον·
710 691 759 735 οὗ
788 692 918 747 μόνον
953 692 1035 749 γὰρ
1065 695 1321 753 λυμαίνεται
1338 693 1423 750 ’τὴν
1451 693 1608 751 ἐπιφά-

151 779 272 807 νειαν
299 765 377 805 τοῦ
402 763 607 818 δέρματος
635 764 721 810 τοῖς
749 756 932 817 ἀφανέσι
963 759 1148 815 δήγμασι
1175 759 1386 816 κνησμούς
1408 761 1611 814 ἐμποιοῦν

95 850 142 877 10
154 832 316 886 αἠὃεῖς,
346 827 454 872 omo}
486 830 560 870 καί
584 827 643 876 εἰς
665 825 710 869 τὸ
744 825 857 876 ἐντὸς
884 824 1076 881 βιάζεται
1108 824 1178 869 διά
1205 836 1253 881 γε
1280 825 1510 883 μυκτήρων
1537 829 1611 870 καί

152 891 285 939 ὤτων.
343 893 450 951 πρὸς
474 893 641 943 τούτοις
671 894 718 935 δὲ
743 894 819 935 καί
844 891 970 948 κόρας
997 889 1176 947 βλάπτει
1205 892 1442 949 ὀφθαλμῶν
1469 890 1737 941 sione-2152

151 962 340 1018 τόμενον.
399 958 604 1010 οὖσαύτως
632 961 679 1002 δὲ
710 959 785 1002 καί
814 959 854 1001 οἱ
879 959 1074 1002 §anecdot
1098 963 1181 1001 ταῖν
1192 960 1439 1014 Αἰγυπτίων
1467 960 1610 1014 ἐποίη-

150 1045 233 1072 σαν
258 1030 336 1071 τοῦ
362 1029 578 1082 ἐξαγαγεῖν
605 1024 682 1069 τὸν
706 1031 858 1072 σκνῖπα
878 1059 890 1080 ,
920 1028 994 1068 καί
1021 1027 1097 1068 οὐκ
1123 1025 1352 1081 ἠδύναντο.
1387 1021 1503 1069 εἶπον
1534 1021 1611 1068 οὖν

151 1097 210 1152 τῷ
233 1091 397 1150 Φαραώ
430 1090 494 1136 ὅτι
523 1091 729 1141 δάκτυλος
756 1094 864 1134 θεοῦ
895 1093 987 1135 ἐστι’
1008 1093 1144 1135 τοῦτο.

93 1159 141 1201 15
266 1159 452 1216 Τετάρτῃ
481 1158 618 1215 πληγὴ
647 1159 674 1215 ἢ
704 1157 774 1201 διὰ
802 1161 875 1214 τῆς
920 1161 1163 1212 κυνομυιάς.
1195 1158 1389 1213 ,,καθω’ς”
1417 1160 1500 1216 γάρ
1530 1175 1614 1216 φη·

153 1243 223 1271 σιν
246 1226 445 1282 »ἐποίησε
473 1223 630 1281 κύριος,
656 1227 907 1280 παρεγένετο
934 1222 961 1280 ἧ
996 1222 1207 1279 κυνάμυια
1236 1228 1398 1283 πλῆθος
1426 1227 1488 1276 εἷς
1513 1227 1614 1276 τοὺς

154 1292 295 1343 οἴκους
324 1291 487 1349 Φαραώ
518 1291 592 1335 καί
615 1293 677 1342 εἷς
703 1293 845 1334 πᾶσαν
871 1290 946 1347 τήν
974 1292 1053 1347 γῆν
1069 1291 1306 1347 Αἰγύπτου.
1364 1294 1439 1334 καί
1462 1293 1615 1344 ἐξωλο-

152 1359 320 1416 θρεύθη
347 1359 374 1415 ἦ
402 1362 455 1415 γῆ
483 1357 567 1401 α’πὸ
601 1360 675 1414 τῆς
701 1360 932 1413 κυνομυίας
960 1358 1214 1414 ὀδυνηρῶς.”
1238 1358 1319 1401 καί
1341 1358 1423 1415 γοὶρ
1454 1359 1614 1415 ἐμφύε-

154 1441 226 1469 ται
258 1424 329 1468 διὰ
358 1428 436 1468 τοῦ
465 1424 673 1481 δήγματος
703 1427 820 1467 τουτι1
850 1423 895 1467 τὸ
929 1426 1035 1475 ζιῧον
1051 1430 1137 1474 τοῖς
1165 1423 1351 1479 σώμασι.
1409 1423 1614 1478 κυνόμυι-

90 1504 141 1536 20
158 1508 209 1535 αν
235 1494 284 1535 δὲ
323 1490 491 1534 α’κούων
528 1490 576 1532 τὸ
623 1486 814 1539 αὔθαδες
854 1490 940 1533 νόει
986 1491 1063 1532 τοῦ
1106 1488 1245 1543 ζώου·
1306 1490 1500 1546 καθάπερ
1528 1490 1649 1546 γάρΒ

153 1561 275 1613 βέλος
302 1560 587 1615 εἰσπετομένη,
618 1560 700 1601 τῶν
712 1559 961 1612 Αἰγυπτίων
989 1557 1063 1600 καί
1087 1558 1229 1612 μόνων
1257 1560 1612 1614 κατεπεμβαίνου-

624 1636 641 1648 ⁴⁸

157 1749 258 1778 tanto
298 1754 318 1776 e
351 1743 447 1777 malo
477 1754 514 1777 se
552 1744 746 1789 respirasse
771 1752 954 1787 cerneret,
983 1746 1021 1780 in
1046 1745 1299 1779 obfirmatione
1329 1744 1439 1778 animi
1459 1745 1611 1791 pristina

157 1791 327 1837 perstitit.

249 1837 375 1871 Tertia
399 1838 504 1883 plaga
530 1837 599 1871 fuit
620 1837 775 1870 culicum
801 1849 820 1871 e
847 1838 995 1883 pulvere
1019 1845 1184 1872 natorum
1210 1837 1414 1883 productio.
1439 1838 1490 1871 sic
1514 1840 1610 1877 enim

140 1885 394 1931 'perscriptum
422 1886 573 1929 legimus
593 1884 718 1930 (Exod.
748 1887 770 1918 8
802 1886 855 1931 16)
889 1886 1006 1927 „Aaro
1029 1897 1136 1918 manu
1163 1886 1293 1929 virgam
1318 1897 1418 1918 suam
1441 1885 1486 1918 de
1509 1897 1613 1920 man-

157 1933 243 1966 dato
272 1933 409 1966 domini
433 1932 638 1977 protendit,
660 1944 700 1965 ac
724 1937 842 1965 terrae
868 1933 1053 1976 pulverem
1075 1933 1270 1977 percussit,
1309 1943 1379 1977 qua
1410 1935 1613 1977 percussio-

156 1991 204 2013 ne
227 1980 359 2013 culices
384 1985 459 2012 tum
486 1981 524 2012 in
553 1979 761 2012 hominibus
802 1985 876 2012 tum
904 1979 1198 2024 quadrupedibus
1226 1980 1475 2013 exstiterunt.''
1500 1986 1612 2026 atque

157 2027 240 2060 heic
269 2027 397 2060 discito
422 2027 677 2060 animalculum
698 2026 803 2067 illud,
834 2026 932 2071 quod
959 2027 1090 2060 culices
1116 2027 1362 2072 appellamus,
1387 2029 1531 2061 tametsi
1555 2029 1612 2061 vel

158 2075 343 2108 minimum
362 2075 419 2115 sit,
446 2074 561 2107 nihilo
586 2080 705 2107 tamen
724 2074 841 2106 miuus
865 2074 970 2118 longe
989 2073 1094 2107 nohis
1120 2085 1197 2107 esse
1219 2075 1522 2109 molestissimum.
1538 2087 1612 2109 non

159 2122 255 2156 enim
282 2127 422 2155 tantum
447 2122 537 2154 cutis
563 2122 788 2166 superficiem
829 2121 973 2164 stringit
997 2126 1106 2167 atque
1138 2122 1271 2162 laedit,
1296 2121 1459 2155 obscuris
1483 2123 1611 2155 morsi-

158 2169 227 2202 bus
251 2180 371 2214 graves
407 2169 653 2213 molestosque
690 2169 849 2213 pruritus
887 2168 1063 2202 efficiens:
1098 2169 1332 2202 verumetiam
1357 2180 1422 2214 per
1443 2180 1548 2203 nares
1575 2176 1613 2204 et

158 2227 263 2250 aures
289 2216 335 2249 ad
360 2216 533 2249 interiora
569 2217 605 2248 vi
630 2222 820 2260 penetrare
855 2215 1005 2257 nititur,
1031 2227 1072 2248 ac
1102 2222 1290 2261 praeterea
1315 2216 1461 2262 pupulis
1486 2218 1612 2250 oculo-

160 2275 257 2304 rum,
280 2264 318 2296 in
354 2275 414 2296 eos
445 2263 667 2304 involando,
694 2262 950 2296 detrimentum
974 2262 1101 2296 adfert.
1137 2263 1271 2297 deinde
1299 2262 1380 2296 heic
1407 2264 1515 2297 etiam
1540 2265 1612 2297 Ae-

160 2311 363 2356 gyptiorum
394 2316 601 2344 excantores
637 2310 822 2343 consimile
847 2309 1018 2355 quiddam
1052 2311 1171 2343 moliri
1199 2310 1428 2352 nitebantur,
1453 2316 1495 2345 ut
1519 2311 1612 2344 culi-

160 2367 218 2390 ces
243 2357 495 2402 producerent,
517 2357 581 2390 sed
605 2357 705 2391 irrito
722 2363 861 2391 conatu.
888 2356 1120 2403 quamobrem
1142 2358 1317 2392 Pharaoni
1342 2358 1499 2392 confessi
1526 2364 1612 2392 sunt

162 2404 250 2438 haec
275 2404 333 2437 «lei
353 2405 465 2449 digito
494 2407 620 2437 effecta
649 2416 736 2438 esse

256 2430 412 2496 Quartan
428 2452 535 2496 plaga
571 2452 659 2484 deus
695 2452 887 2506 Aegyptios
914 2463 978 2496 per
1002 2464 1162 2494 muscas,
1195 2464 1284 2498 quas
1311 2453 1456 2486 caninas
1483 2452 1610 2498 appel-

163 2499 262 2539 lant,
287 2500 435 2532 vexavit.
460 2510 562 2539 nam,
591 2504 632 2531 ut
655 2500 761 2532 sacris
789 2505 842 2531 es!
866 2500 903 2531 in
929 2500 1077 2542 litteris,
1103 2501 1284 2534 efficiente
1307 2500 1376 2534 ‹leo
1404 2505 1506 2533 tanta
1531 2511 1611 2532 mu-

164 2557 299 2578 scarum
342 2547 394 2579 vis
421 2552 530 2591 atque
559 2546 756 2579 multitudo
791 2546 829 2578 in
855 2546 1046 2581 Pharaonis
1080 2547 1188 2581 aedes
1215 2554 1252 2581 et
1275 2554 1389 2581 totam
1411 2547 1611 2591 Aegyptum

166 2598 220 2627 est
244 2593 408 2632 immissa,
430 2599 471 2626 ut
493 2593 538 2625 ab
565 2594 615 2626 eis
644 2593 809 2626 universa
836 2594 932 2637 regio
962 2594 1215 2628 devastaretur.
1236 2596 1405 2628 nimirum
1431 2605 1505 2627 non
1532 2593 1611 2626 sine

165 2638 291 2672 dolore
318 2641 448 2673 animal
473 2640 542 2674 hoc
569 2640 606 2672 in
621 2651 769 2684 corpora
793 2651 912 2673 morsu
930 2647 1104 2685 penetrat.
1132 2653 1285 2687 cumque
1313 2642 1456 2674 caninas
1483 2641 1611 2686 appel-

164 2686 231 2719 l'm
246 2697 382 2719 muscas
410 2687 524 2728 audis,
551 2686 620 2720 hoc
644 2688 761 2731 ipsum
785 2687 1104 2731 adimpudentiam
1132 2696 1169 2723 et
1196 2690 1419 2722 ferocitatem
1445 2688 1608 2721 animalis

165 2732 311 2776 relerto,
337 2733 441 2779 quod
455 2735 619 2770 involans
642 2735 679 2769 in
705 2746 839 2769 morem
861 2735 924 2769 teli
950 2736 1043 2771 solos
1068 2738 1105 2772 in
1129 2737 1321 2784 Aegyptios
1349 2735 1517 2771 irruebat.
1542 2735 1610 2769 hoc
