1826 3120
612 137 896 180 ANNALmM
937 136 1071 178 PARS
1108 137 1141 176 ι,
1527 130 1596 186 27

150 251 204 295 ’τὰ
239 253 286 295 δὲ
312 250 580 306 γυμνούμενα
596 285 606 304 ,
638 251 711 294 καὶ
734 252 815 293 τῶν
853 249 1068 292 οἷειθαλῶν
1094 248 1142 291 τὰ
1171 248 1249 301 μὲν
1277 245 1522 303 φυλλοβόλα
1546 242 1597 285 τὰ

156 321 202 361 δὲ
235 318 458 375 ἄείφυλλα.
531 320 604 360 καί
643 315 880 374 φυλλοβόλα
909 317 987 368 μὲν
1006 316 1126 356 ἐλαία
1155 312 1227 356 καί
1252 314 1374 360 πίτυς
1403 310 1602 367 (λεληθό-

153 403 235 436 τως
262 385 342 441 γοὶρ
372 381 633 427 ὖπαλλοὶσσει
662 383 715 427 τὰ
745 381 913 439 φύλλα,
945 381 1002 430 ὥς
1029 382 1236 436 μηδέποτε
1266 381 1399 421 δοκεῖν
1429 379 1506 432 τῆς
1530 375 1600 417 κό-

89 471 92 474 ’
152 468 235 508 μης
266 450 656 508 ἀπογυμνοῦσθαι),
695 451 924 505 αἐίφυλλον
961 449 1009 489 δὲ
1036 445 1056 490 ὃ
1086 449 1248 503 φοῖνιξ,
1277 443 1323 487 τὸ
1353 441 1457 486 αὐτὸ
1489 438 1600 498 φύλ-

115 523 226 565 §lov
252 519 298 561 ἐκ
325 519 401 573 τῆς
421 514 588 574 πρώτης
617 512 884 570 βλαστήσεως
904 514 1234 570 συμπαραμένον
1262 509 1351 567 ἔχει
1382 512 1441 560 εἷς
1463 510 1598 557 τέλος.

151 586 226 627 καί
251 586 351 639 περὶ
375 585 455 637 μὲν
484 583 639 625 τούτων
672 578 818 630 οὕτως.

261 648 341 706 Μὴ
372 649 568 703 θαύμαζε
597 649 665 702 δέ,
709 649 919 704 ἀγαπητέ,
949 646 1064 702 εἴπερ
1106 645 1134 702 ἦ
1164 645 1263 700 ἇγιά
1296 646 1442 702 γραφή
1470 659 1599 701 φησιν

150 720 210 769 εἰς
235 718 339 772 μίαν
365 715 610 772 συναγωγήν
638 718 904 771 συναχθῆναι
931 714 978 758 τὸ
1003 711 1147 770 ὕδωρ,
1190 714 1275 754 ποῦ’
1302 713 1348 754 δὲ
1377 714 1437 761 εἰς
1470 727 1600 753 συνα-

149 782 303 840 γωγάς·
374 782 446 826 καί
471 785 595 826 τοῦτο
638 781 719 837 γὰρ
751 782 915 824 κάκεῖνο
942 784 1106 837 γέγονε,
1138 781 1211 822 καί
1238 776 1600 820 οὗκ,ἒναντιοῦται

92 871 138 898 ιο
150 851 255 908 πρὸς
283 847 456 907 ἄλληλα.
512 848 536 891 ὅ
580 852 658 904 μὲν
689 844 765 891 οὖν
797 845 1065 904 Θεοδώρητός
1093 863 1223 903 φησιν
1252 842 1317 888 ὅτι
1345 845 1482 892 καλῶς
1510 840 1636 885 εἶπεΒ

148 920 222 962 καί
244 917 490 973 συναγωγὴν
517 919 592 959 καί
616 915 862 971 συναγωγὰς
882 918 955 958 ἐπὶ
978 917 1061 958 τῶν
1088 912 1279 956 ὑδάτων·
1337 910 1389 954 τιὶ
1415 910 1496 966 γὰρ
1526 925 1600 951 πε-

148 984 254 1041 λάγη
280 983 385 1027 κατά
415 983 491 1039 τήν
515 982 596 1036 ἔξω
626 982 879 1039 ἐπιφάνειαν
903 983 1134 1039 διῃρημένα
1154 981 1348 1022 δοκοῦσιν
1364 973 1487 1034 (ἄλλο
1516 975 1597 1032 γὰρ

147 1050 192 1095 τὰ
219 1050 394 1096 Ἰνδικὸν
421 1054 598 1106 πέλαγος
619 1050 693 1093 καί
723 1044 827 1092 ἄλλο
853 1047 899 1092 τὸ
923 1048 1199 1104 “Ῡρκανικόν),
1228 1047 1415 1088 κάτωθεν
1434 1045 1479 1086 δὲ
1497 1060 1598 1085 συν-

147 1118 357 1175 ήρμοσται
395 1117 466 1160 διά
503 1133 629 1160 τινων
668 1114 872 1173 ὑπογείων
915 1114 1071 1172 πόρων.
1140 1112 1296 1165 ἔξωθεν
1332 1113 1378 1154 δὲ
1418 1110 1461 1154 τὸ
1491 1110 1600 1164 μέγα

90 1189 136 1231 15
149 1187 327 1240 πέλαγος
357 1187 589 1239 ἐπίκειται,
619 1186 834 1227 τουτέστιν
870 1182 891 1225 ὃ
918 1180 1129 1236 Ὠκεανός,
1158 1180 1205 1223 τὸ
1239 1181 1311 1221 καί
1336 1174 1602 1222 Ἀτλαντικόν

149 1249 418 1306 καλούμενον.
474 1256 660 1294 καλεῖται
692 1253 740 1293 δὲ
783 1248 915 1300 οὕτως
945 1250 1017 1292 διὰ
1045 1248 1091 1292 τὸ
1120 1251 1254 1291 ἐκεῖσε
1285 1242 1383 1302 ὅρος
1411 1244 1480 1287 τὸν
1496 1239 1602 1287 ’Ἀτ-

149 1321 294 1361 λαντα.
323 1318 525 1360 τοσοῦτον
551 1319 597 1361 δὲ
627 1316 648 1359 ὅ
666 1312 822 1368 ’Ἀτλας
850 1311 970 1366 οὗτος
998 1315 1165 1371 ὑψηλός
1192 1317 1307 1358 ἐστιν
1334 1312 1392 1362 ὥς
1420 1314 1492 1353 καί
1518 1312 1603 1352 κίο-

149 1400 199 1427 να
224 1386 300 1427 τοῦ
327 1386 511 1441 οὐρανοῦ
540 1384 657 1442 παρὰ
686 1389 775 1435 τοῖς
792 1389 986 1440 ποιηταῖς
1013 1385 1232 1437 λέγεσθαι·
1289 1374 1340 1421 οὗ
1369 1376 1444 1433 τὴν
1470 1393 1603 1434 κεφα-

148 1450 226 1507 λὴν
252 1451 393 1502 οὐδεὶς
421 1448 581 1506 ἑώρακε
613 1450 684 1494 διοὶ
714 1449 761 1493 τὸ
792 1450 910 1506 χιόνι
924 1449 1229 1492 καλύπτεσθαι.
1285 1447 1358 1488 καὶ
1384 1443 1493 1488 οὕτω
1520 1446 1640 1497 μὲνΟ

27 1536 34 1543 ·
79 1517 169 1562 ’2οὸ
203 1519 457 1575 διαληφθείς
489 1518 783 1573 Θεοδώρητος,
820 1516 842 1559 ὅ
883 1518 929 1559 δὲ
958 1517 1088 1571 μέγας
1129 1512 1354 1562 Βασίλειός
1383 1527 1511 1568 φησιν
1539 1506 1604 1552 ὅτι

149 1586 287 1635 καλῶς
332 1581 446 1628 εἶπεν
473 1586 534 1634 εἰς
574 1583 678 1639 μίαν
715 1578 974 1639 συναγωγήν.
1043 1582 1113 1625 ἵνα
1141 1579 1218 1637 γὰρ
1245 1578 1304 1635 μὴ
1335 1577 1383 1621 τὸ
1413 1579 1607 1634 ἐπιρρέον

149 1647 264 1706 ὕδωρ
293 1653 378 1694 τῶν
406 1653 644 1708 δεχομένων
671 1649 776 1693 αὐτὸ
803 1648 975 1708 χωρίων
1000 1647 1312 1705 ὑπερχεόμενον
1338 1645 1606 1701 μετεκβαίνοι

150 1831 278 1862 ratum.
305 1830 494 1872 praeterea
518 1827 717 1860 nonnullae
743 1828 794 1860 sic
829 1826 997 1860 conditae
1023 1830 1109 1859 sunt
1133 1825 1279 1858 arbores
1303 1829 1345 1859 ut
1368 1835 1510 1870 semper
1536 1824 1605 1858 flo-

150 1879 272 1916 texant,
297 1875 497 1908 nonnullae
526 1875 624 1908 foliis
650 1873 845 1907 nudentur.
870 1873 1000 1907 itidem
1036 1883 1079 1905 ex
1103 1873 1146 1905 iis
1174 1883 1267 1918 quae
1293 1883 1434 1918 semper
1456 1872 1604 1914 florent,

149 1921 325 1968 quaedam
363 1921 541 1955 abiiciunt
580 1922 688 1963 folia,
726 1920 903 1966 quaedam
938 1932 980 1953 ea
1013 1925 1191 1965 perpetuo
1222 1920 1389 1953 retinent.
1427 1919 1606 1953 abiiciunt

148 1970 251 2003 verbi
272 1970 386 2015 gratia
406 1970 488 2003 olea
509 1975 545 2004 et
565 1970 695 2014 pinus:
716 1981 801 2002 nam
825 1969 935 2001 tacite
964 1968 1070 2013 quasi
1099 1978 1139 2000 ac
1159 1967 1315 2000 latenter
1332 1967 1419 2000 folia
1437 1978 1502 2012 pro
1524 1967 1604 2000 aliis

150 2018 222 2051 alia
259 2019 310 2052 sic
345 2023 640 2063 consequuntur,
679 2021 720 2050 ut
756 2026 942 2061 nunquam
963 2015 1073 2048 comis
1100 2015 1173 2047 suis
1201 2014 1377 2047 denudari
1401 2014 1604 2048 videantur.

148 2065 269 2111 palma
292 2075 378 2100 vero
406 2065 592 2111 perpetuis
620 2069 744 2097 ornata
770 2064 867 2096 foliis
893 2068 958 2105 est,
986 2068 1023 2096 et
1046 2071 1139 2107 quae
1164 2062 1278 2095 semel
1302 2062 1463 2109 accepit,
1487 2061 1532 2094 ad
1561 2061 1605 2094 fi-

147 2124 231 2147 nem
255 2124 371 2159 usque
396 2113 540 2147 retinet.
568 2123 610 2145 ac
633 2110 678 2144 de
702 2111 756 2144 his
783 2109 930 2156 quidem
953 2109 1139 2143 hactenus.

241 2160 318 2194 Nec
339 2172 424 2196 vero
450 2161 578 2194 mirum
602 2159 673 2193 tibi
696 2158 863 2192 videatur
894 2158 1035 2192 litteras
1063 2167 1179 2191 sacras
1204 2166 1302 2190 nunc
1328 2156 1367 2189 in
1392 2167 1502 2189 unam
1528 2155 1605 2188 col-

147 2207 343 2244 lectionem
369 2220 499 2254 aquam
523 2218 600 2242 esse
626 2212 784 2240 coactam
805 2205 936 2247 dicere,
960 2215 1056 2239 nunc
1079 2205 1118 2237 in
1142 2204 1391 2237 collectiones:
1417 2214 1500 2237 nam
1524 2214 1605 2235 cum

147 2261 340 2301 utrumque
383 2256 518 2289 factum
554 2255 623 2296 sit,
662 2253 757 2286 nihil
794 2253 883 2286 haec
908 2253 1004 2287 inter
1027 2263 1065 2286 se
1089 2257 1262 2297 pugnant.
1290 2262 1332 2284 ac
1357 2249 1605 2284 Theodoritus

148 2303 298 2348 quidem
333 2303 386 2336 ait
414 2308 510 2336 recte
543 2313 718 2349 aquarum
744 2306 781 2334 et
804 2301 1054 2334 collectionem
1081 2305 1119 2333 et
1142 2299 1377 2333 collectiones
1403 2298 1497 2331 dici:
1522 2309 1607 2330 nam

146 2351 260 2383 maria
289 2350 390 2396 quod
426 2350 642 2384 exteriorem
666 2349 892 2394 superficiem
914 2348 1062 2389 attinet,
1103 2358 1122 2380 a
1148 2357 1185 2380 se
1207 2347 1361 2380 invicem
1389 2356 1466 2378 esse
1492 2345 1606 2377 divisa

146 2397 326 2432 videntur.
361 2398 496 2443 quippe
536 2397 639 2430 aliud
674 2402 729 2430 est
761 2396 926 2429 Indicum
958 2405 1077 2436 mare,
1103 2394 1206 2427 aliud
1230 2393 1490 2438 Hyrcanicum‚
1513 2401 1606 2437 quae

148 2449 269 2479 tamen
292 2445 444 2479 inferius
468 2456 533 2491 per
557 2444 808 2478 subterraneos
834 2442 1008 2488 quosdam
1032 2447 1172 2476 meatus
1200 2442 1297 2474 inter
1319 2451 1357 2474 se
1382 2441 1609 2484 coniungun·

147 2498 219 2527 tur.
245 2498 345 2526 extra
368 2492 457 2526 haec
483 2498 604 2526 autem
629 2503 796 2536 magnum
819 2490 915 2524 illud
939 2501 1035 2524 mare
1061 2490 1170 2523 situm
1200 2494 1272 2530 est,
1301 2487 1399 2534 quod
1423 2488 1606 2520 Oceanum

150 2539 302 2573 dicimus
330 2545 367 2574 et
393 2540 615 2573 Atlanticum
637 2540 806 2585 pelagus3
837 2537 937 2583 quod
960 2548 1093 2571 nomen
1119 2542 1175 2571 est
1200 2536 1234 2569 ei
1259 2535 1304 2569 ab
1336 2535 1483 2568 Atlante
1508 2533 1606 2566 indi-

149 2591 246 2628 tum,
273 2587 336 2633 qui
359 2598 462 2621 mons
488 2593 610 2621 tantae
639 2586 870 2620 sublimitatis
904 2590 958 2619 est
980 2590 1022 2619 ut
1045 2584 1143 2630 apud
1166 2589 1293 2630 poetas
1322 2582 1414 2615 coeli
1439 2582 1606 2615 columna

149 2639 308 2668 vocetur.
335 2645 441 2668 nemo
467 2635 639 2668 verticem
668 2635 746 2666 eius
771 2633 863 2666 vidit
887 2638 1080 2678 propterea
1104 2630 1203 2678 quod
1228 2631 1293 2663 illa
1318 2629 1401 2663 nive
1428 2634 1521 2662 tecta
1547 2628 1606 2661 sit.

150 2679 242 2714 haec
271 2681 488 2716 Theodoriti
528 2687 584 2715 est
619 2681 810 2715 sententia.
836 2690 982 2725 magnus
1013 2685 1134 2714 autem
1163 2678 1316 2712 Basilius
1340 2681 1464 2710 noster
1486 2675 1607 2720 inquit

153 2733 250 2764 recte
281 2727 419 2766 dictum
458 2730 496 2765 in
523 2729 778 2764 collectionem
814 2739 932 2762 unam.
956 2738 1039 2763 nam
1062 2733 1105 2763 ut
1130 2736 1224 2773 aqua
1250 2724 1434 2760 confluens
1460 2733 1501 2757 ea
1527 2724 1606 2756 loca
