1826 3120
307 146 421 202 630

305 266 479 301 Anomaei
504 265 670 299 haeresin
715 276 814 299 suam
837 277 880 300 ex.
909 266 990 299 Ori-

353 324 442 357 gene
469 318 651 345 traxerunt
674 312 752 356 451,
780 316 831 348 18.

305 371 447 394 anseres
472 359 663 403 pervigiles
689 360 753 405 84,
779 373 811 395 2.
844 360 989 393 Romam

353 412 495 439 servant
518 406 576 449 84,
601 408 632 450 4.

301 453 515 487 Antichristi
538 453 697 497 prodigia
721 453 801 498 293,
825 453 858 497 4.

301 501 501 544 Antigonus
528 500 731 534 Alexandro
754 505 894 533 mortuo
908 497 990 533 Asia

349 548 487 592 potitur
509 548 587 593 377,
611 560 645 592 9.

276 622 278 625 ,
300 594 492 628 Antiochia
520 606 540 626 a
567 605 640 639 quo
668 594 813 627 condita
837 595 885 628 sit
909 596 988 639 377,

353 651 400 673 12.
425 641 502 674 eius
520 641 640 674 clades
652 644 731 682 500,
752 644 799 677 13.
812 652 854 674 ea
876 641 989 677 absti-

346 693 411 720 net
435 687 568 721 Phocas
595 691 672 733 571,
699 690 732 723 8.

298 734 516 768 Antiocheni
555 735 793 780 imperatricis
834 740 986 768 statuam

348 781 523 816 deiiciunt
549 785 629 826 477,
662 785 711 826 14-

299 828 497 862 Antiochus
523 829 725 874 Epiphanes
751 831 831 874 377,
862 829 912 863 18.

298 876 495 909 Antiochus
520 877 680 921 Eupator
703 877 784 922 378,
818 887 866 909 ιο.

297 922 494 956 Antioc-hus
520 924 685 957 ostiarius
722 923 984 956 circumventus

346 970 425 1014 496,
462 973 509 1005 18.

295 1015 622 1061 ἀντιπελάργωσις
648 1017 703 1059 78,
718 1026 776 1048 20.

294 1064 468 1096 Antonini
494 1063 666 1096 Caracalli
689 1061 880 1107 imperium
904 1061 983 1105 449,

349 1122 398 1144 12.

298 1157 471 1190 Antonini
483 1155 691 1201 Philosophi
705 1155 892 1201 imperium
905 1154 981 1198 449,

352 1205 402 1238 15.

293 1249 470 1284 Antonini
497 1249 549 1283 Pii
573 1249 762 1294 imperium
787 1249 866 1292 449,
900 1257 948 1279 12.

295 1297 473 1331 Antonius
523 1295 568 1329 ab
613 1297 773 1341 Augusto
821 1294 980 1328 devictus

343 1346 421 1383 380,
446 1345 479 1377 6.
807 1376 809 1379 ,

293 1390 474 1436 Apelliani
498 1389 670 1423 haeretici
705 1391 786 1434 429,
819 1399 866 1431 ¹9·

296 1449 380 1484 apes
406 1437 505 1470 fucos
529 1438 684 1482 puniunt
709 1439 764 1481 87,
795 1448 844 1481 17.
871 1445 980 1480 quare

341 1485 421 1517 oleo
452 1486 722 1528 exstinguantur
749 1494 806 1526 91,
845 1495 894 1517 so.
921 1492 982 1514 ea-

341 1543 417 1564 rum
442 1542 496 1563 res
521 1531 665 1576 publica
691 1542 746 1575 77,
781 1532 829 1563 18.
845 1533 901 1572 87,
932 1541 982 1573 ¹9.

286 1579 372 1622 Apis
398 1578 442 1611 ab
469 1578 653 1623 Aegyptiis
678 1578 811 1610 colitur
824 1578 904 1619 245,
922 1577 971 1608 16.

288 1624 525 1670 Apochaudas
545 1624 708 1658 devictus
734 1636 754 1656 a
771 1622 975 1668 Nicephoro

339 1675 502 1716 566220.

289 1719 518 1762 Apolinarius
544 1717 809 1752 Alexandrinus
835 1716 916 1758 504,
943 1727 974 1758 7.

288 1766 521 1810 Apolinarius
571 1765 770 1798 Laodiceae
827 1764 974 1797 antistes

337 1812 480 1857 quando
514 1813 644 1846 vixerit
681 1813 773 1853 455,
812 1811 860 1854 14.
898 1811 974 1843 eius

334 1859 494 1892 haeresis
512 1862 584 1904 134,
599 1870 628 1893 2.
654 1859 733 1904 455,
752 1859 801 1902 14.
828 1858 974 1891 damna-

333 1912 392 1939 tur
415 1908 495 1948 503,
518 1909 548 1940 5.

286 1953 470 1997 Apollonii
498 1952 711 1997 praestigiae
737 1953 817 1996 445,
847 1963 898 1986 11.

285 2001 440 2047 apostoli
455 2001 655 2044 linguarum
668 1999 899 2034 descensione
912 1997 972 2031 fir-

329 2047 417 2079 mati
434 2048 512 2091 420,
528 2059 538 2079 1
557 2058 632 2092 sqq.
660 2045 872 2091 patriarchis
894 2057 972 2078 ma-

331 2094 424 2126 iores
450 2095 529 2136 428,
551 2105 597 2126 10.
617 2094 744 2126 ceteris
761 2104 863 2138 pares
879 2093 971 2125 Pau-

330 2140 386 2172 lus
401 2146 437 2173 et
455 2139 600 2173 Iacobus
619 2140 700 2185 427,
720 2152 769 2174 10.
787 2140 892 2185 primi
909 2151 971 2172 cur

331 2186 521 2219 duodecim
541 2187 675 2220 fuerint
693 2187 739 2220 ib.
750 2187 871 2221 nullus
880 2188 970 2220 Pau-

329 2234 367 2266 lo
392 2234 666 2278 anteponendus
680 2236 762 2280 397,
779 2245 835 2269 22.

285 2291 452 2325 aprorum
475 2287 604 2313 natura
636 2292 708 2327 119,
732 2283 783 2315 15.

283 2328 490 2371 Apsimarus
516 2329 592 2368 518,
625 2341 650 2361 1.

285 2386 379 2419 aqua
402 2387 462 2407 cur
486 2386 506 2406 a
531 2374 600 2407 deo
617 2381 653 2407 et
680 2385 787 2418 supra
811 2378 848 2407 et
873 2374 966 2407 infra

329 2422 590 2454 firmamentum
627 2421 800 2454 collocata
831 2420 879 2454 sit
914 2423 965 2462 ¹6,

327 2480 359 2502 2·
386 2470 462 2501 eius
486 2469 565 2500 fons
580 2474 618 2502 et
632 2468 848 2513 principium
867 2479 965 2500 mare

330 2519 382 2556 18,
414 2527 465 2549 12.
487 2516 542 2556 31,
567 2516 598 2550 5.
621 2516 757 2547 marina
783 2514 965 2560 quomodo

323 2561 496 2605 potabilis
532 2562 595 2596 fiat
633 2565 693 2603 18,
727 2572 781 2594 22.
830 2562 963 2594 marina

323 2608 421 2642 unde
445 2614 587 2642 constet
609 2610 665 2650 31,
702 2621 751 2642 10.
776 2607 964 2642 fluviatilis

324 2665 387 2687 cur
410 2667 483 2689 non
508 2656 599 2689 salsa
622 2656 668 2689 sit
687 2655 737 2690 ib.
752 2666 861 2700 quare
888 2656 961 2688 cito

323 2707 504 2744 putrescat
530 2704 595 2747 34,
626 2705 674 2737 15.
714 2702 872 2747 putealis
900 2713 962 2735 eur

323 2746 439 2782 hieme
470 2750 595 2797 calida
618 2751 662 2784 sit
694 2750 765 2793 114,
807 2761 856 2783 11.
881 2760 960 2783 cum

943 167 1105 206 1NDEX

1103 267 1184 311 igne
1224 268 1262 301 in
1289 267 1405 311 Lyciis
1428 270 1624 307 montibus
1654 283 1740 306 eon·-

1103 315 1223 347 iuncta
1252 315 1354 348 cuius
1374 327 1444 350 nos.
1468 316 1659 354 admouent
1683 320 1743 360 33.

1108 362 1158 395 13.
1186 362 1262 395 eius
1287 362 1325 394 in
1338 362 1740 412 diluvie-altitud0237‚

1108 411 1155 443 16.
1173 408 1210 441 in
1223 409 1331 442 sacris
1341 410 1472 444 litteris
1483 422 1744 459 nonnunquam

1101 454 1172 487 mel
1198 455 1331 488 dicitur
1355 458 1436 500 356,
1467 461 1518 494 16.
1555 470 1649 505 aqna
1668 461 1740 495 ad-

1101 503 1311 536 versationis
1330 503 1406 548 194,
1430 506 1490 540 15.-
1656 530 1658 532 -

1054 549 1187 593 Aquila
1222 550 1420 594 astrologus
1449 551 1673 587 Christianus
1699 554 1760 588 fit*

1102 597 1181 639 448,
1214 609 1264 643 17.
1292 598 1424 642 scripta
1447 609 1544 632 sacra
1569 601 1671 634 vitiat
1691 600 1741 634 ib.

1054 642 1196 687 aquiIae
1233 655 1377 689 pennae
1401 646 1458 687 83,
1493 649 1526 681 ὃ.
1553 648 1743 692 augurium

1101 689 1180 733 546,
1200 702 1248 724 11.
1279 693 1356 732 558,
1378 703 1429 726 ro.
1456 693 1636 739 iii-pullos
1667 695 1740 728 ini-

1101 737 1223 780 quitas
1249 739 1304 779 80,
1329 741 1360 772 3.
1618 760 1621 762 <
1706 751 1710 755 ·

1052 781 1205 817 Arbaces
1218 784 1498 830 Sardanapalum
1511 787 1644 823 oceidit
1661 786 1743 835 264,

1104 840 1154 862 12.
1658 859 1663 862 -

1053 875 1160 909 arbor
1184 879 1398 922 cognitionis
1425 891 1486 913 cur
1512 881 1551 916 in
1574 881 1743 926 paradiso

1098 923 1242 958 condita
1271 926 1381 959 fuerit
1414 937 1496 971 ¹9⁰2
1530 939 1580 963 11.
1616 928 1662 961 de
1696 939 1740 963 ea

1098 980 1223 1014 magna
1235 972 1410 1006 dissensio
1430 976 1501 1014 162,
1518 984 1572 1007 22.
1593 977 1667 1018 186,
1681 987 1738 1011 21.

1050 1015 1194 1051 arbores
1218 1018 1415 1064 αἐίφυλλοι
1436 1025 1472 1053 et
1498 1026 1620 1055 tamen
1640 1024 1740 1068 φνλ-

1094 1064 1239 1107 infidam
1267 1078 1322 1111 27,
1352 1079 1383 1102 Ἰ1.
1406 1078 1534 1105 aureae
1558 1080 1637 1102 cum
1660 1071 1739 1103 avi-

1097 1111 1188 1144 culis
1213 1112 1292 1157 537,
1319 1115 1350 1155 4.
1395 1124 1515 1148 earum
1550 1115 1640 1150 folia
1675 1127 1742 1150 eur

1097 1155 1236 1190 diversa
1266 1159 1321 1202 24,
1341 1170 1375 1192 11
1397 1171 1475 1207 sqq.
1499 1162 1538 1195 in
1561 1162 1606 1196 iis
1625 1171 1739 1198 ’11011110

1095 1202 1286 1238 discrimen
1311 1207 1367 1248 24,
1393 1219 1424 1252 7.

1049 1248 1184 1283 arboris
1210 1257 1246 1285 et
1262 1251 1372 1286 fontis
1389 1253 1562 1289 miracula
1585 1257 1666 1297 515,
1684 1268 1735 1291 12.

1048 1296 1201 1340 Arbylus
1223 1299 1447 1342 Assyriorum
1465 1313 1526 1335 rex
1549 1303 1629 1347 244,
1658 1315 1708 1350 17.

1048 1352 1129 1376 arca
1138 1344 1273 1379 domini
1285 1353 1457 1392 curcapta
1469 1348 1580 1384 fuerit
1588 1350 1668 1392 322,
1684 1353 1739 1387 15.

1048 1401 1128 1423 arca
1153 1391 1253 1425 Noae
1281 1400 1414 1438 quanta
1449 1392 1564 1430 fueris
1582 1399 1677 1441 240,Δ
1701 1400 1734 1432 8.

1095 1438 1134 1471 in
1159 1449 1234 1472 eam
1267 1451 1331 1473 cur
1353 1446 1423 1475 tam
1450 1448 1600 1488 septena
1626 1455 1735 1490 quam

1094 1485 1180 1518 bina
1191 1487 1356 1520 animalia
1370 1494 1512 1534 recepta
1524 1491 1596 1524 sint
1607 1492 1685 1534 239,
1707 1503 1732 1525 1.

1049 1531 1220 1566 Arcadius
1250 1534 1334 1578 imp.
1358 1535 1554 1570 Theodosii
1579 1548 1623 1570 ex
1649 1537 1733 1572 Pla-

1095 1579 1179 1612 cilla
1201 1580 1240 1614 F.
1272 1583 1349 1624 475,
1381 1594 1402 1616 2
1448 1584 1494 1616 ab
1519 1585 1735 1620 Innocentio

1089 1637 1182 1670 papa
1215 1630 1540 1664 excommunicatus
1573 1635 1655 1678 480,
1682 1635 1735 1675 18,

1090 1671 1290 1707 absolvitur
1317 1676 1394 1719 482,
1428 1678 1470 1712 15
1497 1689 1573 1724 sqq.

1043 1718 1246 1764 archangeli
1277 1721 1350 1764 145,
1377 1733 1432 1755 21.

1043 1765 1185 1799 ardeola
1221 1780 1246 1801 s.
1271 1769 1416 1802 erodius
1439 1771 1516 1804 avis
1540 1772 1596 1813 85,
1629 1784 1655 1807 1.

1042 1811 1255 1858 Argyropuli
1283 1817 1404 1849 uxoris
1432 1817 1543 1851 virtus
1568 1821 1647 1860 580,
1676 1820 1728 1855 13.

1040 1860 1144 1893 Arius
1173 1861 1337 1896 haeresin
1371 1875 1470 1896 suam
1507 1876 1550 1898 ex
1574 1866 1733 1911 Origene

1086 1906 1206 1941 hausit
1225 1911 1354 1953 14:218.
1369 1910 1561 1945 damnatur
1581 1916 1660 1956 502,
1677 1916 1729 1950 15.

1088 1954 1165 1988 eius
1189 1967 1282 1989 mors
1305 1957 1384 2000 468,
1420 1969 1468 2002 17.

1039 1999 1242 2035 Aristotelis
1271 2010 1367 2036 aetas
1380 2006 1458 2049 376,
1480 2016 1528 2050 17.
1554 2004 1598 2038 de
1621 2006 1727 2040 coelo

1085 2050 1264 2082 sententia
1296 2061 1328 2084 11
1346 2076 1356 2092 ,
1371 2063 1403 2096 9.
1432 2051 1504 2084 loci
1537 2062 1560 2085 e
1582 2053 1727 2098 scriptis

1085 2095 1161 2128 eius
1186 2096 1325 2130 laudati
1349 2100 1404 2142 57,
1435 2111 1459 2133 1.
1478 2110 1536 2144 97,
1563 2101 1617 2132 23.
1648 2110 1726 2142 1ο2,

1090 2143 1140 2176 15.
1171 2144 1242 2184 103,
1273 2146 1322 2178 16.
1357 2155 1431 2190 119,
1462 2156 1511 2179 ιο.
1538 2155 1617 2192 219,
1642 2146 1676 2181 3.

1035 2188 1282 2223 arithmeticae
1305 2191 1509 2225 inventores
1526 2195 1606 2236 240,
1625 2194 1677 2230 13.

1035 2237 1215 2270 Armatius
1246 2249 1274 2270 v.
1297 2237 1509 2272 Harmatius.

1034 2284 1290 2317 Armemunnes
1315 2286 1395 2327 540,
1428 2297 1477 2319 12.

1033 2330 1203 2363 Arsenius
1228 2331 1386 2375 profugit
1410 2333 1489 2377 475,
1514 2343 1572 2367 20.
1616 2342 1723 2365 revo-

1080 2383 1180 2410 catus
1208 2376 1257 2410 ib.
1295 2378 1340 2412 ad
1365 2379 1610 2413 Theodosium
1636 2381 1720 2413 mit-

1078 2424 1165 2456 titur
1187 2423 1234 2455 ih.

1030 2469 1226 2503 Artabanes
1251 2481 1313 2504 rex
1342 2471 1422 2515 376,
1455 2474 1504 2516 14.

1030 2516 1250 2550 Artabasdus
1274 2518 1460 2562 imperium
1478 2520 1722 2563 usurpat526,

1075 2576 1108 2609 9.
1134 2564 1263 2598 Leonis
1302 2576 1410 2608 gener
1438 2565 1516 2606 520,
1558 2566 1608 2610 14.
1640 2567 1720 2600 eius

1077 2611 1191 2644 exitus
1220 2611 1269 2644 ib.
1575 2635 1577 2638 ν
1721 2623 1723 2625 ’

1028 2656 1240 2691 Artaxerxes
1266 2659 1448 2691 Persarum
1474 2668 1536 2691 rex
1556 2659 1634 2700 266,
1651 2659 1694 2704 4.

1028 2703 1206 2738 Artemius
1230 2705 1314 2750 imp.
1341 2707 1418 2745 520,
1445 2706 1477 2739 8.

1028 2751 1227 2786 Artoclines
1241 2752 1284 2785 ab
1299 2762 1407 2785 uxore
1422 2757 1570 2786 necatur
1583 2752 1662 2798 593,
1676 2752 1709 2785 3.
