1826 3120
286 132 388 188 188
712 149 999 191 mentiens
1043 136 1267 194 GLYCAE'

273 251 395 300 ξύλον
427 245 521 291 οὔτε
550 251 704 303 συκῆν,
747 246 804 298 ῶς
832 251 940 298 τινές
970 266 1126 305 φασιν,
1160 245 1258 291 οὔτε
1287 266 1327 292 τι
1357 252 1437 293 τῶν
1466 247 1716 307 ἀκροδρύων

271 318 410 370 ἕτερον
437 313 543 357 εἶναι
573 315 846 367 πεπείσμεθα.
904 316 943 356 εἰ
968 314 1047 371 γὰρ
1072 315 1144 358 καί
1167 317 1266 371 περὶ
1291 314 1487 371 βρώσεως
1514 318 1718 372 αἰσθητῆς

271 383 458 423 ἐνταῦθα
497 382 614 422 δοκεῖ
631 381 762 434 λέγειν
807 380 830 423 ὅ
868 383 1052 436 θεόπτης
1080 384 1267 437 Μωσῆς,
1310 382 1401 424 ἀλλ’
1439 383 1548 438 ἐγώ,
1586 385 1716 439 φησί,

269 449 341 501 τῆς
382 446 501 500 ἁγίας
543 443 708 488 α’κούων
747 450 915 504 γραφῆς
955 448 1007 489 ου’
1055 447 1184 501 μόνον
1223 446 1468 503 σωματικὴν
1492 449 1717 502 ἐπίσταμαι

268 514 445 565 βρῶσιν,
475 510 584 553 ἄλλα
614 529 707 555 τινα
734 515 808 556 καί
831 514 981 568 ἑτέραν
1010 511 1105 556 οἶδα
1133 512 1324 570 τροφήν,
1353 509 1404 569 ἧς
1433 512 1458 569 ἦ
1484 510 1755 563 ἀπόλαυσιςό

268 579 341 618 ἐπὶ
365 575 495 633 μόνην
532 577 608 633 τήν
651 578 800 635 ψυχὴν
831 581 1055 633 διαβαίνει.
1132 580 1287 640 φάγετε
1315 581 1390 622 καί
1411 579 1491 636 γάρ
1521 577 1718 633 'comitativa‘

268 639 411 697 ἄρτον,
433 644 457 699 ἢ
479 644 610 700 σοφία
629 651 715 695 τοῖς
746 649 922 688 πεινῶσι
943 647 1286 701 παρακελεύεται,
1315 649 1390 688 καί
1413 648 1526 688 πίετε
1555 641 1722 695 οἶνον-ὃν

271 711 471 764 κεκέρακα
489 711 601 763 ὑμῖν.
635 710 743 754 rima
764 711 835 754 καί
861 711 882 752 ὅ
903 712 1044 766 κύριος
1061 711 1135 767 τὴν
1151 714 1424 766 Σαμαρειτῶν
1443 712 1721 768 ὖπεμφοιίνων

268 777 476 830 σωτηρίαν
496 774 610 831 ἔλεγε
639 779 828 833 ,,βρῶσιν
854 776 938 830 ἔχω
962 782 1112 834 φαγεῖν
1139 776 1190 832 ἣν
1210 777 1332 831 ὑμεῖς
1349 778 1425 819 οὐκ
1441 776 1624 829 olvat-22³
1649 774 1723 826 καὶ

268 842 456 895 α’λλαχοῦ
493 839 545 895 ,,ὅ
594 843 734 895 διψῶν
761 844 956 897 ἐρχέσθω
997 842 1100 897 πρός
1133 858 1186 896 με
1217 843 1290 885 καί
1314 844 1512 886 πινέτω.”
1568 840 1783 898 ου’κοῦνφ

266 907 342 960 τῆς
377 910 551 963 φυτείας
588 910 663 964 τῆς
698 911 743 952 ἐν
774 910 894 962 Ἐδὲμ
934 908 1095 968 (τρυφὴ
1127 910 1173 951 δὲ
1214 905 1388 965 ἦῖΕδὲμ
1420 905 1719 964 ἑρμηνεύεται)

268 968 386 1023 ἄξιόν
415 989 509 1016 τινα
548 972 708 1030 καρπὸν
746 973 939 1029 ἐννοῆσαι
981 973 1205 1030 προσήκει,
1256 978 1330 1017 καί
1374 977 1610 1032 τρέφεσθαι
1646 971 1718 1028 51ss?

162 1046 198 1079 P.
212 1035 417 1090 99τούτου
462 1039 521 1094 μη
567 1039 848 1096 α’,ιιφιβάλλειν
883 1039 953 1083 τόν
981 1036 1232 1096 ἄνθρωπον,
1271 1043 1343 1083 καί
1368 1039 1429 1096 μὴ
1458 1038 1621 1088 πάντως
1645 1038 1721 1095 τήν

268 1103 500 1158 παροδικὴν
545 1107 618 1146 καί
648 1107 872 1160 ἐπίρρυτον
901 1104 1056 1161 ταύτην
1095 1106 1256 1163 τροφὴν
1285 1108 1356 1149 ἐπὶ
1383 1108 1459 1162 τῆς
1481 1107 1557 1149 τοῦ
1581 1121 1719 1161 παρα-

157 1181 252 1226 V.77
268 1171 409 1211 δείσου
441 1171 648 1226 διαγωγῆς
680 1172 849 1213 ἐννοεῖν.
881 1168 994 1213 οὕτω
1013 1174 1091 1225 μὲν
1121 1168 1197 1214 οὖν
1222 1175 1294 1215 καί
1319 1173 1340 1214 ὁ
1365 1171 1579 1223 θειότατος
1597 1172 1719 1215 Ἀνα-
1736 1166 1784 1211 15

266 1235 435 1286 στάσιος
481 1235 628 1292 νοεράν
674 1233 782 1279 εἶναι
824 1237 1023 1291 βούλεται
1061 1237 1138 1293 τῆν
1168 1242 1327 1294 βρῶσιν
1354 1240 1530 1295 ἐκείνην,
1559 1239 1609 1280 ού
1635 1236 1719 1294 μὴν

267 1302 476 1357 αἰσθητήν
504 1319 549 1345 τε
577 1302 651 1345 καί
677 1304 894 1359 σαρκικην.
953 1306 993 1346 εἰ
1021 1303 1101 1359 γὰρ
1121 1307 1318 1360 τοιαύτην
1346 1304 1530 1360 ἑσήμανε
1558 1307 1720 1360 βρῶσιν

265 1367 315 1409 τὰ
349 1371 446 1410 θεῖα
477 1366 604 1425 ῥητά,
637 1371 712 1411 καί
731 1372 945 1424 σαρκικῶςΙ
971 1370 1233 1425 ἀπέθνησκον
1265 1371 1303 1413 οἱ
1330 1370 1485 1426 ταύτης
1513 1366 1718 1425 ἀπογευό-

266 1449 414 1486 μενοι·
482 1436 636 1490 νοερῶς
674 1436 713 1476 ‹5’
757 1431 834 1478 οὖν
873 1434 1158 1492 ἡμαρτηκότες
1193 1436 1263 1479 τὸν
1290 1440 1363 1493 τῆς
1390 1439 1535 1491 ψυχῆς
1562 1437 1716 1479 αύτίκα

268 1501 463 1553 δέχονται
490 1501 685 1544 θάνατον.
762 1498 873 1543 οὕτω
902 1505 979 1555 μὲν
1009 1498 1084 1544 οὖν
1109 1502 1183 1544 καί
1209 1502 1231 1543 ὅ
1261 1502 1457 1557 θεολόγος
1486 1505 1527 1544 Γ
1525 1500 1716 1557 ρηγόρι.ος
1730 1511 1782 1539 20

267 1563 312 1606 τὰ
347 1564 484 1622 φυτὸν
519 1568 673 1621 ἐκεῖνο,
716 1565 763 1609 τὸ
797 1567 920 1619 ξύλον
959 1567 1148 1623 δηλονότι
1172 1569 1244 1624 τῆς
1271 1567 1461 1622 γνώσεως
1480 1601 1494 1621 ,
1534 1571 1719 1624 θεωρίαν

366 1690 419 1731 ¹4.
441 1687 618 1732 τοιαύτην
643 1691 677 1724 Ρ,

270 1807 389 1834 autem
415 1801 578 1846 Gregorii
619 1802 788 1846 leguntur
823 1802 912 1836 haec
947 1804 1024 1848 ipsa
1062 1802 1180 1837 verba.
1215 1803 1351 1847 lignum
1384 1802 1477 1836 illud
1505 1802 1550 1836 de
1575 1814 1647 1848 quo
1670 1815 1716 1838 ne

269 1854 498 1882 vescerentur
532 1849 765 1882 interdictum
805 1857 908 1890 erat,
949 1862 1017 1883 nec
1050 1851 1154 1883 ficum
1194 1851 1323 1891 fuisse,
1360 1849 1629 1894 quodquidam
1653 1862 1718 1884 vo-

270 1896 369 1936 lunt,
395 1907 462 1928 nec
483 1896 588 1928 aliam
614 1896 835 1929 fructiferam
861 1897 1024 1930 arborem
1050 1898 1210 1942 persuasi
1236 1908 1368 1930 sumus.
1394 1908 1598 1941 quanquam
1622 1898 1718 1930 enim

271 1949 452 1987 spectator
476 1944 538 1975 ille
582 1942 641 1975 dei
665 1944 783 1977 Moses
813 1943 857 1976 de
893 1945 1015 1977 sensili
1042 1945 1123 1976 cibo
1147 1944 1229 1976 heic
1255 1943 1357 1987 loqui
1385 1943 1547 1984 videtur,
1573 1955 1638 1988 ego
1662 1949 1719 1977 ta-

271 2001 353 2022 men
374 1990 457 2022 dum
472 2001 587 2022 sacras
604 1990 742 2024 litteras
756 1991 877 2032 audio,
908 2004 981 2024 non
1000 1997 1139 2024 tantum
1159 2001 1365 2035 corpoream
1391 1990 1572 2035 quandam
1601 2000 1718 2024 escam

272 2048 446 2080 agnosco,
470 2036 534 2068 sed
560 2037 668 2069 etiam
696 2039 955 2071 nutrimentum
982 2038 1082 2071 aliud
1106 2049 1180 2071 esse
1207 2038 1299 2078 scio,
1326 2037 1427 2070 cuius
1454 2038 1580 2071 fruitio
1605 2038 1718 2072 solam

271 2083 318 2115 ad
344 2084 498 2116 animam
523 2084 689 2127 pertinet.
716 2085 881 2118 hortatur
905 2086 1000 2118 enim
1035 2085 1132 2119 hisce
1157 2084 1275 2118 verbis
1304 2085 1501 2118 esurientes
1531 2085 1718 2130 Sapientia

271 2131 384 2173 (Prov.
413 2140 435 2172 9
463 2130 497 2174 5)
523 2131 733 2170 „vescimini
758 2144 836 2165 meo
863 2144 977 2177 pane,
1003 2133 1197 2176 vinumque
1228 2130 1355 2171 bibite,
1381 2131 1478 2175 quod
1511 2131 1613 2166 vobis
1650 2133 1718 2165 mi-

270 2178 378 2210 scui.''
404 2176 604 2220 quinetiam
624 2178 788 2212 dominus
805 2179 1107 2212 Samaritanorum
1134 2178 1283 2211 salutem
1308 2178 1471 2211 indicans
1497 2178 1588 2222 (Ioh.
1611 2177 1632 2222 4
1658 2179 1720 2224 32)

270 2223 437 2264 „cibum”
461 2223 581 2267 inquit
609 2225 748 2265 „habeo
778 2238 848 2271 quo
874 2238 1013 2267 vescar,
1049 2226 1151 2260 vobis
1176 2225 1272 2257 haud
1298 2226 1514 2269 cognitum?
1537 2226 1621 2258 item
1650 2226 1719 2258 ali-

269 2270 308 2302 bi
334 2269 423 2314 (Ioh.
456 2281 472 2313 7
504 2271 562 2316 35)
587 2273 672 2315 „qui
697 2273 786 2313 sitit,
813 2273 857 2306 ad
886 2285 941 2306 me
966 2273 1089 2306 veniat
1111 2283 1151 2306 ac
1177 2272 1312 2305 bibat.'’
1338 2273 1572 2317 quamobrem
1597 2273 1719 2306 consi-

270 2317 364 2351 tioni
389 2316 519 2350 Edenis
548 2319 655 2361 (quae
681 2332 748 2352 vox
788 2319 935 2354 delicias
963 2321 1126 2363 denotat)
1156 2320 1373 2352 conveniens
1399 2319 1546 2364 quidam
1574 2318 1715 2353 fructus

270 2363 594 2397 accommodandus
623 2371 687 2407 est,
717 2378 788 2411 quo
813 2368 911 2412 pasci
935 2367 1116 2401 hominem
1141 2378 1214 2399 non
1232 2366 1456 2399 dubitemus:
1484 2377 1715 2411 nequaquam

270 2422 355 2445 vero
385 2410 612 2455 cogitandum
632 2413 670 2445 in
694 2413 852 2457 paradisi
877 2415 951 2447 vita
994 2415 1103 2447 fuisse
1127 2413 1386 2446 nutrimentum
1411 2411 1560 2457 aliquod
1584 2413 1716 2446 transi-

270 2459 421 2498 torium,
446 2457 616 2502 quodque
645 2470 710 2503 per
732 2462 827 2494 vices
855 2462 1086 2505 ingereretur.
1114 2460 1240 2492 eodem
1256 2459 1377 2493 modo'
1390 2459 1532 2492 divinus
1555 2460 1716 2493 virAna-

271 2505 402 2538 stasius
430 2504 549 2537 cibum
583 2505 685 2537 illum
718 2508 796 2542 vult
833 2508 1081 2541 intellectilem
1118 2508 1252 2547 fuisse,
1297 2518 1369 2540 non
1399 2506 1567 2539 sensilem
1605 2513 1715 2551 atque

272 2552 462 2585 carnalem.
492 2563 573 2584 nam
600 2553 628 2584 si
658 2553 777 2586 cibum
803 2555 978 2588 eiusmodi
1009 2555 1151 2587 litterae
1179 2565 1299 2586 sacrae
1329 2553 1578 2598 designarent,
1605 2554 1715 2588 etiam

273 2600 465 2631 carnaliter
502 2598 607 2643 primi
641 2598 800 2634 homines
842 2603 905 2634 illo
941 2602 1125 2646 degustato
1160 2607 1311 2634 mortem
1349 2599 1534 2633 obiissent.
1571 2606 1608 2633 at
1629 2611 1715 2644 vero

272 2646 402 2678 mentis
439 2646 578 2678 ratione
603 2657 685 2689 cum
702 2646 946 2692 deliquerint,
983 2649 1111 2682 iccirco
1138 2659 1221 2681 mox
1256 2648 1395 2680 animae
1424 2653 1575 2679 mortem
1601 2656 1714 2692 oppe-

273 2696 368 2725 tunt.
396 2692 520 2724 eodem
548 2692 654 2725 modo
666 2693 859 2738 Gregorius
886 2698 993 2729 etiam
1021 2694 1211 2739 theologus
1237 2693 1400 2726 arborem
1428 2694 1537 2733 illam,
1567 2694 1714 2727 scienti-

278 2750 319 2772 ae
355 2738 526 2772 videlicet
543 2740 696 2784 lignum,
717 2743 1058 2788 contemplationem
1088 2743 1139 2776 ait
1162 2753 1238 2775 esse
1253 2767 1261 2782 ‚
1291 2740 1359 2774 hoc
1385 2747 1438 2775 est
1461 2741 1713 2787 perfectiorem
