1826 3120
577 166 858 207 ANNALIUM
898 166 1034 208 PARS
1072 167 1108 206 1.
1492 146 1558 221 57

742 264 755 280 C

119 266 191 311 καὶ
239 265 491 320 ὑπέκκαυμα
543 265 698 322 ταύτην
734 284 755 308 ο
798 269 1082 323 Ἀριστοτέλης
1116 266 1311 322 ἐκάλεσε,
1350 270 1566 311 τουτέστιν

118 332 347 391 ὑφειμένον
375 334 480 387 πῦρ·
547 331 568 374 ὁ
601 332 681 390 γὰρ
711 332 864 383 καπνὸς
891 333 1052 389 θερμὸς
1081 336 1158 386 μέν
1187 332 1274 376 ἐστι
1293 367 1304 387 ,
1331 333 1390 390 μή
1421 336 1563 388 μέντοι

116 416 163 456 γε
204 401 289 456 πῦρ
320 398 635 457 αύτενέργητον.
705 398 926 451 ἐξάπτεται
968 401 1022 457 τῇ
1055 401 1133 441 τοῦ
1169 400 1323 451 παντὸς
1349 401 1565 457 περιφορᾷ

115 465 447 522 συγκινούμενον.
518 466 607 507 ἀλλ’
649 465 810 521 ἡμέρας
850 468 928 519 μὲν
967 464 1019 506 οὗ
1058 468 1253 522 φαίνεται
1283 465 1353 509 διὰ
1383 467 1458 522 τήν
1486 468 1566 507 τοῦ·

79 530 235 588 5ἧλίου
275 532 578 588 μαρμαρυγήν,
618 529 765 579 νυκτὸς
805 532 851 573 δὲ
881 529 931 573 τὰ
970 534 1147 574 τοιαῦτα
1178 531 1356 588 ὃιάὸηλα
1385 534 1560 588 γίνεται.

114 598 288 641 ἐπειδὰν
331 593 407 639 οὖν
451 596 498 639 τὸ
538 598 666 653 μέρος
709 598 783 639 τοῦ
821 597 1140 651 ὑπεκκαύματος
1178 597 1249 640 διὰ
1287 598 1362 653 τήν
1405 599 1566 653 κίνησιν

115 666 310 722 ἐξαφθῇ,
357 665 397 706 εἰ
417 664 498 717 μὲν
537 663 612 705 οὐκ
642 661 791 720 ἐντύχῃ
827 660 990 719 ἑτέραις
1029 665 1192 714 ου’σίαις
1219 665 1475 719 ἐπιτηδείαις
1505 664 1564 714 εἷς
1576 670 1666 705 P.3o

114 729 292 784 ἔξαψιν,
321 732 475 773 θᾶττον
500 731 847 783 ἐναποσβὲννυται
866 762 878 782 ,
923 729 1094 772 ἐπειδάν
1134 732 1180 773 δὲ
1210 733 1387 786 κινηθὲν
1410 731 1566 788 παχείᾳ

114 794 196 855 ὕλῃ
224 794 406 854 ἐγκύρσῃ
432 797 523 848 τινί,
553 797 684 839 ἐκεῖσε
716 796 944 851 ἐνίσχεται·
1002 793 1101 839 ὅθεν
1128 795 1154 852 ἦ
1182 798 1352 852 τοιαύτη
1383 792 1464 851 ὕλη
1493 813 1564 839 κα-

55 879 103 905 10
116 861 165 906 τοὶ
195 865 278 906 πᾶν
305 864 558 917 ἐξαπτομένη
587 860 658 914 αἲξ
685 877 730 904 τε
758 865 834 905 καί
859 862 1039 919 κομήτης
1068 865 1246 918 λέγεται.
1304 863 1564 918 οἷποσπινθη-

115 931 294 986 ρι’ζουσα
318 927 396 985 γὰρ
429 931 548 971 δοκεῖ
567 927 656 971 τινα
683 925 812 984 κόμην
844 927 958 983 ἔχειν
1001 932 1253 985 καθειμένην
1279 930 1354 970 καί
1383 923 1451 970 οἷά
1480 945 1566 970 τισι

113 999 288 1050 μαλλοῖς
314 997 416 1037 κατὰ
446 994 522 1044 τοὶς
550 991 671 1050 αἶγας
698 998 924 1051 βρίθεσθαι
942 1014 952 1024 ·
1029 994 1163 1054 ταύτῃ
1192 1011 1259 1037 τοι
1286 997 1358 1038 καί
1385 993 1566 1050 κομήτης

113 1060 158 1104 τὰ
189 1064 377 1111 τοιοῦτον
414 1060 564 1118 φάσμα
605 1060 856 1114 ω’νόμασται.
927 1057 1045 1112 οὗτος
1072 1065 1151 1117 μὲν
1176 1062 1197 1105 ὅ
1225 1060 1403 1117 κομήτης
1433 1063 1564 1103 ἐνίοτε

113 1131 187 1171 καί
211 1126 475 1184 πολυήμερός
505 1129 643 1183 ἐστιν,
672 1128 880 1186 α’ρκούσης
910 1131 984 1185 τῆς
1015 1130 1291 1186 ὑποκειμένης
1324 1130 1438 1187 αὐτῷ
1461 1125 1566 1183 ’ὕλης

55 1197 175 1244 ι5εἷς
201 1194 377 1250 χρονίαν
406 1193 570 1249 ἐξαψιν.
647 1197 840 1238 ἐντεῦθεν
880 1192 956 1239 οὖν
983 1195 1094 1252 ἴσχει
1130 1195 1203 1252 τὴν
1229 1198 1388 1251 γένεσιν
1415 1193 1562 1236 καί·τὸ

115 1263 268 1304 δοκοῦν
294 1264 337 1311 ἐξ
367 1262 549 1316 οὐρανοῦ
581 1263 808 1319 ῥίπτεσθαι
835 1266 918 1318 πῦρ
954 1265 1127 1319 αἰθρίας
1157 1259 1285 1319 οὔσης
1303 1265 1376 1318 τῆς
1406 1258 1563 1314 νυκτός,

116 1326 140 1369 ὃ
169 1326 219 1383 δὴ
251 1329 329 1369 καί
350 1344 458 1377 τινες
499 1330 581 1370 τῶν
618 1327 922 1386 ἅγροικοτέρων
962 1325 1114 1385 ἄστρον
1153 1329 1348 1384 οὐράνιον
1374 1326 1602 1384 ἥγηνται.Β

116 1396 205 1436 ἀλλ’
249 1393 288 1437 οἱ
327 1393 424 1450 περὶ
469 1393 519 1437 τὰ
561 1398 735 1437 τοιαῦτα
779 1394 1059 1450 ἦσχολημένοι
1103 1394 1148 1438 τὸ
1190 1397 1378 1437 τοιοῦτον
1414 1392 1566 1450 φάσμα

47 1510 55 1517 v
116 1461 334 1503 διάη-οντα
371 1460 739 1516 κατονομάζουσιν.
813 1460 986 1504 ἐπειδάν
1013 1460 1094 1518 γὰρ
1124 1461 1171 1504 τὸ
1202 1459 1273 1503 διὰ
1302 1460 1376 1516 τὴν
1408 1460 1568 1516 κίνησιν

47 1544 103 1582 ,20
116 1528 303 1584 ἐξαφθὲν
330 1524 455 1576 ὕλαις
483 1529 736 1582 ἐπιτηδείαις
766 1528 825 1577 εἷς
858 1526 1011 1582 ἔξαψιν
1039 1525 1190 1585 ἐντύχῃ
1199 1550 1211 1581 ,-
1240 1526 1470 1582 κοῖντεῦθεν
1498 1523 1568 1568 ἀπ’

116 1590 246 1651 ἄλλης
287 1594 348 1643 εἷς
381 1591 517 1649 -ἇλλην
565 1595 799 1650 φερομένης
835 1596 907 1649 τῆς
937 1593 1092 1652 φλογὸς
1129 1593 1376 1648 ὃιαὸόσιμον
1402 1594 1569 1649 γένηται

209 1729 241 1763 8.
271 1726 312 1762 δὲ
337 1727 469 1761 deerat.
572 1739 621 1762 ιο.
646 1728 739 1777 πᾶν]
766 1730 922 1767 πάντων
947 1730 986 1764 F.
1096 1740 1146 1764 ια.
1173 1730 1394 1778 βρίττεσθαι
1415 1729 1452 1763 P.

118 1860 155 1887 et
177 1858 307 1887 natura
341 1853 488 1899 quidem
526 1853 752 1898 essentiaque
788 1865 851 1888 sua
882 1855 1001 1888 fumus
1037 1859 1111 1895 est,
1149 1865 1273 1888 verum
1310 1855 1379 1887 vim
1405 1854 1571 1888 flammae>

118 1902 290 1934 continet.
329 1912 400 1946 quo
428 1901 468 1934 fit
505 1906 546 1933 ut
569 1901 780 1934 Aristoteles
816 1913 894 1934 earn
929 1902 1091 1934 fomitem
1121 1907 1245 1943 vocet,
1274 1900 1346 1934 hoc
1372 1907 1426 1934 est
1450 1903 1569 1946 ignem

115 1948 313 1982 remissum.
347 1948 484 1993 quippe
525 1948 642 1982 fumus
672 1953 726 1981 est
756 1948 894 1982 calidus
936 1948 1083 1994 quidem
1107 1949 1193 1989 ille,
1227 1960 1302 1982 non
1331 1954 1450 1981 tamen
1475 1950 1568 1993 ignis

114 1995 150 2028 vi
173 2007 236 2029 sua
261 2001 298 2029 et
321 1995 517 2028 efficaciter
541 2007 659 2040 agens.
678 1995 811 2028 accidit
834 2001 952 2028 autem
981 1995 1150 2040 deinceps
1175 2001 1216 2028 ut
1239 1996 1370 2040 agitata
1395 2007 1473 2029 cum
1498 1996 1569 2030 hoc

115 2043 283 2076 universo
319 2042 545 2078 accendatur.
579 2049 615 2076 et
651 2042 810 2076 interdiu
850 2042 1068 2087 quidem'oh
1103 2042 1332 2088 splendorem
1357 2043 1443 2076 solis
1466 2043 1566 2076 haud

116 2090 355 2135 conspicitur,
385 2096 494 2123 noctu
526 2101 611 2124 vero
646 2096 804 2135 apparet.
848 2095 1082 2135 posteaquam
1104 2090 1240 2123 fomitis
1264 2090 1362 2123 illius
1388 2102 1467 2135 pars
1496 2091 1569 2124 ali⁸⁴

116 2148 189 2182 qua
214 2143 362 2183 propter
389 2143 525 2171 motum
553 2148 701 2170 accensa
737 2136 1001 2181 deflagraverit,
1042 2137 1072 2170 si
1115 2137 1204 2170 alias
1231 2137 1403 2170 essentias
1431 2137 1478 2171 ad
1506 2139 1565 2171 in-

115 2183 392 2218 flammationem
409 2184 556 2218 idoneas
583 2197 656 2218 non
681 2190 930 2229 consequatur,
952 2184 1057 2218 eitius
1082 2185 1326 2229 extinguitur:
1353 2185 1408 2218 sin
1429 2185 1507 2230 ipso
1526 2186 1565 2218 in

115 2237 215 2265 motu
232 2231 278 2265 ad
296 2243 445 2265 crassam
470 2231 649 2278 quandam
669 2232 855 2265 materiem
873 2231 1008 2265 feratur
1021 2258 1030 2273 ‚
1048 2232 1158 2275 magis
1180 2232 1371 2266 invalescit
1395 2238 1431 2265 et
1456 2244 1566 2277 auge-
1603 2252 1605 2254 -

115 2283 183 2312 tur.
207 2279 304 2313 unde
325 2280 366 2312 fit
381 2281 420 2313 ut
437 2279 646 2313 huiusmodi
668 2279 835 2312 materies
866 2289 1010 2312 accensa
1035 2279 1178 2324 penitus
1205 2290 1310 2324 capra
1334 2285 1565 2325 cometesque

114 2331 274 2360 vocetur.
302 2327 439 2372 quippe
474 2326 557 2360 dum
583 2327 781 2367 scintillat,
816 2337 952 2359 comam
976 2327 1079 2372 quasi
1103 2326 1285 2371 quandam
1316 2323 1566 2372 habere‘pro-

115 2372 226 2417 lixam
252 2373 407 2415 videtur,
431 2374 618 2420 velutique
639 2374 731 2407 lanis
760 2385 943 2418 caprarum
967 2374 1007 2407 in
1031 2385 1165 2407 morem
1191 2379 1320 2407 onusta
1345 2385 1445 2417 esse3
1471 2385 1563 2419 qiuie

116 2419 194 2465 ipsa
216 2421 307 2454 ratio
342 2426 397 2454 est
431 2422 665 2467 quamobrem
699 2427 878 2461 cometes,
912 2419 981 2454 hoc
1005 2426 1059 2455 est
1080 2422 1247 2455 crinitum
1274 2420 1374 2454 sidus
1402 2422 1565 2466 appelle-

116 2472 185 2500 tur.
212 2474 248 2502 et
273 2467 379 2502 durat
402 2469 586 2502 interdum
614 2469 742 2502 diebus
769 2468 1015 2513 compluribus
1032 2494 1041 2510 ,
1072 2469 1243 2502 nimirum
1267 2468 1417 2502 materie
1442 2468 1565 2501 subie-

118 2519 175 2547 cta
199 2514 406 2549 diuturnam
423 2515 469 2548 ad
492 2517 810 2550 inflammationem
830 2516 1042 2549 sufficiente.
1061 2516 1104 2549 de
1130 2528 1235 2550 causa
1261 2516 1387 2549 eadem
1415 2521 1451 2548 et
1474 2515 1564 2559 ignis

120 2562 234 2595 oritur
256 2563 320 2596 ille
349 2564 411 2608 qui
435 2564 602 2598 noctibus
638 2564 773 2597 serenis
803 2575 821 2596 e
847 2563 949 2596 coelo
980 2563 1057 2597 labi
1078 2564 1245 2605 videtur,
1273 2569 1310 2596 et
1338 2574 1445 2608 quein
1471 2574 1565 2595 nou-

119 2609 212 2642 nulli
239 2610 400 2644 rudiores
435 2622 512 2644 esse
549 2612 705 2645 coeleste
734 2610 834 2645 sidus
864 2610 1085 2652 existimant,
1107 2611 1377 2645 cum’homines
1400 2610 1438 2642 in
1464 2609 1564 2642 hisce

122 2653 320 2700 disciplinis
353 2658 539 2692 exercitati
575 2659 731 2704 speciem
756 2656 933 2691 eiusmodi
962 2658 1212 2692 traiectionem
1237 2663 1459 2703 nuncupent.
1484 2669 1562 2690 cum

124 2703 333 2753 pnim'illud
356 2705 454 2750 quod
483 2717 525 2739 ex
550 2712 649 2739 motu
677 2711 731 2739 est
753 2716 958 2746 accensum,
982 2706 1020 2739 in
1043 2707 1211 2740 materies
1229 2706 1302 2751 igni
1326 2703 1562 2750 concipiendo

123 2746 270 2784 idoneas
295 2752 482 2793 inciderit,
511 2758 545 2786 ct
584 2753 717 2787 deinde
742 2753 881 2787 flamma
912 2751 955 2786 de
977 2763 1047 2787 una
1073 2753 1118 2788 ad
1146 2754 1253 2788 aliam
1276 2753 1461 2789 materiem
1491 2752 1564 2785 lata
