1826 3120
283 160 382 214 172
725 154 1008 196 MicuAssLis
1047 157 1260 198 GLYCAE

273 258 371 306 θεὸς
400 256 445 299 τὸ
476 256 687 298 ἀθάνατον
725 257 798 295 καί
823 253 1089 309 ἀνώλεθρον,
1131 255 1188 304 οὖς
1223 254 1244 295 ὅ
1273 258 1385 304 θεῖος
1410 255 1609 311 Ἀνδρέας
1639 252 1710 297 εὕ-

273 341 396 379 ρηται
434 324 582 376 λέγων·
651 320 766 375 εἴπερ
809 321 1139 376 αὐτεξουσιότητι
1183 322 1257 362 καί
1293 321 1505 380 ἀθανασία
1531 322 1710 377 τιμήσας

269 390 338 432 τὸν
369 385 592 443 ἄνθρωπον
620 383 641 427 ὃ
674 384 772 435 θεὸς
797 389 973 439 βασιλέα
993 384 1156 429 πάντων
1185 388 1266 430 τῶν
1295 385 1484 441 ἐπιγείων
1509 389 1710 443 κατέστη-

269 471 339 506 σε,
366 452 558 508 καθάπερ
587 451 608 494 ὃ
629 449 833 505 μακάριός
866 468 973 508 φησι
1004 453 1237 508 Βαρλαάμ,
1266 453 1354 500 πῶς
1391 448 1530 494 λοιπὸν
1555 452 1711 508 θνητὸν

271 518 400 561 αὐτὸν
444 518 552 571 ὁμοῦ
583 517 655 559 καὶ
694 515 909 559 α’θάνατον
954 516 1036 560 ὑπὸ
1067 519 1171 560 θεοῦ
1198 519 1474 574 παραχθῆναι
1502 515 1683 571 εἴπωμεν
1694 521 1747 571 ,·5

234 586 532 636 ςοῖνένὸεκτον,
569 582 626 633 ὥς
663 580 778 636 οἶμαι
791 616 803 637 ,
842 585 959 626 τοῦτο
999 588 1071 627 καί
1107 586 1202 626 λίαν
1243 583 1347 627 ἐστι’.
1405 586 1478 626 καί
1514 585 1600 634 πῶς
1624 583 1708 641 γὰρ

271 650 347 690 οὐκ
377 652 639 703 α’νένὸεκτον,
674 649 757 704 εἴγε
784 650 856 691 καί
882 649 902 693 ὃ
932 650 1061 700 πολύς
1091 652 1135 693 ἐν
1165 649 1357 709 θεολογίᾳ
1385 651 1426 691 Γ
1423 649 1615 707 ρηγόριος
1634 651 1710 693 ov'u
1748 710 1753 714 Ἴ

269 718 318 772 ἑᾷ
346 717 442 769 περὶ
469 717 546 757 τοῦ
574 716 740 770 πρώτου
771 715 999 771 α’νθρώπου
1043 718 1220 759 τοιαῦτα
1251 715 1548 772 φαντάζεσθαι.
1605 732 1711 759 παν-

269 780 340 831 τὸς
360 781 440 836 γάρ
470 781 811 836 ἐπικαλύμματος
839 784 911 825 καί
934 781 1224 839 προβλήματος
1243 783 1413 824 ἀνενδεᾶ
1430 781 1503 824 τὸν
1529 781 1600 824 ἄπ’
1633 783 1708 838 α’ρ-

266 851 347 903 χῆς
374 851 527 890 ἐκεῖνον
555 845 684 890 εἰπών
712 845 840 902 εἶναι,
870 848 1000 899 ἔδειξε
1026 851 1255 904 προφανῶς
1284 846 1343 891 ὅτι
1371 846 1522 903 στολήν
1548 845 1708 890 ἇθανα-
1727 863 1774 888 ιο

260 917 364 963 ,σίας
392 915 676 970 ἠμφιεσμένος
713 909 766 969 ἦν
792 913 813 955 ὁ
844 915 1004 970 πρῶτος
1039 912 1121 956 ὑπὸ
1151 916 1252 956 θεοῦ
1284 915 1608 970 δημιουργηθείς
1635 911 1710 957 ἄν·

267 983 453 1035 θρωπος.
485 980 573 1021 ἀλλ’
602 982 672 1021 ἐπὶ
695 978 853 1030 τούτοις
882 982 1110 1035 α’ντιλέγειν
1138 980 1188 1022 οὕ
1218 979 1404 1033 θεμιτόν.
1433 977 1461 1035 ἢ
1488 980 1570 1037 γὰρ
1607 980 1710 1023 ὑπέ-

267 1062 375 1087 κειτο
411 1044 457 1088 τὸ
497 1047 621 1099 σῶμα
662 1047 794 1088 ἐκεῖνο
823 1045 980 1088 πάθεσι
1018 1051 1211 1102 φυσικοῖς
1238 1048 1312 1088 καί
1340 1045 1535 1102 φθαρτὸν
1561 1045 1708 1100 ὁμολο-

266 1114 477 1166 γουμένως
503 1108 579 1167 ἦν,
614 1106 640 1167 ἢ
666 1114 817 1154 παθῶν
845 1114 1051 1154 παντοίων
1083 1112 1311 1168 ὑπέρτερον
1336 1108 1412 1167 ἦν,
1452 1113 1507 1163 ὥς
1536 1111 1559 1154 ὅ
1589 1110 1710 1167 λόγος

267 1172 346 1232 ἤδη
387 1179 591 1234 διείληφε.
662 1177 736 1220 καί
778 1177 873 1234 περὶ
917 1179 1164 1233 α’φθαρσιάς
1204 1175 1483 1233 α’μφιβάλλειν
1521 1177 1571 1220 οὗ
1599 1177 1772 1234 χρή·15

269 1245 467 1297 φαίνεται
506 1242 584 1299 γὰρ
623 1239 687 1286 ὅτι
726 1246 873 1303 φθορᾷ
903 1242 1124 1303 οἱᾳδήποτε
1157 1242 1217 1300 μὴ
1246 1244 1516 1299 ὑποκείμενον
1540 1246 1709 1301 utiq-9059

267 1304 490 1364 ἄφθαρτον
516 1304 577 1364 ἦν.

225 1383 256 1416 D
381 1370 499 1416 Οὕτω
526 1377 605 1427 μὲν
634 1369 720 1428 οὖν,
748 1375 958 1431 ἄγαπητέ,
987 1377 1060 1417 καί
1090 1374 1134 1418 τὸ
1166 1376 1288 1430 σῶμα
1310 1378 1388 1417 τοῦ
1415 1378 1571 1432 κυριόυἱ
1590 1375 1710 1431 ἡμῶν

261 1439 401 1495 Ἰησοῦ
427 1443 622 1495 Χριστοῦ
660 1444 733 1484 καὶ
769 1441 962 1498 φθαρτόν
995 1441 1257 1497 αἱμολόγηται
1294 1440 1373 1497 πρὸ
1407 1445 1481 1484 τοῦ
1516 1439 1706 1493 πάθους,

266 1506 409 1560 ἐπειδὴ
444 1505 602 1548 πάθεσι
635 1514 826 1562 φυσικοῖς
856 1506 1074 1561 ὑπέκειτο,
1106 1509 1178 1549 καί
1204 1505 1424 1564 ἄφθαρτον
1450 1503 1578 1557 αὖθις
1602 1505 1708 1560 μετὰ
1720 1521 1771 1546 20

266 1569 310 1611 τὸ
339 1570 476 1620 πάθος
503 1571 576 1613 καί
600 1571 676 1627 τὴν
706 1574 958 1614 ἀνάστασιν·
1014 1575 1088 1615 καί
1117 1576 1287 1615 τοιαῦτα
1315 1573 1395 1628 γὰρ
1421 1573 1600 1616 α’πέθετο
1627 1572 1708 1615 πά-

267 1638 324 1690 θη
344 1635 610 1680 παντάπασιν
637 1640 683 1681 ἐκ
712 1640 866 1694 νεκρῶν
895 1639 1075 1694 ἐγερθέν.
1136 1640 1257 1682 ἐνθεν
1282 1654 1346 1682 τοι
1373 1641 1447 1682 καί
1472 1637 1632 1695 γυμνὸν
1661 1640 1707 1683 ἐκ

360 1770 415 1794 21.
443 1761 509 1794 καὶ
532 1759 617 1809 τοι]
645 1756 718 1795 ui?

267 1871 401 1904 homini
428 1871 531 1905 dedit
566 1877 607 1906 ut
641 1873 849 1908 immortalis
889 1879 925 1907 et
957 1875 1236 1920 incorruptibilis
1275 1881 1388 1917 esset,
1414 1882 1455 1909 ut
1483 1877 1538 1910 vir
1562 1876 1705 1911 divinus

266 1918 427 1952 Andreas
452 1919 581 1952 dixisse
619 1921 816 1964 reperitur3
856 1921 885 1954 si
909 1921 1089 1955 hominem
1114 1922 1200 1955 deus
1225 1922 1391 1956 libertate
1416 1923 1612 1957 voluntatis
1638 1923 1704 1957 do-

266 1972 390 1998 natum
412 1970 449 1998 et
476 1972 684 1999 exornatum
708 1968 977 2002 immortalitate
1003 1981 1118 2014 regem
1136 1970 1292 2002 omnium
1317 1970 1540 2004 terrestrium
1570 1972 1704 2004 consti-

266 2013 360 2053 tuit,
397 2012 698 2056 quemadmodum
741 2015 796 2048 vir
829 2015 956 2048 beatus
993 2017 1197 2049 Barlaamus
1222 2016 1424 2060 praedicat,
1462 2028 1533 2062 quo
1557 2017 1704 2051 tandem

266 2070 326 2091 ore
351 2060 486 2103 pariter
511 2070 593 2091 eum
619 2062 803 2095 mortalem
829 2074 869 2096 ac
894 2063 1126 2096 immortalem
1161 2074 1180 2095 a
1207 2062 1274 2095 deo
1304 2063 1488 2097 conditum
1515 2063 1704 2099 dicemus?

265 2107 394 2150 nequit
417 2105 486 2138 hoc
511 2106 586 2138 ullo
604 2114 709 2151 pacto
735 2109 829 2150 fieri,
856 2109 1000 2154 quando
1024 2110 1256 2155 peritissimus
1283 2111 1345 2143 ille
1364 2122 1478 2143 rerum
1505 2111 1703 2145 divinarum

267 2152 459 2196 Gregorius
484 2154 658 2187 eiusmodi
686 2167 749 2189 nos
777 2156 822 2188 de
849 2155 993 2190 homine
1022 2157 1087 2190 illo
1111 2157 1272 2202 principe
1299 2158 1483 2201 imaginari
1506 2170 1580 2191 non
1606 2159 1703 2198 sinit2

267 2210 344 2231 cum
376 2199 471 2231 enim
502 2199 606 2231 illum
639 2202 739 2234 nullo
764 2204 822 2235 vel
855 2209 1061 2248 tegumento
1096 2204 1154 2237 vel
1186 2205 1314 2237 vestitu
1356 2205 1552 2249 indiguisse
1576 2205 1702 2247 tradit,

267 2246 360 2278 clare
389 2245 613 2292 demonstrat
639 2255 764 2282 ornatu
801 2250 1079 2284 immortalitatis
1103 2250 1270 2283 amictum
1297 2251 1416 2286 fuisse.
1441 2253 1622 2285 enimvero
1646 2251 1702 2285 his

268 2292 514 2325 contradicere
538 2294 630 2326 velle
656 2296 818 2340 iniquum
843 2298 962 2331 fuerit.
987 2310 1067 2331 nam
1081 2297 1138 2331 vel
1165 2308 1290 2342 corpus
1316 2298 1409 2331 illud
1437 2298 1711 2332 adfectionibus·
1763 2310 1767 2313 ¹

269 2338 366 2372 hisee
390 2339 611 2372 naturalibus
637 2342 834 2376 subiectum
864 2351 955 2386 erat,
983 2351 1019 2378 et
1041 2355 1105 2390 pro
1129 2344 1289 2377 confesso
1309 2350 1486 2378 statuetur
1509 2345 1703 2378 obnoxium

268 2387 488 2430 corruptioni
513 2387 643 2420 fuisse:
668 2390 726 2422 vel
754 2402 858 2435 supra
886 2402 1007 2425 omnes
1034 2390 1251 2424 adfectiones
1277 2398 1351 2425 erat
1375 2392 1551 2437 positum,
1577 2403 1704 2437 quem-

269 2432 461 2466 admodum
487 2435 649 2467 oratione
677 2438 850 2480 superiori
877 2444 930 2471 est
946 2439 1172 2472 declaratum.
1198 2438 1321 2482 itaque
1345 2438 1389 2471 de
1416 2439 1702 2483 incorruptibili-

269 2485 342 2513 tate
367 2479 478 2524 ipsius
514 2481 658 2513 minime
688 2482 929 2518 dubitandum
964 2491 1037 2527 est,
1073 2496 1152 2518 cum
1176 2485 1364 2519 manifesto
1391 2490 1515 2530 pateat
1539 2486 1702 2519 interitui

270 2527 361 2560 nulli
387 2537 508 2570 reapse
538 2527 736 2561 subiectum
762 2531 883 2564 fuisse.

362 2573 495 2607 Eodem
520 2574 637 2615 modo,
663 2575 794 2609 dilecte
820 2579 883 2618 fili,
909 2589 1034 2623 corpus
1058 2577 1163 2610 etiam
1188 2576 1322 2610 domini
1350 2578 1461 2610 nostri
1478 2578 1557 2611 Iesu
1570 2577 1701 2612 Christi

269 2620 503 2664 corruptibile
531 2621 636 2654 fuisse
665 2622 816 2656 fatemur
840 2631 922 2658 ante
941 2625 1164 2670 passionem,
1203 2635 1281 2656 cum
1309 2623 1572 2658 adfectionibus
1595 2622 1701 2658 nssatu-

271 2665 404 2698 ralibus
444 2667 638 2701 subiectum
679 2669 806 2710 suerit,
832 2683 871 2704 ac
897 2683 1031 2706 rursum
1069 2676 1151 2716 post
1176 2671 1376 2715 passionem
1407 2676 1444 2704 et.
1469 2671 1699 2704 resurrectio-

270 2724 351 2747 nem
383 2713 663 2760 incorruptibile.
700 2728 780 2750 nam
816 2718 1037 2753 adfectiones
1074 2717 1247 2754 eiusmodi
1286 2728 1430 2762 prorsus
1468 2718 1635 2765 deposuit
1657 2729 1700 2752 ex
