1826 3120
611 151 894 196 ANNAMUM
931 154 1066 196 PARS
1105 156 1178 196 111.
1481 139 1595 205 445

157 251 263 295 ἀλλὰ
291 254 363 294 καὶ
398 250 519 302 εἴτις
551 255 716 311 νικητὴν
756 255 888 298 αὐτὸν
930 254 1236 311 ἀνηγόρευσεν,
1280 255 1480 314 ὠργίζετο
1505 263 1595 302 κατ’

157 320 332 361 ἐκείνου.
399 321 591 362 τοσοῦτον
619 323 667 362 δὲ
695 317 746 376 ἦν
783 322 808 363 ὅ
842 326 962 372 Τῖτος
990 317 1111 371 οὗτος
1141 325 1360 378 φιλότιμος
1388 322 1498 367 ὥστε
1526 330 1601 368 καί

155 385 290 439 λέγειν
315 385 398 438 ,,ου’
423 386 493 426 δεῖ
512 385 606 428 τινα
635 389 838 440 βλέποντα
863 390 1041 440 βασιλέα
1079 388 1358 445 ὑποστρέφειν
1389 388 1600 445 λυπούμε-

153 452 266 493 νον.”
318 452 480 505 λέγεται
509 453 556 495 δὲ
584 455 657 495 καί
677 455 800 496 τοῦτο
828 456 975 495 τοῦτον
1004 455 1134 497 εἰπεῖν
1158 452 1368 511 ,,ση’μερον
1400 459 1474 498 οὐκ
1502 459 1600 512 ἐβα-

116 513 433 572 5σιλεύσαμεν,
461 515 603 573 ἐπειδή
633 535 726 561 τινα
749 519 823 561 οὐκ
855 517 1223 575 εὖεργετήσαμεν.”
1275 521 1601 577 ᾐχμαλώτευσεν

155 583 204 624 δὲ
231 576 352 633 οὗτος
394 582 416 626 ὁ
452 587 573 634 Τῖτος
599 585 813 639 μυριάδας
840 584 899 640 ρ’,
940 588 1014 628 καί
1043 587 1181 628 α’νεῖλε
1213 586 1287 629 καί
1311 586 1366 641 ο’,
1408 584 1465 637 ὥς
1495 605 1600 645 φησι

154 648 198 689 Γ
193 646 378 704 εαὶργιος.
432 648 541 703 μετά
573 652 619 693 δὲ
659 652 797 694 ταῦτα
826 653 1062 707 α’ναιρεῖται
1090 650 1171 693 ὖπὸ
1196 654 1274 694 τοῦ
1302 652 1494 710 ἀδελφοῦ
1521 655 1600 698 αὖ-

154 716 233 756 τοῧ
263 717 554 769 Δομετιανοῦ,
593 716 755 772 λαγωὸν
782 718 897 776 αὐτῷ
924 720 1184 773 παραθέντος
1216 717 1464 762 θαλάσσιον.

259 780 395 824 ..Μετὰ
436 783 482 824 δὲ
522 787 644 826 Τῖτον
688 790 836 838 κρατεῖ
855 783 1110 838 Δομετιανὸς
1154 784 1224 840 ἔτη
1265 786 1332 839 ιε’)
1378 787 1454 843 ὑφ’
1494 781 1549 829 οὗ
1575 787 1600 828 ἆ

94 862 142 890 10
154 845 350 901 θεολόγος
376 850 436 897 εἰς
468 847 650 902 Πάτμον
681 852 921 906 ἐξορίζεται,
949 849 1056 892 ἔνθα
1082 852 1155 893 καί
1181 850 1227 894 τὸ
1263 852 1500 907 εὐαγγέλιον
1529 852 1602 895 καί
1631 872 1634 875 ’

151 911 229 967 τὴν
253 913 523 967 ἀποκάλυψιν
557 913 731 970 ἔγραψε.
794 915 884 958 τότε
925 915 976 971 δὴ
1011 916 1086 958 καὶ
1111 917 1383 967 Ἀπολλώνιος
1428 919 1452 960 ὄ
1487 922 1638 962 Τυα-Β

151 976 247 1028 nbc,-
273 976 523 1034 ἁπανταχοῦ
547 984 790 1036 περιπατῶν
828 981 901 1024 καί
930 983 991 1032 εἰς
1018 982 1254 1034 ,Βυζάντιον
1279 982 1472 1040 ἔρχεται,
1497 983 1599 1028 ὅθεν

150 1046 226 1087 καί
248 1048 534 1101 παρακληθείς
562 1046 643 1088 ὑπὸ
674 1049 759 1090 ταῖν
787 1050 966 1090 ἐποίκων
984 1047 1084 1098 τούς
1114 1045 1235 1105 ὄφεις
1263 1049 1336 1092 καὶ
1361 1050 1457 1102 τούς
1474 1067 1597 1107 σκορ-

151 1113 278 1160 πίους
305 1113 352 1153 ἐκ
377 1114 451 1168 τῆς
488 1112 648 1163 πόλεως
681 1114 971 1171 ἐφυγάδευσε,
1013 1116 1085 1158 καί
1110 1119 1195 1158 τῶν
1226 1116 1363 1159 ἵππων
1385 1116 1460 1172 τήν
1490 1119 1596 1160 α’τα-

90 1177 244 1228 ιόξίαν
270 1178 516 1232 ἐχαλίνωσε.
575 1179 649 1222 καί
675 1183 721 1222 ἐν
743 1180 980 1239 Ἀντιοχείᾳ
1005 1184 1052 1223 δὲ
1068 1179 1272 1231 ὡσαύτως
1303 1184 1495 1238 ἐποίησεν
1526 1185 1603 1227 ἐπί

147 1258 193 1285 τε
223 1249 309 1293 τοῖς
337 1245 550 1301 σκορπίοις
577 1245 650 1288 καί
675 1245 849 1301 κώνωψι
879 1246 1030 1303 (πολλοὶ
1059 1248 1140 1304 γαρ
1172 1247 1254 1290 ὑπὸ
1283 1251 1365 1291 τῶν
1392 1249 1595 1292 τοιούτων

148 1307 444 1366 ἐβλάπτοντο),
472 1312 657 1366 χαλκοῦν
683 1315 761 1366 μὲν
787 1317 984 1369 σκορπίον
1013 1311 1159 1368 χώσας
1185 1316 1231 1357 ἐν
1258 1316 1325 1371 γῇ,
1353 1312 1436 1356 ὑπὸ
1466 1315 1597 1358 καλά-

146 1391 240 1428 μων
267 1378 315 1419 δὲ
350 1380 574 1430 σειομένων
610 1380 846 1435 διωχθῆναι
885 1380 1210 1435 παρασκευάσας
1251 1381 1350 1430 τούς
1377 1380 1594 1430 κώνωπας.

147 1441 171 1484 ὅ
197 1444 338 1495 μέντοι
363 1445 623 1497 Δομετιανὸς
655 1449 774 1488 Τίτου
803 1448 880 1498 μὲν
910 1443 962 1501 ἧν
991 1445 1201 1503 α’δελφός,
1227 1449 1360 1502 μηδὲν
1392 1449 1438 1489 δὲ
1471 1448 1595 1490 α’δελ-

85 1523 138 1551 20
150 1509 236 1564 φοῦ
261 1507 367 1564 πρὸς
394 1509 525 1553 αὐτὸν
554 1510 676 1566 ἔχων,
706 1512 763 1561 ὥς
782 1509 887 1555 εἶναι
915 1512 961 1555 τὸ
990 1513 1306 1569 θρυλλούμενον
1332 1515 1463 1556 ἐκεῖνο
1490 1530 1596 1556 παν-

151 1570 306 1630 άληθες
353 1575 485 1630 ,,ἄμι“ς
531 1578 605 1619 καί
654 1577 918 1634 ποτιστήριον
961 1581 1006 1622 ἐκ
1044 1581 1117 1635 τῆς
1148 1576 1281 1634 αὐτῆς
1318 1576 1486 1622 ὑέλου.”
1542 1575 1634 1635 {vc

148 1639 230 1697 γὰρ
258 1641 622 1699 ἐρασιχρήματος,
654 1644 803 1699 αἵμασι
827 1647 993 1701 χαίρων
1024 1646 1271 1702 ἀνθρώπων.
1329 1645 1464 1704 τούτῳ
1492 1662 1594 1702 προ-

150 1834 253 1880 quit,
285 1833 372 1875 „sed
408 1840 446 1868 tu
489 1834 612 1869 harum
653 1847 769 1869 rerum
798 1842 921 1870 auctor
946 1848 994 1869 es.
1024 1836 1154 1882 quodsi
1181 1837 1261 1882 quis
1287 1837 1394 1870 etiam
1422 1836 1592 1872 victorem

150 1880 386 1927 appellasset,
425 1881 463 1915 id
505 1883 621 1928 ipsum
656 1883 804 1928 indigne
844 1896 922 1916 cum
949 1883 1135 1917 iracundia
1160 1884 1314 1929 quadam
1341 1883 1492 1918 ferebat.
1517 1890 1591 1919 tam

147 1927 324 1974 benignus
350 1935 427 1962 erat
453 1935 490 1963 et
516 1931 710 1972 honestus,
737 1935 778 1963 ut
803 1930 939 1964 diceret
963 1931 1161 1972 neminem,
1187 1932 1251 1975 qui
1279 1930 1499 1976 adspexisset
1523 1933 1591 1966 im-

146 1982 366 2022 peratorem,
393 1976 491 2010 abire
516 1979 653 2011 tristem
678 1977 822 2011 debere.
858 1979 1057 2023 quinetiam
1082 1989 1338 2023 saepenumero
1363 1978 1481 2012 verbis
1507 1990 1591 2013 usus

147 2023 354 2068 huiusmodi
378 2024 590 2068 perhibetur
614 2024 747 2067 „hodie
770 2037 843 2058 non
866 2025 1137 2070 imperavimus,
1164 2025 1249 2071 quia
1273 2025 1452 2058 neminem
1477 2025 1590 2059 bene-

148 2071 231 2104 ficio
257 2070 486 2106 adfecimus.'’
515 2072 661 2106 tandem
684 2084 704 2105 a
729 2073 837 2106 fratre
864 2073 1072 2106 Domitiano
1096 2071 1259 2106 sublatus
1288 2078 1367 2115 est,
1393 2073 1457 2118 qui
1484 2073 1589 2119 lepo-

147 2129 223 2152 rem
246 2119 279 2151 ei
303 2119 480 2152 marinum
505 2126 730 2165 apposuerat.

239 2166 353 2210 Igitur
378 2172 459 2212 post
481 2167 603 2200 Titum
628 2167 855 2201 Domitianus
881 2167 982 2199 annis
1012 2165 1050 2198 15
1075 2176 1188 2198 rerum
1217 2166 1353 2210 potitus
1379 2171 1442 2200 est.
1472 2167 1501 2201 is
1530 2168 1589 2200 10-

147 2211 303 2246 hannem
337 2213 542 2259 theologum
578 2220 814 2259 cognomento
848 2213 885 2246 in
914 2214 1075 2246 Patmum
1109 2212 1260 2245 insulam
1294 2212 1484 2257 relegavit,
1524 2214 1588 2247 ubi

147 2265 186 2293 et
211 2261 450 2304 evangelicam
483 2261 669 2294 historiam
693 2274 791 2295 suam
828 2266 864 2294 et
889 2259 1154 2294 Revelationem
1180 2260 1402 2305 conscripsit.
1427 2272 1469 2294 eo
1496 2266 1590 2295 tem-

146 2317 234 2352 pore
259 2307 458 2351 Tyanensis
485 2309 696 2354 Apollonius
713 2335 722 2351 ,
749 2309 810 2355 qui
836 2307 970 2353 ubique
999 2313 1171 2341 terrarum
1197 2307 1457 2352 obvagabatur,
1482 2309 1589 2342 etiam

147 2354 355 2397 Byzantium
387 2356 506 2398 venit3
542 2356 604 2389 ubi
637 2368 714 2389 cum
755 2360 897 2400 rogatus
933 2355 1059 2388 fuisset
1082 2353 1127 2387 ab
1153 2354 1301 2396 incolis,
1328 2365 1371 2388 ex
1397 2355 1486 2388 urbe
1514 2367 1589 2389 ser—

147 2407 276 2446 pentes
301 2407 410 2449 atque
426 2403 582 2447 scorpios
606 2403 728 2448 abegit
750 2409 786 2437 et
810 2413 921 2447 equos
940 2401 1131 2435 indomitos
1155 2401 1288 2434 fraenis
1307 2403 1472 2436 coercuit.
1501 2414 1588 2436 con-

150 2448 313 2482 similiter
327 2449 546 2483 Antiocheae
563 2452 730 2496 ,scorpios
755 2457 791 2484 et
819 2450 950 2484 culices
977 2449 1117 2494 exegit,
1141 2460 1161 2481 a
1186 2449 1315 2494 quibus
1342 2449 1436 2483 cives
1459 2449 1587 2483 mirum

147 2495 188 2528 iu
213 2494 356 2529 modum
383 2496 687 2532 excruciabantur.
714 2498 830 2531 effecit
854 2502 972 2529 autem
995 2495 1062 2530 hoc
1083 2496 1220 2528 aheneo
1237 2496 1424 2540 scorpione
1449 2496 1487 2529 in
1512 2502 1586 2530 ter-

149 2553 222 2575 ram
250 2541 413 2584 defosso,
440 2550 476 2576 et
501 2545 665 2578 instituto
696 2551 737 2578 ut
766 2544 942 2590 quassatis
977 2542 1211 2577 arundinibus
1238 2543 1370 2575 culices
1395 2543 1585 2587 abigeren-

147 2594 215 2622 tur.
240 2595 417 2624 caeteruin
443 2592 667 2625 Domitianus
691 2593 764 2625 Titi
789 2590 935 2637 quidem
959 2590 1023 2624 ille
1048 2590 1158 2624 frater
1186 2601 1371 2635 germanus
1398 2597 1496 2633 erat,
1523 2603 1585 2625 ve-

148 2647 225 2669 rum
258 2636 296 2669 in
330 2649 372 2671 eo
398 2638 492 2671 nihil
527 2639 672 2672 omnino
705 2640 902 2672 fraternum
936 2637 1238 2683 conspiciebatur,
1275 2643 1315 2670 ut
1345 2648 1467 2670 verum
1493 2637 1583 2672 adeo

147 2681 295 2717 verbum
332 2684 426 2718 illud
451 2685 566 2730 wulgo
607 2686 778 2720 iactatum
809 2686 921 2726 soret,
960 2685 1092 2718 matula
1132 2690 1169 2718 et
1191 2684 1358 2729 poculum
1382 2696 1428 2717 ex
1456 2685 1583 2720 eodem

147 2730 250 2766 vitm.
273 2742 356 2766 nam
397 2738 434 2767 et
468 2744 592 2768 avarus
619 2738 716 2776 erat,
754 2739 790 2768 et
817 2733 962 2767 humani
986 2732 1167 2778 sanguinis
1193 2731 1363 2766 effusione
1393 2731 1579 2778 gaudebat.
