1826 3120
247 124 318 190 24
453 121 457 126 ’
682 136 970 183 ΜιειιΑΕυε
1013 134 1227 178 GLYCAE

349 239 443 286 'Em'
479 243 623 295 μέντοι
660 245 745 287 τοῖς
773 238 1088 292 προειρημένοις
1126 239 1272 292 φυτοῖς
1307 235 1379 278 καί
1402 235 1449 279 τὸ
1477 238 1549 292 τῆς
1579 235 1685 291 ζὼιῖς

245 310 268 352 ὅ
294 308 488 364 Ἰώσηπος
515 308 588 348 καί
612 304 655 348 τὸ
690 306 763 358 τῆς
796 302 1037 360 φρονήσεως
1062 299 1219 357 ἔφησεν
1247 296 1508 358 ἀναδοθῆναι
1538 299 1684 358 φυτόν,

246 371 279 434 ᾦ
310 372 620 429 διαγιγνώσκειν
659 371 705 412 τί
727 385 771 412 τε
810 368 857 411 τὸ
898 366 1060 424 ἀγαθὸν
1087 365 1152 422 εἴη
1181 365 1253 408 καὶ
1298 369 1344 409 τί
1373 365 1418 409 τὸ
1448 366 1604 420 κακόν,
1649 367 1688 408 εἰ

246 443 318 484 καί
350 442 445 482 καθ’
483 440 622 492 ἕτερον
664 432 917 490 ἐκλαμβάνει
956 431 1109 476 σκοπὸν
1138 432 1161 474 ὅ
1188 431 1263 487 την
1292 435 1478 487 γλῶτταν
1499 435 1688 490 χρυσοῦς

247 507 293 549 τὸ
346 502 527 560 γνωστὸν
578 504 710 544 καλοῦ
749 501 824 544 καὶ
869 501 1073 556 πονηροῦ,
1115 497 1229 541 καθὰ
1270 496 1321 554 δὴ
1358 498 1533 558 μαθήσῃ
1576 497 1723 553 μετὰὄ

246 571 407 629 {feast-

136 632 175 685 1¹⁷.
196 663 232 684 ιο
357 638 474 691 Περὶ
506 636 552 677 δὲ
595 636 668 689 τῆς
721 631 926 689 ἰδιότητος
966 633 1038 674 καί
1064 632 1271 689 διαφορᾶς
1299 631 1384 674 τῶν
1411 631 1624 686 δένδρων,
1651 633 1697 673 τί

245 701 297 746 ἄν
334 719 395 753 τις
439 699 549 743 εἴποι
583 704 672 750 πῶς
708 700 802 743 τινα
847 702 926 754 μὲν
962 700 1163 742 πέπτεται
1208 701 1267 756 τῷ
1294 695 1419 756 ἡλίῳ,
1447 695 1538 740 τινὰ
1569 697 1616 738 δὲ
1647 696 1692 739 ἐν

244 769 434 824 ἐλύτροις
460 769 753 820 κεκαλυμμένα
780 768 1032 821 πληροῦταις
1060 766 1133 807 καί
1158 759 1217 807 ὧν
1242 766 1319 818 μὲν
1349 762 1512 814 ἁπαλὸς
1538 762 1560 806 ὅ
1588 779 1691 816 καρ-

245 835 342 887 πός,
375 834 492 889 παχὺ
523 834 603 876 τοῦ
631 832 796 890 φύλλου
825 831 871 875 τὸ
905 830 1235 887 σκεπαστήριον,
1263 827 1320 880 ὦς
1347 832 1419 873 ἐπὶ
1448 831 1524 884 τῆς
1550 830 1756 884 συκῆς,ιο

247 897 306 943 ὧν
337 904 383 944 δὲ
414 899 452 942 οἱ
481 898 635 954 καρποὶ
664 896 986 954 στεγανώτεροι,
1026 895 1195 954 ἐλαφροὶ
1228 897 1311 939 τῶν
1340 895 1509 953 φύλλων
1535 895 1563 950 ἧ
1591 909 1695 952 7190-

203 966 376 1023 Ββολὴ,
417 966 474 1016 ὥς
516 967 587 1008 ἐπὶ
626 966 700 1018 τῆς
738 963 924 1019 καρύας,
972 961 1031 1007 ὅτι
1074 965 1211 1006 ἐκεῖνα
1240 965 1318 1017 μὲν
1343 961 1414 1005 διὰ
1443 961 1491 1005 τὸ
1520 962 1696 1011 ἀσθενὲς

247 1033 434 1083 πλείονος
473 1034 603 1075 ἐδεῖτο
645 1034 721 1086 τῆς
768 1032 1000 1086 βοηθείας,
1050 1029 1214 1079 τούτοις
1255 1031 1293 1071 δ’
1321 1025 1372 1071 ἂν
1400 1026 1506 1084 πρὸς
1536 1027 1697 1082 βλάβην

248 1102 408 1155 ἐγένετο
442 1098 659 1154 παχυτέρα
687 1094 713 1152 ἢ
744 1095 944 1153 περιβολή
976 1097 1021 1138 ἐκ
1048 1098 1124 1151 τῆς
1154 1095 1227 1138 (ἐπ’
1249 1090 1389 1138 αὖτῶν
1416 1096 1551 1142 σκιᾶς.
1606 1094 1696 1143 παῖς

249 1166 523 1219 κατέσχισται
558 1167 632 1218 τῆς
665 1163 856 1215 α’μπέλου
900 1161 944 1205 τὰ
989 1160 1176 1219 φύλλον,·
1216 1160 1286 1204 ἵνα
1314 1159 1516 1216 καὶπρὸς
1545 1158 1622 1210 τοὶς
1650 1161 1759 1207 ἐκιό

249 1233 324 1274 τοῦ
352 1231 474 1285 ἀέρος
500 1229 662 1284 βλάβας
691 1228 714 1272 ὅ
743 1226 900 1284 βότρυς
929 1229 1078 1286 ἀντέχῃ
1099 1227 1171 1270 καὶ
1195 1226 1270 1284 τὴν
1298 1227 1445 1270 ιῖκτῖνα
1471 1229 1548 1270 τοῦ
1573 1225 1695 1282 ἡλίου

251 1296 320 1338 διὰ
350 1298 423 1352 τῆς
451 1294 696 1351 οἷραιότητος
724 1296 916 1347 δαψιλῶς
946 1295 1223 1349 ὑποδέχηται.

364 1359 598 1415 Θαυμαστὰ
631 1364 677 1404 δὲ
707 1362 860 1417 δένδρα
904 1362 978 1403 καί
1019 1361 1070 1402 ου’
1106 1359 1231 1415 μόνον
1260 1362 1315 1407 δι’
1338 1358 1388 1417 ἢν
1419 1357 1566 1415 ἔχουσι
1593 1359 1699 1415 πρὸς

247 1429 298 1472 τοὶ
327 1427 542 1483 ἑτερογενῆ
584 1430 667 1470 τῶν
706 1429 878 1484 καρπῶν
923 1425 1156 1483 διαφοράν,
1201 1424 1310 1470 α’λλοὶ
1349 1428 1422 1468 καί
1451 1425 1556 1483 πρὸς
1588 1423 1698 1468 αὐτὰ

251 1493 407 1551 δηλαδὴ
434 1494 487 1536 τὰ
515 1494 707 1550 ὁμογενῆ.
774 1495 848 1536 καί
873 1493 954 1548 γὰρ
984 1489 1107 1542 ἄλλος
1134 1495 1212 1546 μὲν
1235 1491 1454 1548 χαρακτήρ
1483 1493 1562 1534 τοῦ
1592 1507 1696 1548 καρ-
1710 1506 1762 1535 20

251 1563 333 1602 ποῦ
364 1562 447 1602 τῶν
479 1561 680 1615 α’ρρένων,
703 1554 829 1609 ἄλλος
847 1560 892 1600 δὲ
922 1560 1006 1600 τῶν
1033 1559 1216 1614 θηλειῶν
1247 1557 1364 1613 παρὰ
1392 1563 1479 1608 τοῖς
1508 1573 1695 1615 φυτουρ-

248 1631 336 1682 γοΐς
377 1626 646 1681 διακέκριται.
717 1626 792 1666 καί
819 1623 976 1674 αὐτούς
1010 1623 1092 1681 γάρ
1138 1622 1238 1674 τούς
1266 1623 1457 1681 φοίνικας
1481 1626 1540 1675 εἰς
1573 1620 1700 1681 ἄρρε-

345 1761 379 1794 8.
403 1758 614 1794 πέπταται.9
741 1769 789 1791 11.
815 1757 983 1804 προβολή
1012 1757 1197 1792 Labbeus:
1226 1757 1366 1793 codices
1389 1755 1593 1804 προσβολῆ.

346 1873 444 1906 Inter
468 1876 626 1906 caeteras
656 1875 775 1905 autem
800 1871 945 1906 arbores
970 1882 1122 1918 quarum
1145 1872 1364 1905 mentionem
1389 1871 1557 1912 fecimus,
1594 1870 1700 1905 etiam

254 1923 350 1954 vitae
375 1919 664 1964 prudentiaeque
693 1924 771 1951 tum
797 1924 911 1952 ortam
948 1930 1026 1952 esse
1050 1919 1214 1952 arborem
1241 1919 1388 1963 Iosepus
1413 1918 1482 1959 ait,
1503 1929 1568 1962 per
1593 1929 1701 1964 quam

256 1966 343 2012 quid
368 1967 523 2008 honum,
547 1965 636 2010 quid
663 1966 797 1998 malum
823 1971 940 2006 esset,
978 1966 1258 2011 dignosceretur.
1284 1976 1406 1999 verum
1431 1965 1517 1998 mali
1539 1965 1702 2010 bonique

255 2014 498 2057 cognitionem
527 2013 634 2046 aliter
668 2011 939 2056 Chrysostomus
976 2019 1100 2048 noster
1131 2013 1283 2058 accipit,
1309 2013 1360 2046 uti
1387 2011 1512 2058 paullo
1539 2017 1623 2058 post
1643 2013 1702 2047 in-

256 2061 410 2103 telliges.

349 2107 422 2138 Iam
447 2105 492 2138 de
516 2106 802 2151 proprietatibus
844 2117 885 2140 ac
909 2106 1111 2141 discrimine
1149 2105 1316 2139 arborum
1334 2115 1442 2150 quam
1467 2106 1574 2152 longa
1597 2107 1702 2141 insti-

259 2153 313 2187 tui
337 2153 451 2188 oratio
490 2153 631 2196 possit?
668 2164 740 2198 quo
764 2159 868 2198 pacto
903 2154 1079 2200 quaedam
1105 2152 1149 2187 ab
1173 2153 1249 2186 sole
1277 2159 1564 2198 percoquantur,
1587 2164 1702 2199 quae-

257 2199 338 2232 ‹lam
364 2200 458 2234 intra
485 2199 635 2233 cortices
660 2199 807 2233 abditae
835 2199 1054 2236 adolescant.
1078 2211 1228 2246 quarum
1251 2205 1354 2232 tener
1382 2201 1516 2234 fructus
1546 2206 1612 2242 est,
1638 2211 1703 2234 eae

257 2246 428 2279 foliorum
456 2250 598 2289 tegmen
634 2246 815 2291 quoddam
840 2259 994 2282 crassum
1021 2247 1178 2288 hahent,
1204 2251 1244 2280 ut
1268 2246 1374 2279 ficus:
1400 2258 1552 2292 quarum
1579 2253 1702 2282 contra

257 2292 394 2326 fructus
436 2292 604 2333 solidior,
634 2293 679 2326 iis
705 2294 837 2327 leviora
865 2301 948 2328 sunt
972 2295 1083 2335 folia,
1120 2292 1219 2339 quod
1247 2292 1285 2325 in
1308 2294 1462 2328 nucibus
1489 2300 1544 2328 est
1567 2294 1703 2330 videre.

257 2339 424 2373 nimirum
451 2339 505 2372 illi
539 2344 688 2384 propter
710 2340 936 2375 debilitatem
961 2354 1059 2376 suam
1093 2339 1254 2374 subsidio
1286 2341 1415 2374 maiori
1444 2341 1620 2386 egebant:
1645 2341 1703 2375 hie

259 2385 406 2420 densius
440 2386 664 2430 crassiusque
699 2392 945 2431 tegumentum
986 2393 1133 2434 propter
1169 2386 1330 2420 umbram
1360 2389 1519 2422 ‘noxium
1556 2399 1702 2434 quoque

258 2433 397 2468 fuisset.
423 2432 552 2467 folium
577 2433 660 2465 vitis
689 2434 795 2468 etiam
819 2441 955 2469 sectum
982 2442 1059 2476 est,
1097 2440 1138 2467 ut
1162 2434 1255 2467 aeris
1280 2435 1420 2467 iniuriis
1445 2435 1622 2470 obsistere
1647 2447 1703 2469 ra-

259 2491 380 2513 cemus
404 2479 518 2524 possit
544 2484 580 2513 et
604 2490 669 2524 per
696 2481 803 2513 rimas
827 2482 907 2515 illas
931 2483 1016 2517 solis
1039 2481 1156 2515 radios
1180 2481 1325 2525 largiter
1353 2482 1524 2526 recipere.

353 2527 539 2559 Praeterea
564 2532 746 2560 merentur
773 2527 1045 2565 admirationem
1070 2527 1211 2561 arbores
1234 2539 1309 2560 non
1333 2528 1448 2562 solum
1473 2533 1620 2573 propter
1647 2527 1704 2561 di-

259 2573 374 2612 versi,
398 2573 631 2607 verumetiam
661 2574 822 2608 eiusdem
849 2577 987 2620 generis
1012 2576 1190 2610 fructuum
1217 2574 1430 2608 discrimina.
1457 2577 1588 2608 etenim
1614 2576 1717 2610 alias*

258 2621 298 2654 in
320 2619 487 2654 masculis
515 2619 604 2655 alias
630 2620 667 2654 in
692 2621 831 2655 seminis
856 2622 1035 2657 fructuum
1059 2627 1163 2656 notas
1181 2627 1377 2666 agnoscunt
1399 2621 1423 2654 ii
1450 2623 1514 2666 qui
1538 2621 1704 2665 arborum

258 2665 490 2701 serendarum
514 2666 622 2711 periti
646 2673 739 2701 suut.
778 2667 815 2701 in
840 2670 966 2713 palmis
995 2674 1090 2702 certe
1115 2669 1202 2701 alias
1227 2678 1342 2702 mares
1358 2668 1445 2701 alias
1469 2669 1620 2702 feminas
1649 2679 1707 2703 es-

261 2724 300 2748 se
325 2712 480 2751 tradunt.
506 2719 542 2748 et
566 2713 663 2761 quod
689 2714 892 2757 ,inauditum
919 2716 1091 2765 quiddam
1116 2727 1156 2750 ac
1180 2726 1311 2756 novum
1341 2718 1414 2760 est,
1444 2726 1540 2752 amor
1574 2717 1611 2751 in
1656 2717 1705 2752 eis
