1826 3120
264 130 374 204 294
723 141 1012 185 MicuAEms
1050 140 1265 184 emen:

358 246 408 288 Ὁ
432 247 510 298 μὲν
542 238 615 284 οὖν
644 240 806 295 Φαραώ
838 242 937 282 δέκα
966 243 1142 294 πληγαῖς
1165 235 1457 292 ὖποβάλλεται.
1485 239 1595 287 τίνος
1622 233 1697 281 οὖν

259 312 402 364 ἕνεκας
433 307 495 351 ὅτι
523 311 675 357 τέλειος
704 305 726 348 ὅ
758 308 928 362 δέκατος
955 302 1147 361 ἀριθμός.
1204 303 1227 345 ὅ
1247 305 1351 358 yot'fv
1367 303 1531 354 τελείως
1555 303 1696 360 ἁμαρ-

214 379 383 432 Ὸτὴσας
411 373 484 416 καί
510 372 676 422 τελείως
701 372 872 420 δικαίως
906 373 1165 424 ,ιιαο-τίζεται.
1221 367 1327 422 μετὰ
1356 367 1436 425 γὰρ
1462 369 1535 413 τὸν
1561 369 1696 412 θάνα-

254 457 323 483 τον
348 438 512 495 Ἰωσὴφ
550 437 624 480 καί
661 439 738 480 τοῦ
765 439 1012 492 κρατοῦντος
1039 437 1122 479 τῶν
1147 437 1394 491 Αἰγυπτίων
1421 435 1582 492 Φαραώ
1609 434 1694 483 ἕτε-

253 522 324 560 ρος
354 501 497 559 ἄρχων
522 503 738 546 ἀνίσταται
758 508 841 552 τοῖς
868 501 1138 565 Αἰγυπτιίης,
1168 500 1241 543 καί
1265 504 1360 544 λιάν
1383 500 1553 557 πικρός,
1586 504 1730 546 :ma-5

253 570 342 625 ραώ
382 572 456 612 καί
490 565 608 619 οὗτος
648 567 912 622 καλούμενος.
981 567 1054 609 καί
1090 566 1166 623 γὰρ
1196 567 1387 624 καθάπερ
1416 565 1454 609 οἱ
1483 569 1567 609 τῶν
1587 567 1691 611 Ῥω·
1721 589 1727 594 ·

249 639 390 688 μαίων
428 638 615 688 βασιλεῖς
646 635 874 689 Καίσαρας
917 631 1094 682 ἑαυτούς
1133 632 1403 686 ἐπονομάζειν
1437 627 1592 688 ἤθελον
1614 628 1718 685 ὅτε,

248 700 322 757 τὴν
348 703 423 742 τοῦ
448 700 815 757 μεμοναρχηκότος
846 701 1028 742 Ἰουλίου
1058 702 1279 754 Καίσαρος
1309 694 1499 741 εὔκλειαν
1526 695 1694 748 ἑαυτοῖς

247 768 607 821 περιποιούμενοι,
656 764 765 808 οὕτω
806 765 878 808 καί
905 763 943 807 οἱ
988 768 1071 807 τῶν
1097 767 1343 820 Αἰγυπτίων
1373 759 1585 820 ἄρχοντες
1605 763 1690 806 ἀπὸ

246 835 320 875 τοῦ
343 830 507 886 πρώτου
537 833 694 875 ἐκείνου
710 831 872 888 Φαραώ
895 830 1057 888 Φαραώ
1091 834 1165 874 καί
1191 826 1306 873 οὗτοι
1333 827 1691 886 κατονομάζεσθαι
1707 853 1758 882 10

246 895 414 954 ἤθελον.

346 964 392 1006 Ὁ
421 965 561 1016 μέντοι
588 964 754 1018 Μωσῆς
783 961 888 1016 μετὰ
917 961 962 1005 τὸ
991 963 1173 1020 περᾶσαι
1201 963 1277 1019 τήν
1305 961 1492 1020 ἐρυθρὰν
1524 965 1692 1021 φροντί-

247 1031 308 1080 ζει
343 1031 422 1071 τοῦ
469 1030 649 1083 δοθῆναι
691 1028 818 1082 νόμον
847 1030 905 1086 τῷ
932 1031 1033 1088 λαῷ.
1097 1025 1196 1072 ὅθεν
1224 1031 1298 1071 καί
1321 1032 1419 1085 περί
1444 1028 1492 1071 τὸ
1522 1030 1693 1072 §hamone

245 1091 414 1137 ἄνεισιν.
487 1094 510 1136 ὅ
549 1097 596 1137 δὲ
639 1096 680 1136 Γ
678 1093 850 1149 εώργιος
890 1095 998 1149 λέγει
1025 1090 1107 1137 Ιὅτι
1138 1094 1162 1137 ὅ
1203 1095 1398 1151 Μωῦσῆς
1437 1095 1690 1151 ὀγδοήκοντα

118 1164 230 1209 Ρ.ι57
246 1160 404 1215 ἡμέρας
432 1163 575 1213 νῆστις
598 1154 649 1214 ἧν
683 1161 727 1202 ἐν
755 1162 813 1217 τῷ
846 1156 946 1214 ὄρει,
1006 1162 1070 1210 δίς
1095 1163 1169 1203 καί
1194 1161 1275 1215 γὰρ
1308 1161 1369 1210 εἰς
1394 1158 1439 1202 τὸ
1471 1156 1565 1216 ὅρος
1595 1161 1689 1203 ‹ivs-
1707 1168 1754 1210 15

242 1230 320 1281 βη,
349 1225 425 1274 τὰς
451 1225 608 1274 πλάκας
651 1227 886 1280 συντρίψας
914 1225 965 1275 ἃς
992 1224 1115 1280 ἔλαβε
1144 1225 1344 1282 πρότερον
1371 1228 1417 1268 ἐκ
1445 1227 1563 1280 θεοῦ,
1580 1225 1690 1268 §vdui-

243 1308 324 1341 κως
354 1293 438 1333 κατ’
482 1290 649 1333 ἐκείνων
680 1291 736 1341 ὥς
764 1291 1164 1348 ,ιιοσχοποιησάντων
1193 1294 1423 1346 θυμωθείς.
1479 1291 1692 1336 κατελθὼν

242 1356 322 1411 γὰρ
353 1355 434 1398 aad
468 1358 545 1397 τοῦ
586 1352 733 1411 ὅρους,
775 1359 847 1399 καί
881 1356 959 1407 τὰς
987 1357 1148 1408 πλάκας
1187 1358 1421 1413 συντρίψας
1449 1357 1520 1401 διὰ
1547 1356 1594 1401 τὸ
1623 1355 1692 1401 τόν

246 1421 347 1465 λαὸν
377 1423 480 1464 ἰδεῖν
522 1422 822 1477 α’νομήσαντα,
860 1425 948 1473 πῶς
976 1422 1121 1477 ἑζιιελλε
1148 1424 1345 1479 βρώσεως
1377 1430 1622 1480 μετασχεῖν,
1653 1426 1694 1468 εἰ

244 1488 302 1543 μὴ
330 1491 403 1530 καί
441 1487 566 1531 πάλιν
603 1490 782 1544 ἀνῆλθεν
818 1489 952 1539 εὐθυς
978 1492 1052 1532 καί
1091 1489 1164 1532 τὸν
1190 1489 1290 1532 θεὸν
1318 1488 1591 1544 &gluttiunt-co,-
1620 1493 1757 1547 s‘aep’20

246 1548 277 1611 ᾧ
305 1553 377 1595 καί
402 1553 439 1594 π’
470 1553 630 1609 ἡμέρας
658 1557 702 1605 ἐξ
746 1554 929 1609 οἶνοίγκης
955 1554 1163 1610 νηστεύει·
1221 1557 1285 1604 δίς
1311 1554 1391 1610 γάρ
1422 1555 1604 1611 ἀνῆλθεν
1631 1558 1692 1606 εἰς

244 1617 289 1662 τὸ
320 1614 443 1676 ὅρος,
467 1618 610 1676 ἐπειδὴ
639 1619 712 1671 τὰς
740 1619 908 1677 πρώτας
935 1622 1160 1678 συνέτριψε
1187 1622 1372 1675 πλάκας,
1402 1617 1573 1677 ᾇνάξιον
1600 1622 1690 1678 κρί-

339 1795 444 1828 Hunc
469 1795 578 1840 igitur
615 1796 654 1828 in
689 1807 824 1829 morem
849 1796 985 1829 Pharao
1022 1795 1146 1829 decem
1183 1795 1297 1841 plagis
1336 1799 1494 1830 vexatur.
1515 1795 1690 1842 quamob-

247 1853 319 1876 rem
348 1842 466 1875 istuc?
509 1843 594 1886 quia
636 1853 806 1876 numerus
844 1842 1012 1876 denarius
1039 1843 1219 1888 perfectus
1246 1848 1318 1885 est;
1344 1843 1500 1888 ideoque
1525 1855 1590 1888 par
1614 1849 1691 1878 erat

245 1895 288 1923 ut
311 1890 373 1934 qui
398 1889 556 1934 perfecte
583 1888 804 1934 deliquerat,
839 1891 948 1923 etiam
971 1890 1133 1935 perfecto
1158 1890 1401 1923 calamitatum
1423 1901 1571 1924 numero
1595 1890 1690 1927 mul-

244 1942 391 1970 taretur.
416 1936 551 1980 quippe
577 1941 659 1980 post
681 1936 825 1982 Iosephi
861 1942 1010 1970 mortem
1038 1943 1074 1970 et
1106 1936 1297 1970 Pharaonis
1323 1937 1423 1970 illius
1447 1937 1510 1982 qui
1528 1937 1607 1971 vivo
1630 1937 1690 1971 Io·-

247 1982 359 2028 sepho
390 1994 510 2015 rerum
539 1983 770 2027 potiebatur,
802 1984 968 2029 Aegyptii
1002 1984 1200 2029 principem
1237 1983 1347 2016 alium
1383 1985 1479 2018 nacti
1504 1989 1629 2026 erant,
1653 1989 1691 2018 et

245 2029 350 2062 valde
375 2029 522 2073 quidem
548 2030 726 2071 acerbum,
753 2032 816 2075 qui
841 2037 878 2065 et
899 2032 975 2075 ipse
1003 2029 1195 2064 Pharaonis
1219 2042 1353 2063 nomen
1378 2030 1583 2075 usurpabat.
1607 2041 1689 2064 nam

246 2081 286 2109 ut
312 2077 548 2108 Romanorum
589 2076 820 2121 imperatores
853 2078 927 2112 sive
964 2088 1063 2122 reges
1086 2076 1157 2110 sibi
1181 2077 1372 2110 Caesarum
1393 2088 1525 2111 nomen
1547 2088 1691 2122 arroga-

250 2127 356 2162 runt,
395 2128 566 2167 tanquam
604 2124 688 2156 Iulii
724 2124 904 2166 Caesaris,
946 2125 1010 2170 qui
1035 2124 1170 2170 primus
1199 2123 1419 2158 dominatum
1446 2123 1491 2157 ad
1515 2135 1553 2157 se
1577 2135 1690 2158 unum

246 2168 450 2209 transtulit,
489 2170 637 2212 gloriam
672 2171 742 2204 sibi
775 2171 1021 2212 vindicantes,
1046 2171 1097 2204 sic
1131 2175 1167 2203 et
1189 2170 1443 2216 Aegyptiorum
1465 2171 1647 2216 principes
1669 2182 1691 2204 a

246 2214 429 2248 Pharaone
454 2217 567 2259 primo
590 2216 812 2251 denominari
842 2217 1042 2251 pharaones
1064 2217 1268 2254 voluerunt.

344 2262 461 2295 Moses
491 2268 610 2295 autem
635 2263 698 2296 ubi
725 2276 821 2298 mare
848 2265 995 2298 rubrum
1019 2264 1238 2306 traiecisset,
1276 2262 1517 2309 occupabatur
1540 2264 1579 2296 in
1604 2275 1691 2309 pro-

251 2308 443 2352 mulganda
471 2310 608 2353 populo
647 2310 735 2354 lege.
776 2317 997 2356 quapropter
1030 2311 1199 2344 Sinaeum
1234 2311 1272 2344 in
1309 2316 1465 2344 montem
1491 2309 1689 2344 adscendit.

250 2355 304 2388 ibi
330 2355 406 2387 dies
432 2361 535 2395 totos,
573 2357 875 2400 quemadmodum
901 2358 1075 2402 Georgius
1097 2358 1292 2391 memoriae
1320 2356 1499 2402 prodidit,
1525 2357 1690 2402 octogin-

251 2409 288 2435 ta
317 2401 404 2435 cibis
433 2401 600 2435 abstinet.
634 2415 715 2436 nam
738 2405 793 2438 bis
821 2407 859 2438 in
883 2411 1041 2438 montem
1065 2404 1276 2446 adscendit,
1316 2405 1426 2437 altera
1453 2403 1592 2437 scilicet
1611 2403 1690 2438 vace

249 2454 327 2482 tum
351 2460 430 2481 cum
454 2448 594 2482 tabulas
618 2450 779 2494 fregisset
800 2451 970 2486 divinitus
996 2457 1157 2496 acceptas
1174 2477 1185 2493 ,
1212 2452 1307 2485 iusta
1330 2451 1367 2484 in
1395 2461 1477 2483 suos
1501 2450 1690 2484 iracundia

253 2496 452 2540 doloreque
469 2496 647 2540 percitus,
676 2498 739 2541 qui
762 2499 915 2532 vitulum
939 2498 1009 2532 sibi
1033 2499 1202 2532 fecerant.
1226 2498 1358 2531 etenim
1382 2496 1420 2529 id
1447 2497 1617 2542 temporis
1643 2496 1688 2531 de

252 2548 373 2575 monte
402 2541 610 2585 degressus,
636 2545 824 2578 confractis
849 2545 1006 2587 tabulis,
1032 2545 1131 2590 quod
1153 2545 1327 2590 populum
1352 2555 1388 2576 se
1419 2543 1582 2588 improbe
1610 2554 1688 2589 ges—

253 2589 340 2621 sisse
364 2594 545 2630 cerneret,
570 2600 725 2633 quonam
750 2598 853 2635 pacto
879 2592 996 2626 cibum
1022 2603 1160 2625 sumere
1184 2591 1328 2636 potuit?
1353 2591 1519 2623 nimirum
1541 2601 1626 2624 mox
1647 2590 1687 2624 in

253 2640 409 2667 montem
436 2647 553 2668 rursus
578 2636 764 2669 adscendit
789 2644 825 2671 et
853 2639 958 2672 deum
984 2639 1150 2684 placavit.
1177 2638 1221 2670 de
1251 2648 1321 2682 quo
1347 2637 1519 2682 consequi
1542 2648 1689 2676 necesse

256 2686 309 2713 est
349 2693 428 2714 eum
454 2683 496 2716 So
526 2681 603 2715 dies
643 2694 662 2714 a
696 2683 782 2715 cibis
820 2685 1056 2727 abstinuisse,
1094 2691 1134 2719 ut
1161 2686 1224 2729 qui
1249 2684 1404 2717 secunda
1428 2685 1504 2716 vice
1530 2689 1687 2718 montem

255 2727 373 2761 fractis
392 2729 575 2774 prioribus
601 2729 732 2763 tabulis
758 2733 1028 2774 conscenderit,
1050 2732 1146 2779 quod
1170 2732 1213 2766 iis
1238 2731 1411 2776 populum
1436 2730 1583 2776 impium
1607 2741 1683 2764 see-
