1826 3120
525 178 807 220 ANNALmM
845 179 982 221 PARS
1026 181 1098 220 ιιι.
1402 158 1512 234 437

73 283 157 339 γὰρ
174 278 398 339 ἄνθρωπον
412 278 599 323 πλάττων
622 281 646 322 ὅ
671 282 772 331 θεὸς
800 282 1028 324 ἐντέθεικεν
1055 273 1172 337 αὕτῷ
1194 279 1268 335 τὴν
1286 280 1363 321 τοῦ
1389 280 1561 321 >fazoin

74 351 148 393 καὶ
172 343 303 391 κακοῦ
332 346 565 402 διάγνωσιν.
606 348 745 403 διόπερ
777 344 827 388 οὗ
854 348 980 401 μόνον
1008 345 1048 389 οῖ
1075 345 1176 402 περὶ
1204 346 1278 389 τὸν
1305 345 1521 389 Πλάτωνα

75 413 148 458 τὸν
174 410 320 458 ἄδικον
345 416 437 468 βίον
460 414 687 468 ἐμίσησαν,
737 413 843 455 ἄλλα
871 414 943 454 καί
967 414 1049 456 τῶν
1076 410 1306 467 βαρβάρων
1334 413 1409 453 οὐκ
1436 411 1523 454 ὀλί-

75 496 175 535 γοι.Ἰ
229 483 302 523 καί
331 479 413 535 γὰρ
444 479 545 528 τοὺς
583 478 867 534 ὖπερβορέους
895 479 1022 521 οἰκεῖν
1042 481 1120 532 μὲν
1144 478 1250 533 ὑπὲρ
1279 476 1332 520 τοὶ
1351 477 1524 520 ‘Pluma

41 542 155 602 ὅὸρη
192 549 343 604 φασίν,
387 546 531 588 ἀσκεῖν
571 547 618 587 δὲ
659 544 951 600 δικαιοσύνην,
990 542 1239 600 ἀκροδρύοις
1283 547 1356 585 καί
1393 540 1525 586 ὕδασι

77 614 255 664 ζῶντας.
311 611 420 655 &aad
447 611 520 654 καὶ
553 612 653 662 τούς
681 613 946 666 Βραχμᾶνας
970 610 1074 666 ὑπὲρ
1109 607 1334 666 ἄνθρωπον
1364 610 1523 663 ἀσκεῖν,

78 677 257 735 φύλλοις
297 677 343 722 τὸ
376 680 500 732 σῶμα
529 681 807 731 σκεπτομένους
841 679 914 720 καί
941 679 985 720 ἐν
1013 675 1136 727 ὕλαις
1162 675 1395 732 διάγοντας.
1454 678 1529 719 καί

75 745 329 800 Ἀνάχαρσιν
371 745 419 787 δὲ
466 744 538 787 τὸν
565 742 734 798 Σκύθην
770 746 972 786 τοσοῦτον
999 741 1021 784 ὅ
1050 745 1127 799 τῆς
1151 741 1427 800 σωφροσύνής
1454 741 1529 784 καὶ

76 812 152 867 τῆς
197 810 414 866 α’σκήσεως
458 809 564 865 ἔρως
599 813 798 864 κατέσχεν
840 809 897 858 ὥς
939 808 1012 851 καί
1037 807 1295 864 κοιμώμενον
1322 808 1375 850 τὰ
1403 810 1524 863 χείλη

18 894 66 920 ιο
79 878 212 920 αὐτοῦ·
238 878 312 919 καί
335 875 386 918 τοὶ
416 877 559 918 αἰδοῖα
592 882 760 932 κρατεῖν
787 876 843 916 δι’
873 877 1036 917 οἰκείων
1063 875 1241 931 χειρῶν·
1316 875 1368 915 οὕ
1395 873 1527 928 μόνον

75 941 156 999 γὰρ
183 944 396 998 γρηγορῶν
427 941 534 984 ἀλλὰ
561 945 635 983 καί
661 940 884 984 ὑπνώττων
913 943 1096 983 ἐδείκνυε
1129 939 1262 995 πόσης
1291 937 1526 997 ἀσφαλείας
1537 952 1650 986 P,235

76 1007 126 1052 τὰ
154 1010 336 1052 τοιαῦτα
362 1009 528 1051 δέονται
557 1007 704 1063 μόρια.

184 1072 316 1116 Mero}
354 1075 402 1116 δὲ
428 1076 470 1117 Γ
467 1076 562 1116 αΐον
602 1078 750 1129 κρατεῖ
790 1073 814 1115 ὅ
841 1071 1061 1123 Κλαύδιος
1086 1071 1159 1129 ἔτη
1203 1071 1268 1128 ιγ’.
1351 1068 1469 1124 οὗτος
1500 1071 1654 1116 (JV-182

77 1138 298 1190 Κλαύδιος
327 1142 524 1183 τοσοῦτον
566 1142 728 1194 λέγεται
760 1136 867 1182 εἶναι
895 1138 1030 1189 δειλὸς
1059 1138 1164 1182 ὥστε
1187 1138 1292 1198 1τούς
1321 1157 1526 1195 παριστα-

18 1209 66 1251 15
77 1207 230 1260 μένους
257 1207 457 1261 ἐρευνᾶν,
485 1205 661 1261 μήποτε
688 1208 810 1262 ξίφος
837 1207 881 1247 ἐν
910 1204 1078 1256 κόλποις
1106 1208 1289 1262 φέροιεν.
1341 1205 1445 1259 μετα
1480 1208 1527 1249 δὲ

76 1274 223 1315 τοῦτον
266 1274 418 1327 Νέρων
447 1271 471 1312 ὅ
518 1270 613 1321 υἱὸς
659 1273 794 1314 αὐτοῦ
825 1270 895 1327 ἔτη
931 1272 1001 1314 ιδ’.
1071 1268 1188 1322 οὗτος
1229 1272 1252 1314 ὅ
1281 1274 1529 1326 παμμίαρος

75 1340 180 1380 ἑτῶν
209 1335 315 1381 ὦσεί
353 1335 378 1380 ι’
417 1340 491 1381 καί
519 1336 550 1389 ζ’
584 1333 642 1380 ‹Bv
684 1341 844 1393 πρῶτος
872 1339 950 1379 τοῦ
991 1340 1182 1393 διωγμοῦ
1223 1334 1412 1394 ἤρξατο,
1456 1339 1532 1380 καί

75 1403 173 1454 τοὺς
208 1402 468 1461 κορυφαίους
504 1403 697 1459 ἀναιρεῖ,
738 1402 795 1453 ὥς
822 1406 899 1457 μὲν
927 1402 1135 1460 ἱστορικοί
1159 1420 1270 1455 τινες
1295 1406 1432 1459 ἕτεροι
1462 1405 1528 1446 λέ·

75 1484 222 1525 γουσιν
239 1503 253 1524 ,
293 1472 339 1513 ἐν
383 1470 520 1528 ἡμέρᾳ
558 1473 640 1527 μιᾷ
671 1470 745 1512 καί
777 1472 829 1527 τῇ
858 1467 992 1528 αὐτῇ,
1028 1473 1074 1513 ἐν
1103 1467 1215 1529 ἄλλῳ
1241 1473 1288 1513 δὲ
1314 1472 1389 1512 καί
1415 1467 1527 1528 ἄλλῳ

15 1535 192 1591 weiht,
222 1535 280 1586 ὥς
320 1539 367 1579 δὲ
395 1538 601 1590 Εὐσέβιος
636 1535 657 1578 ὃ
688 1538 767 1579 τοῦ
800 1538 1038 1592 Παμφίλου
1058 1569 1070 1587 ,
1115 1536 1187 1578 καί
1213 1536 1298 1579 ἔτει
1322 1538 1381 1594 τῷ
1409 1537 1528 1593 αὐτῷ·

78 1601 152 1645 καί
179 1602 318 1660 ἡμέρᾳ
344 1605 396 1660 τῇ
420 1603 547 1660 αὐτῇ.
616 1601 721 1645 α’λλὰ
758 1603 1084 1658 Τερτουλλιανός
1116 1619 1181 1653 τις
1206 1602 1311 1658 α’νῆρ
1344 1603 1427 1644 τῶν
1456 1604 1527 1645 ἐπὶ
1538 1611 1563 1642 Β

73 1666 213 1726 Ῥώμῃ
242 1670 448 1722 λαμπρῶν
478 1668 550 1711 καί
563 1671 604 1713 Γ
601 1671 691 1719 αΐος
720 1668 826 1725 ἀνήρ
857 1669 1190 1725 ἐκκλησιαστικὸς
1214 1671 1288 1711 καί
1303 1667 1527 1717 Διονύσιος

80 1882 164 1905 nem
187 1870 340 1916 fingeret
377 1871 484 1913 deus,
525 1872 642 1906 eidem
675 1873 825 1907 honesti
869 1878 907 1907 et
927 1874 1028 1918 pravi
1068 1871 1259 1905 discrimen
1284 1870 1426 1904 indidit.
1452 1882 1524 1916 quo

82 1918 216 1952 sactum
250 1923 305 1952 est
328 1923 368 1952 ut
391 1930 465 1952 non
490 1919 650 1953 Platonis
673 1920 780 1954 modo
805 1926 995 1954 sectatores
1019 1920 1129 1953 vitam
1152 1919 1323 1952 iniustam
1349 1924 1385 1951 et
1410 1919 1527 1951 scele-

82 1971 196 1999 ratam
220 1965 305 1998 odio
331 1967 515 2010 prosecuti
550 1969 639 2008 sint,
672 1968 906 2000 verumetiam
937 1967 1100 1999 homines
1143 1965 1286 1998 barbari
1310 1977 1383 1998 non
1407 1966 1526 2010 pauci.

82 2013 284 2058 accepimus
313 2013 408 2045 enim
436 2014 686 2059 Hyperboreos
720 2014 893 2059 quosdam
931 2014 1026 2046 ultra
1051 2012 1226 2058 Riphaeos
1254 2018 1393 2045 montes
1418 2012 1526 2045 habi-

82 2066 181 2101 tare,
208 2060 271 2104 qui
309 2061 485 2093 iustitiam
522 2061 680 2095 studiose
715 2062 857 2102 colant,
894 2061 1134 2106 arborumque
1168 2060 1345 2093 fructibus
1370 2065 1407 2092 et
1430 2071 1526 2105 aqua

80 2107 258 2149 victitent.
283 2106 409 2140 itidem
433 2107 667 2141 Brachmanas
692 2108 731 2141 in
754 2109 888 2142 virtute
919 2107 1071 2141 colenda
1094 2118 1200 2152 supra
1218 2106 1363 2140 modum
1398 2106 1526 2139 huma-

81 2165 168 2188 num.
191 2165 355 2187 exercere
386 2165 423 2187 se
449 2155 615 2196 tradunt,
640 2167 720 2188 cum
747 2156 842 2188 foliis
876 2161 1015 2188 tantum
1039 2166 1186 2199 corpora
1209 2159 1335 2198 tegant
1357 2159 1394 2187 et
1415 2154 1527 2187 vitam

80 2201 119 2235 iu
145 2200 243 2235 silvis
268 2206 384 2245 agant.
433 2202 644 2235 Anacharsis
670 2203 817 2236 natione
844 2202 974 2245 Scytha
996 2207 1098 2235 tanto
1129 2202 1303 2235 castitatis
1330 2206 1366 2234 et
1389 2202 1528 2234 exerci-

81 2248 213 2283 tiorum
244 2248 389 2282 virtutis
415 2260 534 2282 amore
560 2250 751 2283 tenebatur
769 2275 778 2290 ‚
803 2255 844 2282 ut
877 2250 985 2282 etiam
1011 2248 1146 2282 cubans
1172 2248 1272 2281 labra
1295 2247 1527 2292 verendaque

81 2295 155 2328 suis
177 2295 256 2340 ipse
279 2295 444 2329 manibus
470 2297 730 2341 comprimeret.
753 2297 922 2329 nimirum
951 2307 1024 2329 non
1046 2296 1198 2340 vigilans
1225 2295 1355 2336 modo,
1382 2306 1526 2327 verum-

82 2341 190 2375 etiam
213 2341 395 2375 dormiens
413 2343 627 2377 ostendebat
650 2355 756 2389 quam
780 2349 942 2377 accurata
966 2342 1128 2377 custodia
1143 2342 1214 2376 duo
1240 2343 1350 2376 istaec
1372 2342 1530 2388 corporis

80 2387 240 2423 membra
265 2389 464 2434 indigeant.

176 2436 259 2469 Post
299 2436 424 2471 Caium
461 2436 633 2470 Claudius
672 2436 862 2481 imperium
905 2436 945 2469 13
979 2437 1080 2470 annis
1120 2435 1290 2470 obtinuit.
1315 2434 1529 2480 perhibetur

84 2486 204 2515 autem
227 2482 398 2518 Claudius
427 2495 540 2529 usque
576 2484 667 2517 adeo
701 2484 955 2517 formidolosus
998 2484 1127 2525 fuisse,
1162 2488 1203 2516 ut
1235 2483 1419 2515 adstantes
1461 2481 1530 2514 sibi

85 2529 311 2575 perquireret
334 2543 374 2564 ac
407 2537 625 2565 scrutaretur
649 2542 741 2564 anne
769 2531 927 2576 gladium
962 2530 1001 2563 in
1025 2531 1105 2564 sinu
1130 2535 1322 2575 gestarent.
1349 2539 1531 2562 successo-

87 2587 163 2609 rem
187 2575 316 2611 habuit
336 2578 535 2619 Neronem,
567 2579 629 2622 qui
656 2578 759 2610 annis
798 2581 837 2622 ¹4
863 2577 968 2610 rebus
991 2577 1159 2622 praefuit.
1184 2576 1447 2621 impurissimus
1471 2575 1532 2608 hic

87 2623 253 2668 princeps
293 2636 371 2658 cum
401 2636 513 2658 anuos
545 2625 627 2670 plus
657 2625 774 2657 minus
811 2635 849 2669 17
889 2629 995 2658 natus
1032 2629 1147 2665 esset,
1191 2625 1325 2669 primus
1361 2623 1531 2667 persequi

89 2669 308 2703 Christianos
333 2673 464 2718 coepit,
492 2677 528 2704 e't
554 2671 643 2704 duos
667 2683 820 2704 summos
844 2671 939 2704 viros
965 2671 1167 2712 interfecit,
1192 2676 1234 2703 ut
1259 2669 1428 2703 nonnulli
1450 2669 1533 2714 qui-

91 2716 172 2750 dem
207 2716 368 2751 historici
410 2719 554 2759 volunt,
597 2730 669 2752 uno
705 2730 745 2750 ac
777 2717 904 2751 eodem
939 2718 1018 2759 die,
1042 2730 1164 2752 verum
1189 2717 1341 2750 diversis
1365 2716 1467 2749 annis
1493 2722 1534 2749 ut

91 2761 267 2798 Eusebius
292 2771 412 2800 autem
438 2766 615 2811 Pamphili
641 2766 831 2800 memoriae
868 2764 1047 2811 prodidit,
1074 2771 1110 2799 et
1134 2776 1227 2798 anno
1256 2763 1382 2798 eodem
1407 2769 1444 2797 et
1473 2772 1534 2796 ea-
