<?xml version="1.0" encoding="UTF-8"?>
<!DOCTYPE html PUBLIC "-//W3C//DTD XHTML 1.0 Transitional//EN"
    "http://www.w3.org/TR/xhtml1/DTD/xhtml1-transitional.dtd">
<html xmlns="http://www.w3.org/1999/xhtml" xml:lang="en" lang="en">
 <head>
  <title>
</title>
<meta http-equiv="Content-Type" content="text/html;charset=utf-8" />
  <meta name='ocr-system' content='tesseract 3.04.00' />
  <meta name='ocr-capabilities' content='ocr_page ocr_carea ocr_par ocr_line ocrx_word'/>
</head>
<body>
  <div class='ocr_page' id='page_1' title='image "./corpusscriptorum37niebuoft_0149.png"; bbox 0 0 1826 3120; ppageno 0'>
   <div class='ocr_carea' id='block_1_1' title="bbox 572 120 1576 183">
    <p class='ocr_par' dir='ltr' id='par_1_1' title="bbox 572 120 1576 183">
     <span class='ocr_line' id='line_1_1' title="bbox 572 120 1576 183; baseline 0.001 -22"><span class='ocrx_word' id='word_1_1' title='bbox 572 120 858 163; x_wconf 71' lang='lat' dir='ltr'><strong>ANNAmUM</strong></span> <span class='ocrx_word' id='word_1_2' title='bbox 912 121 1050 163; x_wconf 79' lang='lat' dir='ltr'><strong>PARS</strong></span> <span class='ocrx_word' id='word_1_3' title='bbox 1087 123 1120 163; x_wconf 79' lang='grc' dir='ltr'><strong>ι.</strong></span> <span class='ocrx_word' id='word_1_4' title='bbox 1474 127 1576 183; x_wconf 81' lang='lat'><strong>¹27</strong></span> 
     </span>
    </p>
   </div>
   <div class='ocr_carea' id='block_1_2' title="bbox 59 220 1694 1673">
    <p class='ocr_par' dir='ltr' id='par_1_2' title="bbox 59 220 1694 1673">
     <span class='ocr_line' id='line_1_2' title="bbox 127 220 1583 283; baseline 0.003 -19"><span class='ocrx_word' id='word_1_5' title='bbox 127 222 205 265; x_wconf 84' lang='grc' dir='ltr'><strong><em>λοί.</em></strong></span> <span class='ocrx_word' id='word_1_6' title='bbox 233 220 308 265; x_wconf 68' lang='grc' dir='ltr'><strong>καί</strong></span> <span class='ocrx_word' id='word_1_7' title='bbox 338 221 486 264; x_wconf 74' lang='grc' dir='ltr'><strong><em>πείθου</em></strong></span> <span class='ocrx_word' id='word_1_8' title='bbox 521 222 578 280; x_wconf 78' lang='grc' dir='ltr'><strong>τῷ</strong></span> <span class='ocrx_word' id='word_1_9' title='bbox 606 221 922 278; x_wconf 79' lang='grc' dir='ltr'><strong><em>χρυσορρήμονι</em></strong></span> <span class='ocrx_word' id='word_1_10' title='bbox 946 222 1112 279; x_wconf 79' lang='grc' dir='ltr'><strong><em>Ἰωάννῃ</em></strong></span> <span class='ocrx_word' id='word_1_11' title='bbox 1145 223 1189 266; x_wconf 83' lang='grc' dir='ltr'><strong><em>ἐν</em></strong></span> <span class='ocrx_word' id='word_1_12' title='bbox 1206 224 1255 280; x_wconf 82' lang='grc' dir='ltr'><strong>τῇ</strong></span> <span class='ocrx_word' id='word_1_13' title='bbox 1282 225 1341 274; x_wconf 85' lang='grc' dir='ltr'><strong>εἰς</strong></span> <span class='ocrx_word' id='word_1_14' title='bbox 1355 222 1430 279; x_wconf 70' lang='grc' dir='ltr'><strong><em>τήν</em></strong></span> <span class='ocrx_word' id='word_1_15' title='bbox 1461 223 1583 283; x_wconf 54' lang='lat' dir='ltr'><strong>{Eat}-</strong></span> 
     </span>
     <span class='ocr_line' id='line_1_3' title="bbox 124 286 1627 346; baseline 0.005 -16"><span class='ocrx_word' id='word_1_16' title='bbox 124 303 254 345; x_wconf 87' lang='grc' dir='ltr'><strong><em>μερον</em></strong></span> <span class='ocrx_word' id='word_1_17' title='bbox 284 288 496 346; x_wconf 74' lang='grc' dir='ltr'><em>δωδεκάτῃ</em></span> <span class='ocrx_word' id='word_1_18' title='bbox 526 288 672 330; x_wconf 65' lang='grc' dir='ltr'><strong><em>ἀὐτοῦ</em></strong></span> <span class='ocrx_word' id='word_1_19' title='bbox 715 287 858 346; x_wconf 73' lang='grc' dir='ltr'><strong><em>ὁμιλίᾳ</em></strong></span> <span class='ocrx_word' id='word_1_20' title='bbox 886 292 1044 343; x_wconf 80' lang='grc' dir='ltr'><strong><em>λέγοντι</em></strong></span> <span class='ocrx_word' id='word_1_21' title='bbox 1069 286 1158 342; x_wconf 60' lang='grc' dir='ltr'><strong>»ὅτι</strong></span> <span class='ocrx_word' id='word_1_22' title='bbox 1194 291 1275 333; x_wconf 78' lang='grc' dir='ltr'><strong><em>τῶν</em></strong></span> <span class='ocrx_word' id='word_1_23' title='bbox 1302 288 1408 333; x_wconf 76' lang='grc' dir='ltr'><strong><em>κατὰ</em></strong></span> <span class='ocrx_word' id='word_1_24' title='bbox 1439 305 1627 337; x_wconf 70' lang='lat' dir='ltr'><strong>curto-D</strong></span> 
     </span>
     <span class='ocr_line' id='line_1_4' title="bbox 124 349 1584 415; baseline 0.004 -19"><span class='ocrx_word' id='word_1_25' title='bbox 124 354 227 407; x_wconf 87' lang='grc' dir='ltr'><strong><em>μίαν</em></strong></span> <span class='ocrx_word' id='word_1_26' title='bbox 250 349 552 411; x_wconf 61' lang='grc' dir='ltr'><strong><em>ἱστορηθέντων</em></strong></span> <span class='ocrx_word' id='word_1_27' title='bbox 580 352 814 410; x_wconf 56' lang='grc' dir='ltr'><strong><em>ἐζιιπροσθεν</em></strong></span> <span class='ocrx_word' id='word_1_28' title='bbox 835 355 1205 410; x_wconf 60' lang='grc' dir='ltr'><em>ἀνακεφαλαίωσιν</em></span> <span class='ocrx_word' id='word_1_29' title='bbox 1231 363 1348 399; x_wconf 84' lang='grc' dir='ltr'><strong><em>ποιεῖ</em></strong></span> <span class='ocrx_word' id='word_1_30' title='bbox 1370 357 1390 400; x_wconf 86' lang='grc' dir='ltr'>ὁ</span> <span class='ocrx_word' id='word_1_31' title='bbox 1419 361 1584 415; x_wconf 77' lang='grc' dir='ltr'><strong><em>Μωσῆς</em></strong></span> 
     </span>
     <span class='ocr_line' id='line_1_5' title="bbox 123 417 1583 480; baseline 0.003 -17"><span class='ocrx_word' id='word_1_32' title='bbox 123 417 320 478; x_wconf 69' lang='grc' dir='ltr'><strong><em>ὕστερον,</em></strong></span> <span class='ocrx_word' id='word_1_33' title='bbox 360 424 540 464; x_wconf 78' lang='grc' dir='ltr'><strong><em>τοιαῦτα</em></strong></span> <span class='ocrx_word' id='word_1_34' title='bbox 584 422 659 462; x_wconf 81' lang='grc' dir='ltr'><em>καί</em></span> <span class='ocrx_word' id='word_1_35' title='bbox 688 426 858 476; x_wconf 83' lang='grc' dir='ltr'><em>φρονεῖν</em></span> <span class='ocrx_word' id='word_1_36' title='bbox 885 422 958 462; x_wconf 83' lang='grc' dir='ltr'><em>καί</em></span> <span class='ocrx_word' id='word_1_37' title='bbox 982 423 1114 474; x_wconf 79' lang='grc' dir='ltr'><strong><em>λέγειν</em></strong></span> <span class='ocrx_word' id='word_1_38' title='bbox 1142 421 1242 472; x_wconf 72' lang='grc' dir='ltr'><strong>τούς</strong></span> <span class='ocrx_word' id='word_1_39' title='bbox 1272 423 1583 480; x_wconf 76' lang='grc' dir='ltr'><strong><em>ἁπλουστέρους</em></strong></span> 
     </span>
     <span class='ocr_line' id='line_1_6' title="bbox 88 483 1583 546; baseline 0.001 -14"><span class='ocrx_word' id='word_1_40' title='bbox 88 489 354 544; x_wconf 77' lang='grc' dir='ltr'><strong><em>5ἒποίησεν.”</em></strong></span> <span class='ocrx_word' id='word_1_41' title='bbox 422 483 559 536; x_wconf 73' lang='grc' dir='ltr'><strong><em>ἄλλως</em></strong></span> <span class='ocrx_word' id='word_1_42' title='bbox 585 503 628 529; x_wconf 85' lang='grc' dir='ltr'><strong>τε</strong></span> <span class='ocrx_word' id='word_1_43' title='bbox 657 487 696 528; x_wconf 87' lang='grc' dir='ltr'><strong>εἰ</strong></span> <span class='ocrx_word' id='word_1_44' title='bbox 720 485 823 540; x_wconf 81' lang='grc' dir='ltr'><strong><em>μετὰ</em></strong></span> <span class='ocrx_word' id='word_1_45' title='bbox 868 485 943 542; x_wconf 78' lang='grc' dir='ltr'><strong><em>την</em></strong></span> <span class='ocrx_word' id='word_1_46' title='bbox 972 483 1176 545; x_wconf 70' lang='grc' dir='ltr'><strong><em>ἑβδόμην,</em></strong></span> <span class='ocrx_word' id='word_1_47' title='bbox 1202 486 1260 538; x_wconf 72' lang='grc' dir='ltr'><strong>ὥς</strong></span> <span class='ocrx_word' id='word_1_48' title='bbox 1289 507 1445 546; x_wconf 81' lang='grc' dir='ltr'><strong><em>φασιν,</em></strong></span> <span class='ocrx_word' id='word_1_49' title='bbox 1476 490 1583 534; x_wconf 79' lang='grc' dir='ltr'><strong><em>ἔκτι-</em></strong></span> 
     </span>
     <span class='ocr_line' id='line_1_7' title="bbox 123 550 1583 612; baseline 0.003 -16"><span class='ocrx_word' id='word_1_50' title='bbox 123 570 219 596; x_wconf 90' lang='grc' dir='ltr'><strong><em>σται</em></strong></span> <span class='ocrx_word' id='word_1_51' title='bbox 249 554 271 596; x_wconf 80' lang='grc' dir='ltr'>ὁ</span> <span class='ocrx_word' id='word_1_52' title='bbox 302 553 571 610; x_wconf 76' lang='grc' dir='ltr'><strong><em>παράδεισος,</em></strong></span> <span class='ocrx_word' id='word_1_53' title='bbox 606 553 764 608; x_wconf 80' lang='grc' dir='ltr'><strong><em>α’νάγκη</em></strong></span> <span class='ocrx_word' id='word_1_54' title='bbox 788 554 904 595; x_wconf 81' lang='grc' dir='ltr'><strong><em>πᾶσα</em></strong></span> <span class='ocrx_word' id='word_1_55' title='bbox 935 556 1008 595; x_wconf 75' lang='grc' dir='ltr'><strong>καί</strong></span> <span class='ocrx_word' id='word_1_56' title='bbox 1030 553 1105 608; x_wconf 81' lang='grc' dir='ltr'><strong><em>την</em></strong></span> <span class='ocrx_word' id='word_1_57' title='bbox 1137 550 1220 596; x_wconf 78' lang='grc' dir='ltr'><strong><em>οἷπό</em></strong></span> <span class='ocrx_word' id='word_1_58' title='bbox 1242 559 1320 598; x_wconf 74' lang='grc' dir='ltr'><strong><em>τοῦ</em></strong></span> <span class='ocrx_word' id='word_1_59' title='bbox 1345 557 1449 612; x_wconf 81' lang='grc' dir='ltr'><strong><em>χοὸς</em></strong></span> <span class='ocrx_word' id='word_1_60' title='bbox 1476 556 1583 600; x_wconf 78' lang='grc' dir='ltr'><strong><em>πλά-</em></strong></span> 
     </span>
     <span class='ocr_line' id='line_1_8' title="bbox 122 616 1584 680; baseline 0.003 -17"><span class='ocrx_word' id='word_1_61' title='bbox 122 637 191 663; x_wconf 90' lang='grc' dir='ltr'><strong>σιν</strong></span> <span class='ocrx_word' id='word_1_62' title='bbox 232 623 309 664; x_wconf 80' lang='grc' dir='ltr'><strong><em>τοῦ</em></strong></span> <span class='ocrx_word' id='word_1_63' title='bbox 331 619 492 674; x_wconf 80' lang='grc' dir='ltr'><strong><em>Ἀδάμ,</em></strong></span> <span class='ocrx_word' id='word_1_64' title='bbox 532 616 672 674; x_wconf 72' lang='grc' dir='ltr'><strong><em>ὥσπερ</em></strong></span> <span class='ocrx_word' id='word_1_65' title='bbox 711 619 760 674; x_wconf 74' lang='grc' dir='ltr'><strong>δὴ</strong></span> <span class='ocrx_word' id='word_1_66' title='bbox 802 618 876 661; x_wconf 81' lang='grc' dir='ltr'><em>καί</em></span> <span class='ocrx_word' id='word_1_67' title='bbox 908 618 987 674; x_wconf 78' lang='grc' dir='ltr'><strong><em>τὴν</em></strong></span> <span class='ocrx_word' id='word_1_68' title='bbox 1017 618 1099 662; x_wconf 80' lang='grc' dir='ltr'><strong><em>α’πὸ</em></strong></span> <span class='ocrx_word' id='word_1_69' title='bbox 1141 625 1326 677; x_wconf 81' lang='grc' dir='ltr'><strong><em>πλευρᾶς</em></strong></span> <span class='ocrx_word' id='word_1_70' title='bbox 1367 627 1440 680; x_wconf 83' lang='grc' dir='ltr'><strong>τῆς</strong></span> <span class='ocrx_word' id='word_1_71' title='bbox 1469 620 1584 677; x_wconf 67' lang='grc' dir='ltr'><strong><em>Εὔας</em></strong></span> 
     </span>
     <span class='ocr_line' id='line_1_9' title="bbox 124 682 1582 743; baseline 0.003 -15"><span class='ocrx_word' id='word_1_72' title='bbox 124 684 372 742; x_wconf 77' lang='grc' dir='ltr'><strong><em>οἰκοδομήν,</em></strong></span> <span class='ocrx_word' id='word_1_73' title='bbox 410 685 515 740; x_wconf 72' lang='grc' dir='ltr'><strong><em>μετὰ</em></strong></span> <span class='ocrx_word' id='word_1_74' title='bbox 544 684 617 741; x_wconf 76' lang='grc' dir='ltr'><strong><em>τὴν</em></strong></span> <span class='ocrx_word' id='word_1_75' title='bbox 658 682 841 741; x_wconf 72' lang='grc' dir='ltr'><strong><em>ἑβδόμην</em></strong></span> <span class='ocrx_word' id='word_1_76' title='bbox 880 687 1009 728; x_wconf 82' lang='grc' dir='ltr'><strong><em>εἰπεῖν</em></strong></span> <span class='ocrx_word' id='word_1_77' title='bbox 1039 690 1301 743; x_wconf 76' lang='grc' dir='ltr'><strong><em>γεγενῆσθαι.</em></strong></span> <span class='ocrx_word' id='word_1_78' title='bbox 1359 693 1467 742; x_wconf 84' lang='grc' dir='ltr'><strong><em>τίνος</em></strong></span> <span class='ocrx_word' id='word_1_79' title='bbox 1495 695 1582 735; x_wconf 76' lang='grc' dir='ltr'><strong><em>ἕνε-</em></strong></span> 
     </span>
     <span class='ocr_line' id='line_1_10' title="bbox 123 749 1694 815; baseline 0.006 -22"><span class='ocrx_word' id='word_1_80' title='bbox 123 769 220 807; x_wconf 69' lang='lat' dir='ltr'><strong>amr,-</strong></span> <span class='ocrx_word' id='word_1_81' title='bbox 265 749 326 796; x_wconf 76' lang='grc' dir='ltr'><strong>ὅτι</strong></span> <span class='ocrx_word' id='word_1_82' title='bbox 368 756 443 796; x_wconf 77' lang='grc' dir='ltr'><strong>καί</strong></span> <span class='ocrx_word' id='word_1_83' title='bbox 478 749 635 807; x_wconf 75' lang='grc' dir='ltr'><strong><em>ταύτην</em></strong></span> <span class='ocrx_word' id='word_1_84' title='bbox 675 749 850 807; x_wconf 70' lang='grc' dir='ltr'><strong><em>ὕστερον</em></strong></span> <span class='ocrx_word' id='word_1_85' title='bbox 889 752 911 794; x_wconf 81' lang='grc' dir='ltr'>ὅ</span> <span class='ocrx_word' id='word_1_86' title='bbox 958 756 1158 808; x_wconf 69' lang='grc' dir='ltr'><em>Ιηωσῆς,</em></span> <span class='ocrx_word' id='word_1_87' title='bbox 1198 749 1328 815; x_wconf 76' lang='grc' dir='ltr'><strong><em>ἧγουν</em></strong></span> <span class='ocrx_word' id='word_1_88' title='bbox 1363 757 1470 810; x_wconf 75' lang='grc' dir='ltr'><strong><em>μετὰ</em></strong></span> <span class='ocrx_word' id='word_1_89' title='bbox 1511 758 1694 815; x_wconf 66' lang='grc' dir='ltr'><strong><em>τηνν.5α</em></strong></span> 
     </span>
     <span class='ocr_line' id='line_1_11' title="bbox 63 814 1584 876; baseline 0.004 -14"><span class='ocrx_word' id='word_1_90' title='bbox 63 817 334 876; x_wconf 75' lang='grc' dir='ltr'><strong><em>ιοὲβδόμην,</em></strong></span> <span class='ocrx_word' id='word_1_91' title='bbox 364 820 637 875; x_wconf 83' lang='grc' dir='ltr'><strong><em>διηγούμενος</em></strong></span> <span class='ocrx_word' id='word_1_92' title='bbox 664 814 855 874; x_wconf 74' lang='grc' dir='ltr'><strong><em>εὕρηται.</em></strong></span> <span class='ocrx_word' id='word_1_93' title='bbox 891 817 971 874; x_wconf 85' lang='grc' dir='ltr'><strong>πρὸ</strong></span> <span class='ocrx_word' id='word_1_94' title='bbox 999 820 1073 862; x_wconf 81' lang='grc' dir='ltr'><strong><em>τοῦ</em></strong></span> <span class='ocrx_word' id='word_1_95' title='bbox 1103 819 1242 874; x_wconf 78' lang='grc' dir='ltr'><strong>Ἀδὰμ</strong></span> <span class='ocrx_word' id='word_1_96' title='bbox 1271 822 1418 866; x_wconf 84' lang='grc' dir='ltr'><strong><em>λοιπόν</em></strong></span> <span class='ocrx_word' id='word_1_97' title='bbox 1451 823 1471 866; x_wconf 84' lang='grc' dir='ltr'><em>ὃ</em></span> <span class='ocrx_word' id='word_1_98' title='bbox 1501 843 1584 868; x_wconf 85' lang='grc' dir='ltr'><strong>πα-</strong></span> 
     </span>
     <span class='ocr_line' id='line_1_12' title="bbox 121 881 1582 949; baseline 0.002 -21"><span class='ocrx_word' id='word_1_99' title='bbox 121 887 328 942; x_wconf 79' lang='grc' dir='ltr'><strong><em>ραδεισος.</em></strong></span> <span class='ocrx_word' id='word_1_100' title='bbox 386 887 460 927; x_wconf 77' lang='grc' dir='ltr'>καί</span> <span class='ocrx_word' id='word_1_101' title='bbox 485 881 613 926; x_wconf 72' lang='grc' dir='ltr'><strong><em>ἄκουε</em></strong></span> <span class='ocrx_word' id='word_1_102' title='bbox 641 887 687 926; x_wconf 84' lang='grc' dir='ltr'><strong>τί</strong></span> <span class='ocrx_word' id='word_1_103' title='bbox 714 901 842 941; x_wconf 83' lang='grc' dir='ltr'><strong><em>φησιν</em></strong></span> <span class='ocrx_word' id='word_1_104' title='bbox 874 882 895 926; x_wconf 81' lang='grc' dir='ltr'><em>ὃ</em></span> <span class='ocrx_word' id='word_1_105' title='bbox 927 885 1209 942; x_wconf 85' lang='grc' dir='ltr'><strong><em>Δαμασκηνὸς</em></strong></span> <span class='ocrx_word' id='word_1_106' title='bbox 1233 886 1425 945; x_wconf 79' lang='grc' dir='ltr'><em>Ἰωάννης</em></span> <span class='ocrx_word' id='word_1_107' title='bbox 1451 891 1496 932; x_wconf 72' lang='grc' dir='ltr'><strong><em>ἐν</em></strong></span> <span class='ocrx_word' id='word_1_108' title='bbox 1524 888 1582 949; x_wconf 68' lang='grc' dir='ltr'><strong>τῷ</strong></span> 
     </span>
     <span class='ocr_line' id='line_1_13' title="bbox 121 951 1679 1015; baseline 0.004 -21"><span class='ocrx_word' id='word_1_109' title='bbox 121 951 222 1008; x_wconf 72' lang='grc' dir='ltr'><strong><em>περὶ</em></strong></span> <span class='ocrx_word' id='word_1_110' title='bbox 246 951 508 1007; x_wconf 71' lang='grc' dir='ltr'><strong><em>παραδείσου</em></strong></span> <span class='ocrx_word' id='word_1_111' title='bbox 549 952 765 1010; x_wconf 78' lang='grc' dir='ltr'><strong><em>κεφαλαίῳ</em></strong></span> <span class='ocrx_word' id='word_1_112' title='bbox 792 953 940 995; x_wconf 63' lang='grc' dir='ltr'><strong><em>αὐτοῦ.</em></strong></span> <span class='ocrx_word' id='word_1_113' title='bbox 1007 952 1129 1006; x_wconf 55' lang='lat' dir='ltr'><strong>„enei</strong></span> <span class='ocrx_word' id='word_1_114' title='bbox 1159 955 1206 995; x_wconf 81' lang='grc' dir='ltr'><strong>δὲ</strong></span> <span class='ocrx_word' id='word_1_115' title='bbox 1235 952 1404 1007; x_wconf 57' lang='grc' dir='ltr'><strong><em>ἐξιιελλεν</em></strong></span> <span class='ocrx_word' id='word_1_116' title='bbox 1435 955 1455 998; x_wconf 84' lang='grc' dir='ltr'><em>ὃ</em></span> <span class='ocrx_word' id='word_1_117' title='bbox 1485 956 1581 1008; x_wconf 76' lang='grc' dir='ltr'><strong><em>θεὸς</em></strong></span> <span class='ocrx_word' id='word_1_118' title='bbox 1593 970 1679 1015; x_wconf 78' lang='lat' dir='ltr'><strong>P.G7</strong></span> 
     </span>
     <span class='ocr_line' id='line_1_14' title="bbox 121 1016 1579 1079; baseline 0.003 -17"><span class='ocrx_word' id='word_1_119' title='bbox 121 1021 166 1070; x_wconf 79' lang='grc' dir='ltr'><strong>ἐξ</strong></span> <span class='ocrx_word' id='word_1_120' title='bbox 193 1018 375 1075; x_wconf 85' lang='grc' dir='ltr'><strong><em>αόράτου</em></strong></span> <span class='ocrx_word' id='word_1_121' title='bbox 407 1034 453 1061; x_wconf 83' lang='grc' dir='ltr'><strong>τε</strong></span> <span class='ocrx_word' id='word_1_122' title='bbox 481 1021 555 1061; x_wconf 83' lang='grc' dir='ltr'><em>καί</em></span> <span class='ocrx_word' id='word_1_123' title='bbox 581 1016 732 1073; x_wconf 82' lang='grc' dir='ltr'><strong><em>ὁρατῆς</em></strong></span> <span class='ocrx_word' id='word_1_124' title='bbox 774 1018 944 1076; x_wconf 75' lang='grc' dir='ltr'><strong><em>φύσεως</em></strong></span> <span class='ocrx_word' id='word_1_125' title='bbox 972 1023 1276 1074; x_wconf 82' lang='grc' dir='ltr'><strong><em>πλαστουργεΐν</em></strong></span> <span class='ocrx_word' id='word_1_126' title='bbox 1305 1021 1376 1063; x_wconf 86' lang='grc' dir='ltr'><strong><em>τὸν</em></strong></span> <span class='ocrx_word' id='word_1_127' title='bbox 1411 1018 1579 1079; x_wconf 66' lang='grc' dir='ltr'><strong><em>ἅνθρω-</em></strong></span> 
     </span>
     <span class='ocr_line' id='line_1_15' title="bbox 119 1082 1579 1143; baseline 0.003 -15"><span class='ocrx_word' id='word_1_128' title='bbox 119 1101 199 1129; x_wconf 85' lang='grc' dir='ltr'><strong>πον</strong></span> <span class='ocrx_word' id='word_1_129' title='bbox 227 1091 314 1128; x_wconf 77' lang='grc' dir='ltr'><strong><em>κατ’</em></strong></span> <span class='ocrx_word' id='word_1_130' title='bbox 342 1087 498 1129; x_wconf 77' lang='grc' dir='ltr'><strong><em>οἰκείαν</em></strong></span> <span class='ocrx_word' id='word_1_131' title='bbox 526 1082 666 1127; x_wconf 82' lang='grc' dir='ltr'><strong><em>εἰκόνα</em></strong></span> <span class='ocrx_word' id='word_1_132' title='bbox 687 1101 730 1128; x_wconf 86' lang='grc' dir='ltr'><strong>τε</strong></span> <span class='ocrx_word' id='word_1_133' title='bbox 762 1086 834 1127; x_wconf 86' lang='grc' dir='ltr'><em>καί</em></span> <span class='ocrx_word' id='word_1_134' title='bbox 862 1084 1076 1139; x_wconf 84' lang='grc' dir='ltr'><strong><em>ὁμοίωσιν,</em></strong></span> <span class='ocrx_word' id='word_1_135' title='bbox 1108 1082 1248 1142; x_wconf 75' lang='grc' dir='ltr'><strong><em>ὥσπερ</em></strong></span> <span class='ocrx_word' id='word_1_136' title='bbox 1279 1087 1373 1130; x_wconf 73' lang='grc' dir='ltr'><strong><em>τινὰ</em></strong></span> <span class='ocrx_word' id='word_1_137' title='bbox 1401 1091 1579 1143; x_wconf 79' lang='grc' dir='ltr'><strong><em>βασιλέα</em></strong></span> 
     </span>
     <span class='ocr_line' id='line_1_16' title="bbox 61 1147 1580 1211; baseline 0.002 -16"><span class='ocrx_word' id='word_1_138' title='bbox 61 1147 306 1208; x_wconf 73' lang='grc' dir='ltr'><strong><em>ιόἇρχοντα</em></strong></span> <span class='ocrx_word' id='word_1_139' title='bbox 338 1151 476 1207; x_wconf 80' lang='grc' dir='ltr'><em>πάσης</em></span> <span class='ocrx_word' id='word_1_140' title='bbox 504 1153 578 1207; x_wconf 79' lang='grc' dir='ltr'><strong>τῆς</strong></span> <span class='ocrx_word' id='word_1_141' title='bbox 597 1154 672 1206; x_wconf 76' lang='grc' dir='ltr'><strong>γῆς</strong></span> <span class='ocrx_word' id='word_1_142' title='bbox 701 1153 776 1193; x_wconf 83' lang='grc' dir='ltr'><em>καί</em></span> <span class='ocrx_word' id='word_1_143' title='bbox 801 1154 883 1195; x_wconf 81' lang='grc' dir='ltr'><strong><em>τῶν</em></strong></span> <span class='ocrx_word' id='word_1_144' title='bbox 905 1154 950 1194; x_wconf 80' lang='grc' dir='ltr'><strong><em>ἐν</em></strong></span> <span class='ocrx_word' id='word_1_145' title='bbox 980 1148 1111 1209; x_wconf 82' lang='grc' dir='ltr'><strong><em>αὗτῇ,</em></strong></span> <span class='ocrx_word' id='word_1_146' title='bbox 1142 1156 1473 1211; x_wconf 77' lang='grc' dir='ltr'><strong><em>προκαθίστησιν</em></strong></span> <span class='ocrx_word' id='word_1_147' title='bbox 1502 1157 1580 1198; x_wconf 74' lang='grc' dir='ltr'><strong>αὕ-</strong></span> 
     </span>
     <span class='ocr_line' id='line_1_17' title="bbox 121 1215 1580 1277; baseline 0.003 -16"><span class='ocrx_word' id='word_1_148' title='bbox 121 1220 178 1277; x_wconf 75' lang='grc' dir='ltr'><em>τῷ</em></span> <span class='ocrx_word' id='word_1_149' title='bbox 206 1215 294 1262; x_wconf 87' lang='grc' dir='ltr'><strong><em>οἶόν</em></strong></span> <span class='ocrx_word' id='word_1_150' title='bbox 320 1234 360 1262; x_wconf 84' lang='grc' dir='ltr'><strong>τι</strong></span> <span class='ocrx_word' id='word_1_151' title='bbox 386 1220 601 1272; x_wconf 87' lang='grc' dir='ltr'><strong><em>βασίλειον</em></strong></span> <span class='ocrx_word' id='word_1_152' title='bbox 628 1216 702 1260; x_wconf 85' lang='grc' dir='ltr'><strong><em>τόν</em></strong></span> <span class='ocrx_word' id='word_1_153' title='bbox 731 1215 1002 1274; x_wconf 69' lang='grc' dir='ltr'><strong><em>παράδεισον,</em></strong></span> <span class='ocrx_word' id='word_1_154' title='bbox 1033 1216 1089 1269; x_wconf 75' lang='grc' dir='ltr'><strong>ὥς</strong></span> <span class='ocrx_word' id='word_1_155' title='bbox 1110 1221 1304 1262; x_wconf 78' lang='grc' dir='ltr'><strong><em>ἐντεῦθεν</em></strong></span> <span class='ocrx_word' id='word_1_156' title='bbox 1333 1221 1464 1265; x_wconf 76' lang='grc' dir='ltr'><strong><em>αὐτόν</em></strong></span> <span class='ocrx_word' id='word_1_157' title='bbox 1496 1240 1580 1276; x_wconf 85' lang='grc' dir='ltr'><strong>μα-</strong></span> 
     </span>
     <span class='ocr_line' id='line_1_18' title="bbox 121 1282 1578 1345; baseline 0.003 -18"><span class='ocrx_word' id='word_1_158' title='bbox 121 1288 274 1340; x_wconf 87' lang='grc' dir='ltr'><strong><em>καριάν</em></strong></span> <span class='ocrx_word' id='word_1_159' title='bbox 317 1287 392 1327; x_wconf 81' lang='grc' dir='ltr'><strong>καί</strong></span> <span class='ocrx_word' id='word_1_160' title='bbox 427 1285 660 1338; x_wconf 85' lang='grc' dir='ltr'><strong><em>πανολβίαν</em></strong></span> <span class='ocrx_word' id='word_1_161' title='bbox 697 1282 811 1338; x_wconf 78' lang='grc' dir='ltr'><strong><em>ἔχειν</em></strong></span> <span class='ocrx_word' id='word_1_162' title='bbox 845 1283 992 1339; x_wconf 79' lang='grc' dir='ltr'><strong><em>ζωήν.”</em></strong></span> <span class='ocrx_word' id='word_1_163' title='bbox 1062 1285 1247 1341; x_wconf 81' lang='grc' dir='ltr'><strong><em>πρόσεχε</em></strong></span> <span class='ocrx_word' id='word_1_164' title='bbox 1275 1282 1373 1330; x_wconf 73' lang='grc' dir='ltr'><strong><em>οὖν·</em></strong></span> <span class='ocrx_word' id='word_1_165' title='bbox 1434 1289 1578 1345; x_wconf 68' lang='grc' dir='ltr'><strong><em>ἐπειδὴ</em></strong></span> 
     </span>
     <span class='ocr_line' id='line_1_19' title="bbox 120 1349 1579 1410; baseline 0.003 -17"><span class='ocrx_word' id='word_1_166' title='bbox 120 1352 215 1406; x_wconf 81' lang='grc' dir='ltr'><strong><em>γάρ,</em></strong></span> <span class='ocrx_word' id='word_1_167' title='bbox 245 1350 303 1400; x_wconf 72' lang='grc' dir='ltr'><strong>ὥς</strong></span> <span class='ocrx_word' id='word_1_168' title='bbox 332 1349 520 1407; x_wconf 82' lang='grc' dir='ltr'><strong><em>εἴρηται,</em></strong></span> <span class='ocrx_word' id='word_1_169' title='bbox 548 1349 630 1405; x_wconf 83' lang='grc' dir='ltr'><strong>πρὸ</strong></span> <span class='ocrx_word' id='word_1_170' title='bbox 665 1354 743 1393; x_wconf 82' lang='grc' dir='ltr'><strong><em>τοῦ</em></strong></span> <span class='ocrx_word' id='word_1_171' title='bbox 781 1354 1030 1406; x_wconf 70' lang='grc' dir='ltr'><strong><em>πλασθῆναι</em></strong></span> <span class='ocrx_word' id='word_1_172' title='bbox 1057 1351 1128 1395; x_wconf 84' lang='grc' dir='ltr'><strong><em>τὸν</em></strong></span> <span class='ocrx_word' id='word_1_173' title='bbox 1156 1351 1295 1407; x_wconf 71' lang='grc' dir='ltr'><strong>Ἀδάμ</strong></span> <span class='ocrx_word' id='word_1_174' title='bbox 1327 1357 1579 1410; x_wconf 72' lang='grc' dir='ltr'><strong><em>καθίστησιν</em></strong></span> 
     </span>
     <span class='ocr_line' id='line_1_20' title="bbox 121 1413 1578 1480; baseline 0.003 -20"><span class='ocrx_word' id='word_1_175' title='bbox 121 1413 238 1476; x_wconf 49' lang='lat' dir='ltr'><strong>autri}</strong></span> <span class='ocrx_word' id='word_1_176' title='bbox 265 1415 339 1459; x_wconf 84' lang='grc' dir='ltr'><strong><em>τόν</em></strong></span> <span class='ocrx_word' id='word_1_177' title='bbox 368 1416 644 1473; x_wconf 74' lang='grc' dir='ltr'><strong><em>παράδεισον,</em></strong></span> <span class='ocrx_word' id='word_1_178' title='bbox 676 1415 856 1472; x_wconf 73' lang='grc' dir='ltr'><strong><em>εὔδηλον</em></strong></span> <span class='ocrx_word' id='word_1_179' title='bbox 879 1417 1046 1469; x_wconf 79' lang='grc' dir='ltr'><strong><em>πάντως</em></strong></span> <span class='ocrx_word' id='word_1_180' title='bbox 1075 1415 1139 1462; x_wconf 78' lang='grc' dir='ltr'><strong>ὅτι</strong></span> <span class='ocrx_word' id='word_1_181' title='bbox 1168 1421 1212 1462; x_wconf 82' lang='grc' dir='ltr'><strong><em>ἐν</em></strong></span> <span class='ocrx_word' id='word_1_182' title='bbox 1239 1422 1291 1477; x_wconf 82' lang='grc' dir='ltr'><strong>τῇ</strong></span> <span class='ocrx_word' id='word_1_183' title='bbox 1320 1422 1416 1479; x_wconf 74' lang='grc' dir='ltr'><strong><em>ἕκτῃ</em></strong></span> <span class='ocrx_word' id='word_1_184' title='bbox 1443 1419 1578 1480; x_wconf 72' lang='grc' dir='ltr'><strong><em>ἡμέρᾳ</em></strong></span> 
     </span>
     <span class='ocr_line' id='line_1_21' title="bbox 59 1482 1580 1543; baseline 0.004 -18"><span class='ocrx_word' id='word_1_185' title='bbox 59 1482 195 1530; x_wconf 64' lang='lat' dir='ltr'><strong>mnae*</strong></span> <span class='ocrx_word' id='word_1_186' title='bbox 230 1484 379 1526; x_wconf 79' lang='grc' dir='ltr'><strong><em>τοῦτον</em></strong></span> <span class='ocrx_word' id='word_1_187' title='bbox 420 1484 653 1540; x_wconf 81' lang='grc' dir='ltr'><strong><em>ἐφύτευσεν</em></strong></span> <span class='ocrx_word' id='word_1_188' title='bbox 693 1483 715 1525; x_wconf 83' lang='grc' dir='ltr'>ὅ</span> <span class='ocrx_word' id='word_1_189' title='bbox 756 1482 877 1537; x_wconf 75' lang='grc' dir='ltr'><strong><em>θεός,</em></strong></span> <span class='ocrx_word' id='word_1_190' title='bbox 917 1483 1000 1539; x_wconf 82' lang='grc' dir='ltr'><strong><em>εἴγε</em></strong></span> <span class='ocrx_word' id='word_1_191' title='bbox 1039 1486 1113 1527; x_wconf 85' lang='grc' dir='ltr'><em>καί</em></span> <span class='ocrx_word' id='word_1_192' title='bbox 1155 1489 1314 1539; x_wconf 79' lang='grc' dir='ltr'><strong><em>μᾶλλον</em></strong></span> <span class='ocrx_word' id='word_1_193' title='bbox 1348 1485 1449 1543; x_wconf 76' lang='grc' dir='ltr'><strong><em>ἔστη</em></strong></span> <span class='ocrx_word' id='word_1_194' title='bbox 1476 1488 1580 1541; x_wconf 80' lang='grc' dir='ltr'><strong><em>μετὰ</em></strong></span> 
     </span>
     <span class='ocr_line' id='line_1_22' title="bbox 122 1545 1581 1609; baseline 0.003 -16"><span class='ocrx_word' id='word_1_195' title='bbox 122 1548 196 1606; x_wconf 68' lang='grc' dir='ltr'><strong><em>τὴν</em></strong></span> <span class='ocrx_word' id='word_1_196' title='bbox 231 1545 416 1606; x_wconf 70' lang='grc' dir='ltr'><strong><em>ἑβδόμην</em></strong></span> <span class='ocrx_word' id='word_1_197' title='bbox 454 1553 533 1592; x_wconf 81' lang='grc' dir='ltr'><strong><em>τοῦ</em></strong></span> <span class='ocrx_word' id='word_1_198' title='bbox 575 1552 867 1606; x_wconf 80' lang='grc' dir='ltr'><strong><em>δημιουργεῖν,</em></strong></span> <span class='ocrx_word' id='word_1_199' title='bbox 910 1549 966 1602; x_wconf 74' lang='grc' dir='ltr'><strong>ὥς</strong></span> <span class='ocrx_word' id='word_1_200' title='bbox 995 1550 1018 1593; x_wconf 80' lang='grc' dir='ltr'>ὅ</span> <span class='ocrx_word' id='word_1_201' title='bbox 1053 1554 1243 1609; x_wconf 79' lang='grc' dir='ltr'><strong><em>χρυσοῦς</em></strong></span> <span class='ocrx_word' id='word_1_202' title='bbox 1282 1551 1360 1608; x_wconf 73' lang='grc' dir='ltr'><strong><em>τήν</em></strong></span> <span class='ocrx_word' id='word_1_203' title='bbox 1397 1555 1581 1609; x_wconf 75' lang='grc' dir='ltr'><strong><em>γλῶττάν</em></strong></span> 
     </span>
     <span class='ocr_line' id='line_1_23' title="bbox 123 1632 246 1673; baseline 0 -15"><span class='ocrx_word' id='word_1_204' title='bbox 123 1632 246 1673; x_wconf 85' lang='grc' dir='ltr'><strong><em>φησι.</em></strong></span> 
     </span>
    </p>
   </div>
   <div class='ocr_carea' id='block_1_3' title="bbox 98 1819 1606 2766">
    <p class='ocr_par' dir='ltr' id='par_1_3' title="bbox 98 1819 1606 2766">
     <span class='ocr_line' id='line_1_24' title="bbox 124 1819 1579 1872; baseline 0.005 -17"><span class='ocrx_word' id='word_1_205' title='bbox 124 1821 317 1856; x_wconf 80' lang='lat' dir='ltr'><strong>sententia.</strong></span> <span class='ocrx_word' id='word_1_206' title='bbox 364 1819 542 1854; x_wconf 87' lang='lat' dir='ltr'><strong>Iohannes</strong></span> <span class='ocrx_word' id='word_1_207' title='bbox 567 1821 839 1865; x_wconf 81' lang='lat' dir='ltr'><strong>Chrysostomus</strong></span> <span class='ocrx_word' id='word_1_208' title='bbox 867 1823 1067 1858; x_wconf 84' lang='lat' dir='ltr'><strong>audiendus</strong></span> <span class='ocrx_word' id='word_1_209' title='bbox 1092 1830 1146 1858; x_wconf 88' lang='lat' dir='ltr'><strong>est</strong></span> <span class='ocrx_word' id='word_1_210' title='bbox 1172 1826 1262 1866; x_wconf 84' lang='lat' dir='ltr'><strong>tibi,</strong></span> <span class='ocrx_word' id='word_1_211' title='bbox 1299 1827 1361 1872; x_wconf 87' lang='lat' dir='ltr'><strong>qui</strong></span> <span class='ocrx_word' id='word_1_212' title='bbox 1384 1828 1419 1861; x_wconf 90' lang='lat' dir='ltr'><strong>in</strong></span> <span class='ocrx_word' id='word_1_213' title='bbox 1445 1829 1579 1862; x_wconf 83' lang='lat' dir='ltr'><strong>oratio-</strong></span> 
     </span>
     <span class='ocr_line' id='line_1_25' title="bbox 123 1868 1582 1919; baseline 0.003 -16"><span class='ocrx_word' id='word_1_214' title='bbox 123 1881 171 1903; x_wconf 89' lang='lat' dir='ltr'><strong>ne</strong></span> <span class='ocrx_word' id='word_1_215' title='bbox 199 1869 244 1902; x_wconf 89' lang='lat' dir='ltr'><strong>de</strong></span> <span class='ocrx_word' id='word_1_216' title='bbox 288 1878 350 1902; x_wconf 82' lang='lat' dir='ltr'><strong>sex</strong></span> <span class='ocrx_word' id='word_1_217' title='bbox 391 1868 532 1902; x_wconf 88' lang='lat' dir='ltr'><strong>dierum</strong></span> <span class='ocrx_word' id='word_1_218' title='bbox 576 1869 745 1914; x_wconf 88' lang='lat' dir='ltr'><strong>operibus</strong></span> <span class='ocrx_word' id='word_1_219' title='bbox 778 1869 844 1902; x_wconf 83' lang='lat' dir='ltr'><strong>XII</strong></span> <span class='ocrx_word' id='word_1_220' title='bbox 880 1870 971 1904; x_wconf 88' lang='lat' dir='ltr'><strong>dicit</strong></span> <span class='ocrx_word' id='word_1_221' title='bbox 998 1872 1134 1904; x_wconf 91' lang='lat' dir='ltr'><strong>Mosem</strong></span> <span class='ocrx_word' id='word_1_222' title='bbox 1174 1883 1320 1914; x_wconf 90' lang='lat' dir='ltr'><strong>eorum,</strong></span> <span class='ocrx_word' id='word_1_223' title='bbox 1354 1885 1446 1919; x_wconf 86' lang='lat' dir='ltr'><strong>quae</strong></span> <span class='ocrx_word' id='word_1_224' title='bbox 1472 1881 1582 1909; x_wconf 83' lang='lat' dir='ltr'><strong>antea</strong></span> 
     </span>
     <span class='ocr_line' id='line_1_26' title="bbox 124 1916 1579 1967; baseline 0.003 -16"><span class='ocrx_word' id='word_1_225' title='bbox 124 1922 454 1957; x_wconf 79' lang='lat' dir='ltr'><strong>commemorasset,</strong></span> <span class='ocrx_word' id='word_1_226' title='bbox 481 1928 653 1950; x_wconf 87' lang='lat' dir='ltr'><strong>summam</strong></span> <span class='ocrx_word' id='word_1_227' title='bbox 678 1916 848 1950; x_wconf 87' lang='lat' dir='ltr'><strong>brevibus</strong></span> <span class='ocrx_word' id='word_1_228' title='bbox 875 1917 1009 1951; x_wconf 85' lang='lat' dir='ltr'><strong>deinde</strong></span> <span class='ocrx_word' id='word_1_229' title='bbox 1030 1918 1350 1964; x_wconf 86' lang='lat' dir='ltr'><strong>complectentem,</strong></span> <span class='ocrx_word' id='word_1_230' title='bbox 1379 1922 1579 1967; x_wconf 86' lang='lat' dir='ltr'><strong>simplicio-</strong></span> 
     </span>
     <span class='ocr_line' id='line_1_27' title="bbox 123 1964 1578 2013; baseline 0.004 -15"><span class='ocrx_word' id='word_1_231' title='bbox 123 1965 222 1998; x_wconf 81' lang='lat' dir='ltr'>ribus</span> <span class='ocrx_word' id='word_1_232' title='bbox 247 1964 470 1997; x_wconf 86' lang='lat' dir='ltr'><strong>occasionem</strong></span> <span class='ocrx_word' id='word_1_233' title='bbox 495 1964 704 2009; x_wconf 81' lang='lat' dir='ltr'><strong>praebuisse</strong></span> <span class='ocrx_word' id='word_1_234' title='bbox 729 1969 769 1997; x_wconf 88' lang='lat' dir='ltr'><strong>ut</strong></span> <span class='ocrx_word' id='word_1_235' title='bbox 804 1964 1014 1998; x_wconf 86' lang='lat' dir='ltr'><strong>huiusmodi</strong></span> <span class='ocrx_word' id='word_1_236' title='bbox 1048 1967 1258 2011; x_wconf 87' lang='lat' dir='ltr'><strong>opinionem</strong></span> <span class='ocrx_word' id='word_1_237' title='bbox 1284 1968 1485 2013; x_wconf 81' lang='lat' dir='ltr'><strong>arriperent</strong></span> <span class='ocrx_word' id='word_1_238' title='bbox 1523 1976 1578 2004; x_wconf 83' lang='lat' dir='ltr'><strong>at-</strong></span> 
     </span>
     <span class='ocr_line' id='line_1_28' title="bbox 98 2008 1578 2062; baseline 0.004 -17"><span class='ocrx_word' id='word_1_239' title='bbox 98 2008 195 2058; x_wconf 39' lang='lat' dir='ltr'><strong>⁷que</strong></span> <span class='ocrx_word' id='word_1_240' title='bbox 232 2011 445 2057; x_wconf 84' lang='lat' dir='ltr'><strong>proferrent.</strong></span> <span class='ocrx_word' id='word_1_241' title='bbox 480 2023 561 2044; x_wconf 88' lang='lat' dir='ltr'><strong>uam</strong></span> <span class='ocrx_word' id='word_1_242' title='bbox 602 2012 832 2056; x_wconf 82' lang='lat' dir='ltr'><strong>caeteroqui,</strong></span> <span class='ocrx_word' id='word_1_243' title='bbox 873 2012 903 2044; x_wconf 85' lang='lat' dir='ltr'><strong>si</strong></span> <span class='ocrx_word' id='word_1_244' title='bbox 935 2018 1017 2057; x_wconf 85' lang='lat' dir='ltr'><strong>post</strong></span> <span class='ocrx_word' id='word_1_245' title='bbox 1055 2013 1150 2046; x_wconf 86' lang='lat' dir='ltr'><strong>diem</strong></span> <span class='ocrx_word' id='word_1_246' title='bbox 1186 2015 1401 2060; x_wconf 86' lang='lat' dir='ltr'><strong>septimum,</strong></span> <span class='ocrx_word' id='word_1_247' title='bbox 1446 2022 1487 2050; x_wconf 88' lang='lat' dir='ltr'><strong>ut</strong></span> <span class='ocrx_word' id='word_1_248' title='bbox 1510 2018 1578 2062; x_wconf 87' lang='lat' dir='ltr'><strong>ipsi</strong></span> 
     </span>
     <span class='ocr_line' id='line_1_29' title="bbox 122 2058 1578 2104; baseline 0.003 -10"><span class='ocrx_word' id='word_1_249' title='bbox 122 2060 275 2102; x_wconf 82' lang='lat' dir='ltr'><strong>volunt,</strong></span> <span class='ocrx_word' id='word_1_250' title='bbox 308 2058 494 2104; x_wconf 82' lang='lat' dir='ltr'><strong>paradisus</strong></span> <span class='ocrx_word' id='word_1_251' title='bbox 532 2064 587 2092; x_wconf 88' lang='lat' dir='ltr'><strong>est</strong></span> <span class='ocrx_word' id='word_1_252' title='bbox 623 2058 811 2101; x_wconf 80' lang='lat' dir='ltr'><strong>conditus,</strong></span> <span class='ocrx_word' id='word_1_253' title='bbox 845 2060 991 2092; x_wconf 83' lang='lat' dir='ltr'><strong>omnino</strong></span> <span class='ocrx_word' id='word_1_254' title='bbox 1024 2059 1185 2094; x_wconf 84' lang='lat' dir='ltr'><strong>dicamus</strong></span> <span class='ocrx_word' id='word_1_255' title='bbox 1214 2073 1360 2096; x_wconf 85' lang='lat' dir='ltr'><strong>necesse</strong></span> <span class='ocrx_word' id='word_1_256' title='bbox 1391 2069 1446 2097; x_wconf 83' lang='lat' dir='ltr'><strong>est</strong></span> <span class='ocrx_word' id='word_1_257' title='bbox 1467 2066 1578 2098; x_wconf 87' lang='lat' dir='ltr'><strong>etiam</strong></span> 
     </span>
     <span class='ocr_line' id='line_1_30' title="bbox 123 2106 1606 2154; baseline 0.003 -13"><span class='ocrx_word' id='word_1_258' title='bbox 123 2107 253 2141; x_wconf 82' lang='lat' dir='ltr'><strong>Adami</strong></span> <span class='ocrx_word' id='word_1_259' title='bbox 281 2106 326 2140; x_wconf 89' lang='lat' dir='ltr'><strong>de</strong></span> <span class='ocrx_word' id='word_1_260' title='bbox 353 2107 501 2152; x_wconf 86' lang='lat' dir='ltr'><strong>pulvere</strong></span> <span class='ocrx_word' id='word_1_261' title='bbox 531 2107 805 2148; x_wconf 86' lang='lat' dir='ltr'><strong>formationem,</strong></span> <span class='ocrx_word' id='word_1_262' title='bbox 831 2106 991 2152; x_wconf 82' lang='lat' dir='ltr'><strong>itemque</strong></span> <span class='ocrx_word' id='word_1_263' title='bbox 1016 2114 1227 2142; x_wconf 77' lang='lat' dir='ltr'><strong>structuram</strong></span> <span class='ocrx_word' id='word_1_264' title='bbox 1257 2110 1352 2143; x_wconf 89' lang='lat' dir='ltr'><strong>Evae</strong></span> <span class='ocrx_word' id='word_1_265' title='bbox 1379 2111 1423 2144; x_wconf 88' lang='lat' dir='ltr'><strong>de</strong></span> <span class='ocrx_word' id='word_1_266' title='bbox 1449 2112 1576 2145; x_wconf 86' lang='lat' dir='ltr'><strong>Adami</strong></span> <span class='ocrx_word' id='word_1_267' title='bbox 1598 2146 1606 2154; x_wconf 67' lang='grc'>,</span> 
     </span>
     <span class='ocr_line' id='line_1_31' title="bbox 124 2153 1576 2203; baseline 0.003 -15"><span class='ocrx_word' id='word_1_268' title='bbox 124 2161 243 2195; x_wconf 87' lang='lat' dir='ltr'><strong>costa,</strong></span> <span class='ocrx_word' id='word_1_269' title='bbox 281 2160 364 2199; x_wconf 85' lang='lat' dir='ltr'><strong>post</strong></span> <span class='ocrx_word' id='word_1_270' title='bbox 404 2153 560 2187; x_wconf 88' lang='lat' dir='ltr'><strong>eundem</strong></span> <span class='ocrx_word' id='word_1_271' title='bbox 598 2155 790 2200; x_wconf 87' lang='lat' dir='ltr'><strong>septimum</strong></span> <span class='ocrx_word' id='word_1_272' title='bbox 832 2153 927 2187; x_wconf 88' lang='lat' dir='ltr'><strong>diem</strong></span> <span class='ocrx_word' id='word_1_273' title='bbox 968 2155 1119 2199; x_wconf 88' lang='lat' dir='ltr'><strong>primum</strong></span> <span class='ocrx_word' id='word_1_274' title='bbox 1162 2156 1301 2190; x_wconf 86' lang='lat' dir='ltr'><strong>factam.</strong></span> <span class='ocrx_word' id='word_1_275' title='bbox 1341 2159 1576 2203; x_wconf 87' lang='lat' dir='ltr'><strong>quamobrem</strong></span> 
     </span>
     <span class='ocr_line' id='line_1_32' title="bbox 122 2201 1578 2252; baseline 0.003 -17"><span class='ocrx_word' id='word_1_276' title='bbox 122 2202 245 2237; x_wconf 82' lang='lat' dir='ltr'><strong>istuc?</strong></span> <span class='ocrx_word' id='word_1_277' title='bbox 273 2202 358 2247; x_wconf 86' lang='lat' dir='ltr'><strong>quia</strong></span> <span class='ocrx_word' id='word_1_278' title='bbox 383 2201 501 2235; x_wconf 89' lang='lat' dir='ltr'><strong>Moses</strong></span> <span class='ocrx_word' id='word_1_279' title='bbox 530 2201 622 2234; x_wconf 79' lang='lat' dir='ltr'><strong>hanc</strong></span> <span class='ocrx_word' id='word_1_280' title='bbox 658 2212 803 2247; x_wconf 86' lang='lat' dir='ltr'><strong>quoque</strong></span> <span class='ocrx_word' id='word_1_281' title='bbox 842 2203 1047 2246; x_wconf 82' lang='lat' dir='ltr'><strong>posterius,</strong></span> <span class='ocrx_word' id='word_1_282' title='bbox 1075 2203 1115 2237; x_wconf 88' lang='lat' dir='ltr'><strong>id</strong></span> <span class='ocrx_word' id='word_1_283' title='bbox 1145 2209 1199 2237; x_wconf 85' lang='lat' dir='ltr'><strong>est</strong></span> <span class='ocrx_word' id='word_1_284' title='bbox 1222 2211 1306 2249; x_wconf 90' lang='lat' dir='ltr'><strong>post</strong></span> <span class='ocrx_word' id='word_1_285' title='bbox 1342 2205 1438 2239; x_wconf 89' lang='lat' dir='ltr'><strong>diem</strong></span> <span class='ocrx_word' id='word_1_286' title='bbox 1465 2209 1578 2252; x_wconf 85' lang='lat' dir='ltr'><strong>septi—</strong></span> 
     </span>
     <span class='ocr_line' id='line_1_33' title="bbox 123 2249 1577 2295; baseline 0.005 -14"><span class='ocrx_word' id='word_1_287' title='bbox 123 2261 239 2290; x_wconf 86' lang='lat' dir='ltr'><strong>mum,</strong></span> <span class='ocrx_word' id='word_1_288' title='bbox 268 2253 399 2282; x_wconf 87' lang='lat' dir='ltr'><strong>narrat.</strong></span> <span class='ocrx_word' id='word_1_289' title='bbox 428 2249 582 2295; x_wconf 86' lang='lat' dir='ltr'><strong>proinde</strong></span> <span class='ocrx_word' id='word_1_290' title='bbox 618 2249 798 2294; x_wconf 83' lang='lat' dir='ltr'><strong>reliquum</strong></span> <span class='ocrx_word' id='word_1_291' title='bbox 832 2254 886 2282; x_wconf 92' lang='lat' dir='ltr'><strong>est</strong></span> <span class='ocrx_word' id='word_1_292' title='bbox 919 2249 1123 2294; x_wconf 83' lang='lat' dir='ltr'><strong>paradisum</strong></span> <span class='ocrx_word' id='word_1_293' title='bbox 1159 2257 1243 2285; x_wconf 82' lang='lat' dir='ltr'><strong>ante</strong></span> <span class='ocrx_word' id='word_1_294' title='bbox 1275 2252 1452 2287; x_wconf 82' lang='lat' dir='ltr'><strong>Adamum</strong></span> <span class='ocrx_word' id='word_1_295' title='bbox 1498 2266 1577 2288; x_wconf 85' lang='lat' dir='ltr'><strong>esse</strong></span> 
     </span>
     <span class='ocr_line' id='line_1_34' title="bbox 124 2296 1576 2347; baseline 0.003 -17"><span class='ocrx_word' id='word_1_296' title='bbox 124 2297 320 2330; x_wconf 81' lang='lat' dir='ltr'><strong>conditum.</strong></span> <span class='ocrx_word' id='word_1_297' title='bbox 362 2301 398 2330; x_wconf 84' lang='lat' dir='ltr'><strong>et</strong></span> <span class='ocrx_word' id='word_1_298' title='bbox 441 2296 549 2338; x_wconf 82' lang='lat' dir='ltr'><strong>audi,</strong></span> <span class='ocrx_word' id='word_1_299' title='bbox 579 2297 728 2330; x_wconf 90' lang='lat' dir='ltr'><strong>obsecro</strong></span> <span class='ocrx_word' id='word_1_300' title='bbox 747 2323 756 2338; x_wconf 86' lang='lat'>‚</span> <span class='ocrx_word' id='word_1_301' title='bbox 794 2297 882 2343; x_wconf 86' lang='lat' dir='ltr'><strong>quid</strong></span> <span class='ocrx_word' id='word_1_302' title='bbox 915 2297 1094 2332; x_wconf 87' lang='lat' dir='ltr'><strong>Iohannes</strong></span> <span class='ocrx_word' id='word_1_303' title='bbox 1122 2299 1363 2334; x_wconf 86' lang='lat' dir='ltr'><strong>Damascenus</strong></span> <span class='ocrx_word' id='word_1_304' title='bbox 1395 2301 1434 2334; x_wconf 87' lang='lat' dir='ltr'><strong>in</strong></span> <span class='ocrx_word' id='word_1_305' title='bbox 1458 2303 1576 2347; x_wconf 85' lang='lat' dir='ltr'><strong>capite</strong></span> 
     </span>
     <span class='ocr_line' id='line_1_35' title="bbox 125 2343 1577 2392; baseline 0.004 -16"><span class='ocrx_word' id='word_1_306' title='bbox 125 2344 221 2390; x_wconf 86' lang='lat' dir='ltr'><strong>quod</strong></span> <span class='ocrx_word' id='word_1_307' title='bbox 246 2343 290 2378; x_wconf 87' lang='lat' dir='ltr'><strong>de</strong></span> <span class='ocrx_word' id='word_1_308' title='bbox 315 2343 482 2388; x_wconf 84' lang='lat' dir='ltr'><strong>paradiso</strong></span> <span class='ocrx_word' id='word_1_309' title='bbox 500 2345 665 2389; x_wconf 87' lang='lat' dir='ltr'><strong>incripsit</strong></span> <span class='ocrx_word' id='word_1_310' title='bbox 690 2344 795 2378; x_wconf 88' lang='lat' dir='ltr'><strong>dicat.</strong></span> <span class='ocrx_word' id='word_1_311' title='bbox 825 2344 911 2390; x_wconf 89' lang='lat' dir='ltr'><strong>quia</strong></span> <span class='ocrx_word' id='word_1_312' title='bbox 937 2343 1042 2388; x_wconf 87' lang='lat' dir='ltr'><strong>deus,</strong></span> <span class='ocrx_word' id='word_1_313' title='bbox 1066 2346 1207 2392; x_wconf 85' lang='lat' dir='ltr'><strong>inquit,</strong></span> <span class='ocrx_word' id='word_1_314' title='bbox 1230 2346 1412 2381; x_wconf 90' lang='lat' dir='ltr'><strong>hominem</strong></span> <span class='ocrx_word' id='word_1_315' title='bbox 1436 2360 1480 2382; x_wconf 83' lang='lat' dir='ltr'><strong>ex</strong></span> <span class='ocrx_word' id='word_1_316' title='bbox 1510 2361 1577 2382; x_wconf 85' lang='lat' dir='ltr'><strong>na-</strong></span> 
     </span>
     <span class='ocr_line' id='line_1_36' title="bbox 124 2388 1576 2441; baseline 0.002 -16"><span class='ocrx_word' id='word_1_317' title='bbox 124 2396 204 2425; x_wconf 83' lang='lat' dir='ltr'><strong>tura</strong></span> <span class='ocrx_word' id='word_1_318' title='bbox 231 2391 363 2437; x_wconf 86' lang='lat' dir='ltr'><strong>partim</strong></span> <span class='ocrx_word' id='word_1_319' title='bbox 378 2388 666 2437; x_wconf 76' lang='lat' dir='ltr'><strong>&#39;inadspectahili</strong></span> <span class='ocrx_word' id='word_1_320' title='bbox 694 2393 822 2436; x_wconf 85' lang='lat' dir='ltr'><strong>partim</strong></span> <span class='ocrx_word' id='word_1_321' title='bbox 848 2391 1086 2437; x_wconf 82' lang='lat' dir='ltr'><strong>adspectabili</strong></span> <span class='ocrx_word' id='word_1_322' title='bbox 1108 2399 1290 2428; x_wconf 86' lang='lat' dir='ltr'><strong>creaturus</strong></span> <span class='ocrx_word' id='word_1_323' title='bbox 1313 2395 1359 2428; x_wconf 87' lang='lat' dir='ltr'><strong>ad</strong></span> <span class='ocrx_word' id='word_1_324' title='bbox 1383 2397 1576 2441; x_wconf 82' lang='lat' dir='ltr'><strong>imaginem</strong></span> 
     </span>
     <span class='ocr_line' id='line_1_37' title="bbox 125 2438 1575 2488; baseline 0.003 -17"><span class='ocrx_word' id='word_1_325' title='bbox 125 2438 471 2484; x_wconf 83' lang='lat' dir='ltr'><strong>similitudinemque</strong></span> <span class='ocrx_word' id='word_1_326' title='bbox 496 2451 596 2473; x_wconf 87' lang='lat' dir='ltr'><strong>suam</strong></span> <span class='ocrx_word' id='word_1_327' title='bbox 624 2445 719 2480; x_wconf 80' lang='lat' dir='ltr'><strong>erat,</strong></span> <span class='ocrx_word' id='word_1_328' title='bbox 746 2440 848 2484; x_wconf 83' lang='lat' dir='ltr'><strong>quasi</strong></span> <span class='ocrx_word' id='word_1_329' title='bbox 875 2439 1054 2485; x_wconf 88' lang='lat' dir='ltr'><strong>quendam</strong></span> <span class='ocrx_word' id='word_1_330' title='bbox 1081 2453 1200 2487; x_wconf 87' lang='lat' dir='ltr'><strong>regem</strong></span> <span class='ocrx_word' id='word_1_331' title='bbox 1241 2448 1350 2487; x_wconf 87' lang='lat' dir='ltr'><strong>atque</strong></span> <span class='ocrx_word' id='word_1_332' title='bbox 1374 2444 1575 2488; x_wconf 83' lang='lat' dir='ltr'><strong>principem</strong></span> 
     </span>
     <span class='ocr_line' id='line_1_38' title="bbox 126 2486 1576 2535; baseline 0.004 -18"><span class='ocrx_word' id='word_1_333' title='bbox 126 2486 235 2518; x_wconf 84' lang='lat' dir='ltr'><strong>totius</strong></span> <span class='ocrx_word' id='word_1_334' title='bbox 271 2492 387 2520; x_wconf 87' lang='lat' dir='ltr'><strong>terrae</strong></span> <span class='ocrx_word' id='word_1_335' title='bbox 418 2498 458 2519; x_wconf 85' lang='lat' dir='ltr'><strong>ac</strong></span> <span class='ocrx_word' id='word_1_336' title='bbox 484 2498 606 2520; x_wconf 84' lang='lat' dir='ltr'><strong>eorum</strong></span> <span class='ocrx_word' id='word_1_337' title='bbox 631 2498 725 2531; x_wconf 88' lang='lat' dir='ltr'><strong>quae</strong></span> <span class='ocrx_word' id='word_1_338' title='bbox 750 2493 842 2520; x_wconf 83' lang='lat' dir='ltr'><strong>terra</strong></span> <span class='ocrx_word' id='word_1_339' title='bbox 870 2488 1123 2531; x_wconf 78' lang='lat' dir='ltr'><strong>continentur,</strong></span> <span class='ocrx_word' id='word_1_340' title='bbox 1159 2489 1364 2535; x_wconf 83' lang='lat' dir='ltr'><strong>paradisum</strong></span> <span class='ocrx_word' id='word_1_341' title='bbox 1402 2492 1434 2522; x_wconf 90' lang='lat' dir='ltr'><strong>ei</strong></span> <span class='ocrx_word' id='word_1_342' title='bbox 1460 2491 1576 2524; x_wconf 87' lang='lat' dir='ltr'><strong>veluti</strong></span> 
     </span>
     <span class='ocr_line' id='line_1_39' title="bbox 127 2532 1580 2579; baseline 0.004 -15"><span class='ocrx_word' id='word_1_343' title='bbox 127 2532 254 2576; x_wconf 81' lang='lat' dir='ltr'><strong>regiam</strong></span> <span class='ocrx_word' id='word_1_344' title='bbox 279 2533 460 2579; x_wconf 87' lang='lat' dir='ltr'><strong>quandam</strong></span> <span class='ocrx_word' id='word_1_345' title='bbox 490 2535 703 2578; x_wconf 85' lang='lat' dir='ltr'><strong>praestruit,</strong></span> <span class='ocrx_word' id='word_1_346' title='bbox 734 2541 775 2568; x_wconf 88' lang='lat' dir='ltr'><strong>ut</strong></span> <span class='ocrx_word' id='word_1_347' title='bbox 808 2536 844 2567; x_wconf 88' lang='lat' dir='ltr'><strong>in</strong></span> <span class='ocrx_word' id='word_1_348' title='bbox 870 2546 912 2567; x_wconf 89' lang='lat' dir='ltr'><strong>eo</strong></span> <span class='ocrx_word' id='word_1_349' title='bbox 938 2536 1081 2570; x_wconf 84' lang='lat' dir='ltr'><strong>beatam</strong></span> <span class='ocrx_word' id='word_1_350' title='bbox 1110 2548 1150 2569; x_wconf 87' lang='lat' dir='ltr'><strong>ac</strong></span> <span class='ocrx_word' id='word_1_351' title='bbox 1190 2537 1430 2577; x_wconf 72' lang='lat' dir='ltr'><strong>felicissimam</strong></span> <span class='ocrx_word' id='word_1_352' title='bbox 1463 2538 1580 2572; x_wconf 84' lang='lat' dir='ltr'><strong>vitam</strong></span> 
     </span>
     <span class='ocr_line' id='line_1_40' title="bbox 127 2580 1576 2629; baseline 0.006 -19"><span class='ocrx_word' id='word_1_353' title='bbox 127 2585 257 2622; x_wconf 81' lang='lat' dir='ltr'><strong>ageret.</strong></span> <span class='ocrx_word' id='word_1_354' title='bbox 301 2581 427 2626; x_wconf 86' lang='lat' dir='ltr'><strong>itaque</strong></span> <span class='ocrx_word' id='word_1_355' title='bbox 467 2580 555 2615; x_wconf 86' lang='lat' dir='ltr'><strong>licet</strong></span> <span class='ocrx_word' id='word_1_356' title='bbox 595 2581 899 2622; x_wconf 81' lang='lat' dir='ltr'><strong>animadvertere,</strong></span> <span class='ocrx_word' id='word_1_357' title='bbox 939 2583 1038 2629; x_wconf 89' lang='lat' dir='ltr'><strong>quod</strong></span> <span class='ocrx_word' id='word_1_358' title='bbox 1085 2595 1165 2617; x_wconf 89' lang='lat' dir='ltr'><strong>cum</strong></span> <span class='ocrx_word' id='word_1_359' title='bbox 1203 2590 1285 2618; x_wconf 83' lang='lat' dir='ltr'><strong>ante</strong></span> <span class='ocrx_word' id='word_1_360' title='bbox 1322 2585 1576 2618; x_wconf 82' lang='lat' dir='ltr'><strong>formationem</strong></span> 
     </span>
     <span class='ocr_line' id='line_1_41' title="bbox 125 2624 1575 2677; baseline 0.005 -19"><span class='ocrx_word' id='word_1_361' title='bbox 125 2624 253 2659; x_wconf 81' lang='lat' dir='ltr'><strong>Adami</strong></span> <span class='ocrx_word' id='word_1_362' title='bbox 270 2628 472 2671; x_wconf 81' lang='lat' dir='ltr'><strong>paradisum</strong></span> <span class='ocrx_word' id='word_1_363' title='bbox 493 2629 730 2669; x_wconf 80' lang='lat' dir='ltr'><strong>exstruxerit,</strong></span> <span class='ocrx_word' id='word_1_364' title='bbox 763 2630 954 2663; x_wconf 77' lang='lat' dir='ltr'><strong>manifesto</strong></span> <span class='ocrx_word' id='word_1_365' title='bbox 979 2637 1149 2677; x_wconf 84' lang='lat' dir='ltr'><strong>sequatur</strong></span> <span class='ocrx_word' id='word_1_366' title='bbox 1172 2643 1251 2665; x_wconf 84' lang='lat' dir='ltr'><strong>eum</strong></span> <span class='ocrx_word' id='word_1_367' title='bbox 1280 2631 1339 2664; x_wconf 85' lang='lat' dir='ltr'><strong>die</strong></span> <span class='ocrx_word' id='word_1_368' title='bbox 1364 2637 1464 2665; x_wconf 76' lang='lat' dir='ltr'><strong>sexto</strong></span> <span class='ocrx_word' id='word_1_369' title='bbox 1488 2643 1575 2665; x_wconf 88' lang='lat' dir='ltr'><strong>con-</strong></span> 
     </span>
     <span class='ocr_line' id='line_1_42' title="bbox 127 2673 1574 2726; baseline 0.006 -22"><span class='ocrx_word' id='word_1_370' title='bbox 127 2673 235 2706; x_wconf 77' lang='lat' dir='ltr'><strong>situm</strong></span> <span class='ocrx_word' id='word_1_371' title='bbox 261 2685 281 2706; x_wconf 84' lang='lat' dir='ltr'><strong>a</strong></span> <span class='ocrx_word' id='word_1_372' title='bbox 297 2674 366 2708; x_wconf 85' lang='lat' dir='ltr'><strong>deo</strong></span> <span class='ocrx_word' id='word_1_373' title='bbox 392 2675 513 2716; x_wconf 79' lang='lat' dir='ltr'><strong>fuisse,</strong></span> <span class='ocrx_word' id='word_1_374' title='bbox 537 2677 746 2721; x_wconf 83' lang='lat' dir='ltr'><strong>praesertim</strong></span> <span class='ocrx_word' id='word_1_375' title='bbox 772 2689 852 2709; x_wconf 87' lang='lat' dir='ltr'><strong>cum</strong></span> <span class='ocrx_word' id='word_1_376' title='bbox 873 2677 986 2710; x_wconf 84' lang='lat' dir='ltr'><strong>multo</strong></span> <span class='ocrx_word' id='word_1_377' title='bbox 1010 2680 1122 2722; x_wconf 79' lang='lat' dir='ltr'><strong>magis</strong></span> <span class='ocrx_word' id='word_1_378' title='bbox 1149 2691 1167 2711; x_wconf 91' lang='lat' dir='ltr'><strong>a</strong></span> <span class='ocrx_word' id='word_1_379' title='bbox 1184 2679 1336 2725; x_wconf 84' lang='lat' dir='ltr'><strong>septimo</strong></span> <span class='ocrx_word' id='word_1_380' title='bbox 1362 2678 1432 2722; x_wconf 86' lang='lat' dir='ltr'><strong>die,</strong></span> <span class='ocrx_word' id='word_1_381' title='bbox 1450 2690 1574 2726; x_wconf 87' lang='lat' dir='ltr'><strong>quem-</strong></span> 
     </span>
     <span class='ocr_line' id='line_1_43' title="bbox 128 2719 1217 2766; baseline 0.007 -15"><span class='ocrx_word' id='word_1_382' title='bbox 128 2719 318 2754; x_wconf 87' lang='lat' dir='ltr'><strong>admodum</strong></span> <span class='ocrx_word' id='word_1_383' title='bbox 338 2721 434 2755; x_wconf 87' lang='lat' dir='ltr'><strong>idem</strong></span> <span class='ocrx_word' id='word_1_384' title='bbox 459 2728 581 2757; x_wconf 85' lang='lat' dir='ltr'><strong>orator</strong></span> <span class='ocrx_word' id='word_1_385' title='bbox 599 2734 728 2758; x_wconf 82' lang='lat' dir='ltr'><strong>aureus</strong></span> <span class='ocrx_word' id='word_1_386' title='bbox 755 2724 889 2766; x_wconf 78' lang='lat' dir='ltr'><strong>tradit,</strong></span> <span class='ocrx_word' id='word_1_387' title='bbox 914 2735 1031 2759; x_wconf 84' lang='lat' dir='ltr'><strong>creare</strong></span> <span class='ocrx_word' id='word_1_388' title='bbox 1060 2726 1217 2759; x_wconf 77' lang='lat' dir='ltr'><strong>desierit.</strong></span> 
     </span>
    </p>
   </div>
  </div>
 </body>
</html>
