1826 3120
543 118 830 161 ANNALmM
870 119 1006 162 PARS
1054 121 1124 162 iv,
1439 103 1558 177 539·

167 223 170 226 ’
213 216 338 259 Ἀλλὰ
380 220 458 261 καί
491 222 695 262 τελευταῖν
733 217 756 261 ὅ
787 219 996 277 Θεόφιλος
1038 220 1168 276 ἠξίου
1195 219 1300 276 μήτε
1324 220 1400 272 τὰς
1431 221 1556 277 ἁγίας

98 281 259 332 εἰκόνας
297 286 654 341 α”ναστηλωθῆναι
692 287 801 342 μήτε
844 286 918 329 τὸν
946 285 1214 343 πατριάρχην
1254 285 1451 344 Ἰωάννην
1480 289 1556 332 τὸν

97 351 171 391 καί
198 348 330 406 γόητα
358 355 566 394 καθελεῖν.
621 351 727 395 ἀλλὰ
758 352 863 406 μετὰ
900 353 1085 395 θάνατον
1114 355 1276 396 ἐκείνου
1309 358 1554 398 καθελοῦσα

100 418 249 458 τοῦτον
291 417 318 472 ἦ
356 416 559 472 Θεοδώρα
604 417 674 461 τὸν
712 418 824 474 ἱερὸν
864 421 1080 474 ἄντεισῆξε
1114 419 1360 475 Μεθόὸιον,
1403 422 1444 464 εἰ
1485 422 1596 464 καίῦ

65 487 91 527 5
100 481 274 537 γύναιόν
300 500 343 525 τι
385 485 600 540 πορνίὸιον
631 484 670 527 οἱ
705 489 748 536 ἐξ
777 487 964 535 ἐναντίας
992 485 1248 536 ὑπελθόντες
1278 486 1559 542 διαβάλλουσι

99 547 176 591 τὸν
207 549 446 592 Μεθόὃιον»
519 553 654 606 κρίσις
695 547 772 594 οὖν
807 551 878 594 ε’πί
919 551 1081 602 τούτοις
1118 554 1363 609 προβαίνει,
1407 555 1482 596 καί
1506 553 1558 596 τὸ·

98 613 335 670 κράσπεδον
359 613 467 671 ἄρας
499 617 738 671 οἷπογυμνοῖ
758 618 833 674 τὴν
873 620 992 662 αἰδῶ.
1048 619 1074 675 ἦ
1106 621 1153 662 δὲ
1184 615 1236 676 ἦν
1264 623 1558 676 κατεψυγμένη

98 682 232 739 πάντῃ
261 685 335 725 καί
356 686 673 739 μεμαρασμένη.
731 685 805 727 καί
842 684 918 739 τήν
944 687 1082 728 αἰτίαν
1110 686 1336 743 ἐρωτηθείς
1366 689 1419 729 δι’
1453 686 1505 743 ἢν
1533 685 1556 728 ὅ

98 750 300 799 τοσοῦτος
329 752 472 804 γέγονε
501 748 729 805 μαρασμός
746 784 759 804 ,
794 749 934 806 ἔλεγεν
961 749 1027 794 ὅτι
1056 754 1156 794 ποτὲ
1185 752 1291 795 κατὰ
1317 757 1470 808 ’χρείαν
1497 755 1558 803 εἰς

39 812 260 871 ιοῬαὶμην
300 816 495 870 σταλείς,
539 819 706 859 κοῖκεῖσε
733 816 925 872 πύρωσιν
965 818 1118 861 παθών
1151 818 1377 875 σαρκικὴν,
1405 822 1557 873 δέομαι

97 884 183 924 ’τῶν
208 883 414 937 μαθητῶν
440 884 516 925 τοῦ
541 885 746 938 Χριστοῦ.
802 886 871 940 ἐφ’
903 879 939 943 ᾧ
964 886 1040 927 καί
1067 887 1177 926 δοκῶ
1200 887 1288 928 κατ’
1318 881 1420 942 ὄναρ
1452 886 1558 928 ἰδεῖν

96 947 174 992 τόν
215 954 450 1005 κορυφαῖον
478 950 674 1004 Πέτρον,
718 953 791 992 καί
831 946 885 992 οὗ
925 953 996 1006 τῆς
1035 952 1183 1001 αἰδοῦς
1225 951 1445 1005 ἁψαμένου
1470 967 1555 1005 μου

96 1017 183 1070 πῦρ
228 1012 399 1058 ἐδόκουν
445 1014 579 1071 αὐτὴν
619 1014 965 1072 περιβόσκεσθαι.
1052 1015 1189 1060 ἔκτοτε
1231 1014 1308 1060 οὖν
1332 1017 1382 1060 τὰ
1420 1018 1555 1073 μόρια

96 1082 232 1125 ταῦτα
270 1084 541 1138 νενέκρωται,
587 1084 661 1125 καὶ
704 1081 893 1136 πύρωσις
934 1084 1073 1127 ου’κέτι
1111 1100 1186 1138 μοι
1229 1083 1599 1141 παρηνώχλησε.ι)

35 1152 85 1195 ι“5
97 1147 172 1191 καὶ
196 1148 224 1205 ἢ
255 1151 336 1202 μὲν
360 1149 507 1204 πρώτη
535 1148 641 1204 γυνή
672 1147 742 1191 τὸν
765 1147 905 1203 Ἀδάμ
942 1150 1081 1204 ἐξάγει
1108 1153 1185 1193 τοῦ
1211 1151 1500 1207 παραδείσου,
1527 1150 1555 1205 ἦ

98 1217 147 1257 δὲ
171 1213 280 1271 κυρά
311 1215 514 1271 Θεοδώρα
541 1213 701 1270 εἰσάγει
728 1213 800 1258 τὸν
830 1214 1035 1270 ὅμόζυγον
1065 1218 1198 1272 αὐτῆς
1226 1219 1286 1266 εἰς
1315 1215 1390 1259 τὸν
1418 1215 1559 1270 παρά-

96 1283 252 1324 δεισον.
294 1280 354 1332 οὖς
385 1277 462 1324 οὖν
488 1280 613 1335 ἔλαβε
641 1282 932 1339 πληροφορίαν
963 1284 1036 1324 τοῦ
1063 1282 1316 1338 πράγματος,
1347 1287 1560 1340 φιλοφρο-

94 1353 229 1390 νεῖται
256 1347 355 1398 τούς
382 1347 526 1402 ἁγίους
551 1347 722 1398 τούτους
754 1349 963 1404 πατέρας,
1010 1350 1063 1391 δι’
1094 1344 1153 1392 ὧν
1181 1345 1268 1404 ἄρα
1296 1350 1371 1392 καί
1395 1346 1422 1405 ἦ
1449 1347 1557 1405 πρὸς

94 1411 194 1456 θεὸν
219 1415 358 1469 γέγονε
383 1415 536 1470 δέησις.
565 1414 687 1470 ἡνίκα
713 1417 816 1469 γοῦν
844 1413 1119 1471 ἑφιλοφρόνει
1149 1414 1323 1470 αὐτούς,
1352 1432 1551 1471 συμπαρ-

30 1500 82 1527 20
95 1483 144 1537 ἢν
182 1481 255 1523 καί
282 1480 306 1523 ὅ
354 1479 539 1536 γραπτὰς
573 1483 795 1538 Θεοφάνης
826 1481 1021 1531 Νικαίας.
1081 1483 1235 1537 ταύτης
1265 1478 1341 1524 οὖν
1368 1485 1550 1525 ἐνατενι-
1562 1495 1685 1529 v.225

95 1547 248 1604 ζούσης
289 1548 405 1604 αὐτῷ
444 1547 518 1591 καί
553 1548 604 1591 τά
654 1551 859 1602 στίγματα
902 1549 1206 1606 θαυμαζούσης
1241 1548 1354 1605 ἔλεγε
1395 1550 1473 1604 ,,τί
1493 1565 1548 1603 με

187 1760 354 1805 Denique
370 1759 596 1805 Theophilus
620 1761 812 1793 moriturus
838 1760 987 1805 petebat
1006 1765 1045 1793 ut
1063 1761 1236 1804 imagines
1261 1771 1382 1794 sacrae
1409 1773 1548 1795 rursum

93 1819 166 1842 non
207 1808 449 1852 erigerentur,
492 1819 612 1852 neque
654 1807 835 1840 Iohannes
866 1806 1091 1852 patriarcha,
1123 1809 1353 1852 prastigiator
1380 1808 1546 1853 insignis,

72 1856 172 1890 'loco
204 1861 419 1888 moveretur.
451 1865 573 1887 verum
600 1856 675 1898 ipso
711 1855 783 1888 vita
821 1855 967 1896 functo,
995 1853 1188 1887 Theodora
1219 1854 1380 1888 Iohanne
1405 1855 1546 1890 deiecto

91 1909 128 1937 et
155 1902 321 1936 abdicato
361 1907 522 1935 sanctum
556 1903 669 1934 virum
706 1901 933 1935 Methodium
967 1913 1031 1946 pro
1058 1913 1100 1934 eo
1126 1901 1328 1936 substituit.
1357 1908 1434 1936 tum
1461 1916 1545 1938 vero

91 1950 320 1984 meretricula
346 1949 501 1994 quadam
525 1950 721 1982 subornata
745 1949 974 1982 Methodiuin
1009 1948 1200 1982 adversarii
1236 1950 1415 1983 criminati
1440 1957 1545 1994 sunt;

91 2009 185 2044 quae
210 2008 265 2030 res
300 1998 336 2029 in
374 1997 546 2029 iudiciuin
591 2008 669 2029 cum
697 1996 850 2029 deducta
887 1997 1003 2037 foret,
1029 1995 1236 2030 Methodius
1272 1996 1412 2030 fimbria
1434 1999 1545 2032 vestis

90 2045 232 2079 sublata
251 2045 421 2089 genitalia
446 2044 650 2077 denudavit.
675 2055 716 2076 ea
733 2055 878 2089 prorsus
906 2042 1085 2088 frigebant
1110 2049 1145 2077 et
1161 2050 1416 2079 emarcuerant.
1442 2057 1546 2090 roga-

91 2098 150 2127 tus
175 2097 295 2125 autem
333 2103 486 2137 quanam
524 2091 569 2124 de
605 2103 711 2124 causa
744 2097 935 2136 tantopere
965 2091 1082 2124 virilia
1115 2092 1227 2136 ipsius
1268 2092 1544 2135 emarcuissent‚

90 2139 275 2185 respondit
300 2150 337 2171 se
364 2139 559 2184 aliquando
586 2138 741 2184 quadam
767 2138 811 2171 de
840 2150 946 2171 causa
970 2139 1112 2171 Romam
1135 2140 1301 2181 missum,
1328 2146 1365 2174 et
1389 2142 1544 2175 carnalis
1566 2164 1582 2182 ,

89 2186 255 2221 libidinis
279 2185 558 2220 insswmmatione
588 2192 813 2230 correptum,
838 2185 969 2219 Christi
998 2185 1253 2232 discipulorum
1280 2199 1384 2232 opem
1410 2188 1544 2232 implo-

91 2246 203 2276 rasse;
230 2233 387 2278 ideoque
411 2245 477 2288 per
500 2234 659 2288 quietem
686 2233 819 2266 vidisse
836 2244 1013 2266 summum
1041 2234 1144 2267 ilium
1161 2235 1299 2268 Petrum
1326 2236 1542 2280 apostolum,

90 2283 153 2328 qui
177 2280 344 2315 verendis
366 2282 437 2314 suis
459 2281 603 2314 attactis
631 2283 790 2314 effecerit
810 2286 852 2314 ut
870 2281 960 2325 ignis
991 2292 1033 2313 ea
1057 2280 1250 2327 depascere
1275 2282 1469 2315 videretur.
1498 2294 1543 2315 ex

91 2341 135 2362 eo
161 2335 323 2374 tempore
359 2328 519 2361 membra
544 2329 657 2362 istaec
690 2340 753 2361 sua
791 2333 931 2361 mortua
967 2327 1035 2361 sibi
1076 2329 1206 2370 fuisse,
1231 2340 1350 2375 neque
1375 2329 1540 2363 libidinis

89 2377 408 2410 inssammrtionem
445 2375 642 2421 quidquam
674 2376 838 2409 attulisse
876 2375 1075 2409 molestiae.
1109 2383 1290 2410 caeterum
1317 2383 1356 2410 ut
1380 2377 1541 2410 omnium

88 2424 201 2469 prima
225 2423 357 2456 mulier
380 2422 554 2456 Adamum
583 2423 750 2468 paradiso
776 2422 920 2463 eduxit,
946 2423 995 2456 ita
1020 2423 1165 2457 domina
1191 2424 1388 2458 Theodora
1413 2424 1542 2457 coniu-

91 2481 171 2515 gem
196 2482 297 2505 suurn
325 2471 363 2504 in
391 2470 598 2515 paradisum
627 2470 840 2504 introduxit.
867 2481 909 2503 ea
934 2469 980 2503 de
1002 2482 1040 2504 re
1065 2483 1144 2504 cum
1171 2472 1304 2506 certior
1331 2472 1426 2504 facta
1451 2471 1541 2504 fuis-

89 2523 167 2558 set,
195 2517 351 2563 benigne
368 2524 510 2550 sanctos
538 2517 646 2550 hosce
673 2524 792 2562 patres
828 2518 988 2562 excepit,
1014 2519 1076 2564 qui
1110 2520 1218 2552 etiam
1243 2531 1307 2564 pro
1333 2518 1540 2563 'lheopliilo

89 2565 195 2599 deum
232 2566 366 2609 precati
400 2571 493 2598 sunt.
529 2576 607 2597 cum
642 2571 761 2598 autem
802 2565 884 2597 illos
921 2566 1122 2612 exciperet,
1157 2565 1282 2599 aderat
1321 2567 1416 2599 inter
1447 2566 1541 2599 alios

90 2611 333 2658 'lheophanes
366 2613 546 2646 Nicaeuus
578 2612 760 2657 pontifiex,
801 2612 901 2645 cuius
929 2612 1034 2646 faciei
1070 2618 1178 2646 notae
1208 2614 1401 2658 impressae
1425 2619 1540 2648 erant.

87 2660 117 2692 is
147 2660 373 2705 imperatrice
413 2660 539 2694 defixis
573 2660 688 2692 oculis
728 2670 765 2692 se
792 2661 980 2702 intuente,
1020 2672 1060 2693 ac
1084 2667 1188 2695 noras
1212 2661 1399 2704 impressas
1423 2660 1540 2694 admi-

86 2712 186 2743 rante
212 2708 320 2749 „cui-¹
345 2708 462 2754 inquit
488 2714 584 2749 „tam
610 2706 734 2740 crebro
766 2718 822 2740 me
852 2706 1031 2752 adspicis?
1057 2709 1095 2742 in
1120 2707 1232 2741 altera
1266 2708 1338 2741 vita
1362 2719 1442 2742 cum
1463 2719 1539 2742 ma-
