1826 3120
612 131 906 173 ANNALmM‘
934 131 1069 173 PARS
1111 133 1142 171 ι,
1496 128 1514 160 1
1531 107 1612 161 ⁴25*

152 236 279 294 φύσει
306 238 380 279 καί
404 234 449 278 τὸ
483 233 754 284 αὕτεξούσιον
790 232 954 284 πάντως
982 234 1198 288 ἕλιιπέφυκε
1223 230 1390 286 θέλημα
1410 244 1421 254 ·
1478 230 1538 279 εἷς
1563 227 1608 270 τι’

149 304 232 359 γὰρ
270 304 353 356 ἕξει
388 300 432 345 τὸ
467 300 651 356 λογικόν,
695 300 753 357 μὴ
793 301 1071 351 αὕτεξουσίως
1109 298 1376 352 λογιζομένης
1413 293 1489 349 τὴν
1525 296 1604 348 μὲν

150 369 231 426 γὰρ
262 368 447 427 φυσικήν
473 363 608 424 ὄρεξιν
628 369 703 410 καί
727 373 814 416 τοῖς
837 366 1004 421 ἀλόγοις
1035 363 1158 417 ζώοις
1182 364 1203 406 ὅ
1233 361 1490 419 δημιουργὸς
1517 361 1604 403 ἐνέ-

151 451 323 492 σπειρε,
376 434 481 491 πρὸς
508 435 706 476 σύστασιν
730 435 804 488 τῆς
827 434 980 480 οἰκείας
1014 431 1183 487 φύσεως
1209 426 1394 485 ἄγουσαν
1423 429 1605 484 ἦναγκα-
1634 441 1635 444 ’

116 505 313 557 Βσμένως
342 500 466 544 αὐτά.
526 499 649 555 λόγου
670 498 750 555 γάρ
781 500 1036 553 α’,ιιοιροῦντα
1057 493 1105 539 οὗ
1133 498 1329 539 δύνανται
1359 493 1483 551 ἄγειν,
1514 495 1709 535 α’λλὟ-ῑῖι

151 564 324 623 ἄγονται
359 567 439 610 ὑπὸ
479 569 555 622 τῆς
583 566 764 622 φυσικῆς
808 565 1006 619 ὀρέξεως,
1050 559 1119 606 ὅτε
1151 561 1239 616 ἅμα
1270 563 1294 617 ἦ
1325 558 1461 618 ὄρεξις
1485 562 1648 616 γένη-»ὓ

150 651 245 689 ται,
277 636 440 683 εὐθέως
487 631 560 675 καὶ
595 632 620 687 ἦ
650 629 754 687 πρὸς
794 630 868 686 τὴν
895 633 1048 686 πρᾶξιν
1080 629 1202 684 ὁρμή.
1260 625 1308 669 οὗ
1334 628 1414 684 γάρ
1442 626 1550 684 λόγῳ
1580 619 1606 680 ἢ

150 703 286 759 βουλῇ
325 696 353 756 ἢ
394 700 540 754 σκέψει
582 695 611 753 ἢ
639 698 774 754 κρίσει
810 699 1048 752 κέχρηνται.
1117 693 1216 737 ὅθεν
1246 690 1339 736 οὔτε
1370 692 1426 742 (ὃς
1459 690 1616 748 ἀρετὴν

151 766 353 822 μετιόντα
398 767 667 810 ἐπαινοῦνται
723 765 797 807 καί
844 766 1173 819 μακαρίζονται,
1218 757 1327 815 οὔτε
1362 760 1420 810 ὥς
1462 760 1610 801 κακίαν

95 856 141 882 ιο
153 831 379 890 πράττοντα
410 832 666 883 κολάζονται.
724 831 749 888 ἡ
781 833 827 873 δὲ
855 828 996 886 λογικῆ
1027 831 1154 887 φύσις
1182 827 1271 882 ἔχει
1301 829 1379 882 μὲν
1408 824 1486 882 την
1526 842 1610 882 φυ-

151 899 274 955 σικήν
303 893 442 955 ὄρεξιν
471 897 742 953 κινουμένην,
770 897 850 940 ὗπό
896 899 943 940 δὲ
971 898 1048 939 τοῦ
1076 897 1201 950 λόγου
1233 894 1439 949 ἀγομένην
1466 907 1510 934 τε
1537 894 1611 933 καί

152 966 481 1021 ρυθμιζομένην.
550 966 624 1007 τοῦ
665 962 748 1019 γάρ
779 963 902 1019 λόγου
931 962 979 1004 τὸ
1011 962 1255 1018 προτέρημα
1286 960 1311 1016 ἦ
1335 957 1608 1010 αὕτεξούσιός

150 1034 242 1074 ἐστι
283 1035 479 1087 θέλησις,
521 1030 574 1087 ἢν
616 1030 665 1087 δὴ
713 1028 897 1088 φυσικήν
921 1031 966 1072 ἐν
990 1031 1047 1087 τῷ
1076 1029 1226 1086 λογικῷ
1257 1027 1398 1083 φαμὲν
1427 1027 1626 1079 κίνησιν.-

152 1097 218 1140 διό
252 1099 326 1140 καί
354 1098 411 1148 (ὃς
442 1094 597 1153 ἀρετήν
624 1099 830 1151 μετιοῧσα
859 1099 1092 1139 ἐπαινεῖται
1111 1094 1185 1137 καί
1210 1092 1507 1149 μακαριζεται,
1535 1092 1610 1132 καί

91 1170 137 1211 15
151 1165 208 1216 ὥς
235 1167 384 1207 κακίαν
409 1166 612 1218 μετιοῦσα
636 1162 872 1215 κολάζεται.

260 1234 316 1274 Εἰ
352 1233 399 1273 δὲ
441 1233 514 1273 καί
537 1231 655 1273 τοῦτο
687 1232 846 1286 ζητεῖς,
889 1233 1000 1279 τίνος
1036 1231 1171 1271 ἕνεκεν
1200 1224 1310 1270 αὐτά
1344 1242 1388 1269 τε
1432 1225 1482 1269 w·
1518 1227 1713 1277 ζῶαΡ,6(3

151 1296 222 1340 καὶ
248 1295 269 1339 ὁ
294 1293 519 1353 ἅνθρωπος
561 1297 695 1346 πόδας
733 1298 902 1351 ἀρτίους
938 1295 1111 1350 ἔχουσι,
1159 1298 1333 1350 γίνωσκε
1365 1289 1429 1335 ὅτι
1458 1291 1529 1334 διὰ
1559 1290 1604 1334 τὸ

149 1363 207 1418 μή
241 1361 429 1413 ἀτάκτως
460 1360 681 1406 ἅλλεσθαι.
714 1359 822 1405 οὕτω
853 1362 926 1404 καί
952 1361 1032 1417 γὰρ
1062 1360 1134 1403 διὰ
1162 1362 1240 1414 μὲν
1266 1362 1343 1402 τοῦ
1374 1357 1466 1408 ἑνὸς
1491 1356 1606 1400 ἱστά-

152 1442 276 1483 μενος
318 1430 339 1472 ὃ
384 1427 631 1485 ἅνθρωπος,
677 1426 817 1484 ὥσπερ
857 1427 983 1471 πάλιν
1019 1428 1070 1471 τὰ
1112 1429 1198 1479 ζῶα
1229 1425 1298 1469 διὰ
1339 1426 1416 1468 δύο
1444 1428 1628 1478 ποδῶν,

86 1514 138 1539 20
152 1498 289 1553 η’ρὲμα
319 1494 389 1538 διὰ
419 1498 504 1539 τῶν
534 1492 686 1551 ἑτέρων
713 1497 931 1538 ποιοῦνται
964 1494 1038 1550 τὴν
1065 1494 1250 1548 βάδισιν.

153 1686 234 1719 dam
262 1684 438 1718 arbitratu
478 1690 610 1728 agunt,
648 1685 741 1718 sicut
767 1689 804 1718 et
839 1685 1017 1718 Iohannes
1052 1683 1294 1716 Damascenus
1326 1683 1459 1723 tradit,
1488 1693 1565 1715 cum
1589 1694 1607 1715 a

155 1734 296 1766 ratione
324 1733 592 1772 destituantur,
617 1732 716 1763 cuius
740 1732 935 1777 participes
971 1737 1122 1764 naturae
1147 1732 1369 1764 voluntatem
1398 1730 1536 1763 habent
1564 1731 1609 1762 li-

154 1781 276 1814 beram
302 1779 525 1812 naturaliter.
552 1790 636 1810 nam
664 1789 750 1818 cur,
776 1778 949 1818 obsecro,
973 1779 1008 1810 vi
1035 1779 1182 1810 rationis
1208 1778 1396 1821 praeditae
1423 1778 1553 1818 forent,
1581 1779 1608 1810 si

153 1839 218 1874 pro
241 1827 440 1861 voluntatis
467 1825 616 1859 arbitrio
642 1825 784 1857 ratione
811 1838 884 1858 non
909 1825 1126 1858 uterentur?
1152 1825 1290 1868 quippe
1317 1825 1517 1857 naturalem
1545 1836 1610 1869 ap-

151 1876 309 1921 petitum
336 1873 459 1919 opifex
484 1884 604 1906 rerum
632 1873 739 1905 etiam
766 1872 883 1905 brutis
910 1871 1127 1904 animalibus
1157 1871 1314 1912 indidit,
1343 1872 1405 1916 qui
1432 1872 1477 1904 ad
1503 1878 1610 1904 natu-

155 1934 214 1956 rae
237 1929 322 1956 su'ae
344 1922 653 1954 conservationem
678 1931 720 1952 ea
742 1921 944 1953 necessario
973 1918 1090 1951 ducat.
1106 1929 1197 1962 quae
1215 1919 1308 1950 enim
1335 1919 1497 1963 expertia
1526 1924 1610 1952 sunt

155 1971 304 2004 rationis
330 1969 459 2001 ducere
495 1979 569 2000 non
594 1972 764 2012 possunt,
805 1966 870 1999 sed
905 1966 949 1998 ab
979 1965 1133 1998 naturali
1162 1966 1389 2009 appetitione
1418 1965 1609 1999 ducuntur.

154 2029 226 2063 quo
252 2018 294 2050 fit
330 2021 370 2049 ut
407 2027 486 2048 cum
521 2015 702 2060 appetitus
744 2014 889 2053 existit,
916 2024 1000 2046 mox
1026 2019 1062 2045 et
1087 2013 1241 2057 impetus
1266 2013 1310 2045 ad
1329 2013 1505 2057 agendum
1531 2025 1610 2046 cum

154 2077 197 2097 eo
225 2064 438 2098 coniunctus
465 2064 521 2096 sit.
547 2074 614 2095 nec
642 2062 737 2094 enim
759 2061 818 2094 vel
845 2060 984 2093 ratione
1006 2059 1065 2093 vel
1091 2060 1243 2092 consilio
1263 2061 1321 2093 vel
1347 2060 1609 2094 consideratio-

152 2124 200 2146 ne
227 2113 286 2146 vel
310 2110 446 2144 iudicio
482 2115 642 2143 utuntur.
679 2120 751 2154 qua
775 2109 854 2153 ipsa
888 2106 932 2140 de
958 2118 1061 2140 causa
1098 2118 1165 2139 nec
1190 2113 1231 2140 ut
1254 2109 1422 2141 virtutem
1452 2109 1609 2150 colentia

154 2159 351 2192 laudantur
375 2163 412 2191 et
435 2157 557 2190 felicia
570 2156 843 2202 praedicantur,
870 2166 938 2187 nec
960 2161 1001 2188 ut
1027 2154 1185 2187 obnoxia
1204 2155 1303 2188 vitiis
1332 2156 1544 2200 puniuntur.
1571 2160 1610 2188 at

152 2212 281 2240 natura
318 2205 497 2251 particeps
533 2205 706 2246 rationis,
747 2203 858 2236 habet
892 2202 956 2234 illa
980 2201 1125 2247 quidem
1163 2204 1363 2247 appetitum
1387 2203 1607 2243 naturalem,

155 2265 227 2300 quo
256 2253 465 2298 impellitur,
485 2251 549 2284 sed
574 2252 635 2297 qui
662 2264 681 2284 a
707 2252 846 2284 ratione
863 2249 1005 2283 ducitur
1023 2254 1178 2293 apteque
1199 2250 1371 2295 dirigitur.
1394 2250 1487 2283 nihil
1512 2251 1608 2283 enim

155 2302 245 2335 ratio
283 2299 524 2346 praestantius
565 2299 678 2332 habet
711 2310 816 2344 quam
850 2296 949 2342 quod
986 2296 1173 2330 voluntate
1212 2297 1325 2330 libera
1353 2297 1401 2330 sit
1421 2297 1608 2342 praedita,

155 2359 262 2394 quam
286 2349 325 2381 in
353 2353 480 2381 natura
515 2347 663 2380 rationis
697 2346 873 2391 participe
908 2344 1103 2377 motionem
1140 2345 1341 2378 naturalem
1367 2344 1530 2378 dicimus.
1557 2346 1610 2377 ic-

156 2396 250 2429 circo
275 2396 445 2429 virtutem
472 2394 595 2427 colens
620 2394 788 2427 laudatur
828 2404 869 2426 ac
891 2403 956 2436 pro
980 2390 1087 2425 beata
1114 2390 1284 2433 ducitur,
1312 2397 1349 2425 et
1374 2392 1610 2426 consimiliter

156 2441 311 2476 obnoxia
330 2443 427 2476 vitiis
451 2442 612 2487 punitur.

249 2489 389 2535 Quodsi
425 2490 535 2522 etiam
561 2489 651 2522 scire
688 2487 788 2532 cupis
825 2485 1055 2532 quamobrem
1079 2492 1149 2520 tam
1175 2486 1344 2519 animalia
1368 2498 1475 2531 quam
1500 2486 1608 2519 homo

158 2538 233 2580 pari
260 2547 410 2569 numero
435 2536 547 2582 pedes
575 2536 752 2576 habeant,
779 2534 817 2567 id
845 2538 1035 2578 propterea
1064 2534 1198 2567 sactum
1222 2535 1452 2578 cognoscito,
1479 2546 1526 2567 ne
1553 2536 1610 2567 in·-

159 2582 322 2616 ordinate
346 2583 569 2629 confuseque
599 2584 795 2616 exsilirent.
820 2593 902 2614 nam
926 2581 994 2613 hoc
1016 2581 1121 2614 m‘odo
1140 2582 1191 2622 fit,
1217 2586 1258 2614 ut
1286 2581 1370 2613 dum
1398 2581 1503 2614 homo
1534 2583 1608 2623 uni,

158 2631 326 2663 animalia
355 2631 495 2676 reliqua
536 2631 678 2663 duobus
703 2629 858 2674 pedibus
893 2628 1082 2670 insistunt,
1107 2629 1250 2662 interim
1279 2639 1343 2673 per
1367 2628 1458 2660 alios
1483 2630 1610 2674 paula-

160 2678 223 2710 tim
249 2679 447 2722 progressio
473 2678 547 2712 fiat.
585 2679 622 2711 in
646 2677 832 2712 nonnullis
869 2675 1101 2718 animalibus,
1126 2676 1260 2709 dilecte
1286 2675 1357 2716 fili,
1384 2677 1608 2711 consuetudo

160 2724 200 2756 {it
224 2734 349 2769 reapse
376 2730 513 2758 natura.
