1826 3120
282 163 297 197 1
323 143 390 197 16·
711 153 996 194 MlcflAEms
1038 151 1255 193 GLYCAE

271 262 344 314 βος
373 259 516 306 αὐτοῖς
542 253 618 304 τὰς
646 251 814 295 τοιάσδε
843 249 1086 307 μορφώσεις
1113 250 1440 305 εἰδωλοποίησεν.
1497 251 1537 292 εἰ
1554 250 1588 291 δ’
1613 246 1715 298 ἴσως-

271 325 346 366 καί
377 323 583 377 βάσκανος
626 319 786 371 δαίμων
836 317 883 359 τὸ
923 320 1044 369 σῶμα
1082 318 1158 357 τοῦ
1188 315 1405 369 δράκοντος
1435 313 1714 367 ἐνδυσάμενος

271 390 332 439 εἷς
379 391 514 430 ἐκεῖνα
543 387 624 427 τῶν
654 386 796 438 μερῶν
825 379 915 438 ’ἄγει
955 381 1022 424 τὸν
1053 385 1166 436 θῆρα
1195 380 1276 422 ὑπὸ
1309 383 1384 423 τοῦ
1409 378 1725 437 πυρὸς-,ῶσπερ-

272 451 550 505 διωκόμενον,
595 445 655 499 οἷς
686 450 735 504 δή
766 451 1006 503 βασκαίνειν
1029 450 1072 498 ἐξ
1104 447 1240 501 ἀρχῆς
1271 445 1442 500 εἴωθεν,
1475 447 1567 489 οὐδ’
1592 439 1734 492 οὗτος·

164 530 253 563 Ρ.6ι
272 518 293 560 ὅ
324 518 442 572 λόγος
475 515 718 570 ἀπόβλητος.
790 516 967 568 ἀρχαῖον
1003 512 1083 568 γὰρ
1126 513 1239 570 αύτῷ
1267 514 1513 566 ἐνδιαίτημα
1536 511 1593 554 ’τὰ
1626 512 1750 553 τοι-’5

271 587 392 626 oium
415 585 542 637 γένος,
564 582 685 636 ἡνίκα
713 579 785 623 καί
800 583 959 634 μᾶλλον
986 579 1099 635 ἡμᾶς
1126 580 1362 632 ἑξορίστους
1393 580 1446 620 δι’
1478 578 1712 621 αὕτοῧᾼνποῦ

268 649 529 704 παραδείσου
575 649 822 702 πεποίηκεν,
870 644 969 688 ὅθεν
1000 643 1146 687 καινὸν
1176 645 1296 686 ου’δὲν
1325 643 1408 699 εἴγε
1439 645 1511 687 καί
1538 645 1613 699 τῆς
1631 643 1716 698 γῆς

269 715 423 770 ταύτης
453 712 710 756 ἀπώσασθαι
742 717 951 769 φιλονικεῖ
971 710 1041 753 διὰ
1076 711 1235 767 φθόνον
1263 711 1388 765 ἡμᾶς.
1729 761 1735 771 ,

379 780 471 822 Καὶ
496 782 593 835 περὶ
619 782 696 833 μὲν
715 778 874 821 τούτων
904 775 1058 827 οὕτως·
1115 778 1154 818 εἰ
1183 778 1229 818 δὲ
1249 776 1325 831 τὴν
1346 778 1484 818 αἰτίαν
1511 776 1716 830 ἐπιζητεῖς

271 849 323 888 δι’
355 845 405 901 ἢν
435 844 626 900 αἴλουροι
656 848 727 887 καί
759 845 994 900 νυκτερίδες
1025 841 1151 886 νύκτα
1173 845 1243 884 καί
1256 841 1388 902 μόνην
1407 842 1592 896 ἀκριβῶς
1610 839 1715 905 ὁρῶ·
1731 858 1791 884 ro·

269 929 349 964 σιν,
380 909 486 967 αὕτη
516 911 615 954 ἐστι’.
647 911 694 953 τὸ
731 909 900 952 ὄπτικὸν
934 911 1099 963 πνεῦμα
1128 907 1288 957 πάντως
1318 907 1566 949 λεπτότατον
1594 905 1716 961 ἔχου-

268 995 354 1020 σιν.
424 979 468 1019 ἐν
510 981 558 1036 τῇ
603 978 719 1020 νυκτὶ
758 972 831 1018 οὖν
876 975 1057 1030 μετρίως
1108 975 1397 1028 παχυνόμενον
1437 976 1490 1030 τῇ
1531 973 1716 1028 ἀπουσίᾳ

269 1046 343 1086 τοῦ
373 1042 494 1100 ἡλίου
535 1042 641 1099 πρὸς
682 1042 759 1098 τήν
789 1044 871 1084 τῶν
902 1039 1064 1097 ὃρατῶν
1091 1041 1315 1095 ἀντίληψιν
1347 1039 1583 1094 ἐπιτήδειον
1609 1041 1716 1093 γίνε-

269 1126 362 1152 ται·
440 1110 546 1152 κατὰ
585 1108 665 1164 γὰρ
709 1108 784 1163 τὴν
829 1109 991 1162 ἡμέραν
1019 1107 1075 1156 ῶς
1104 1105 1350 1149 λεπτότατον
1380 1105 1654 1161 δίαφορεῖταί
1672 1120 1716 1147 τε

232 1179 344 1220 Euat
370 1174 655 1218 σκεδάννυται.
712 1177 834 1215 τοῦτο
875 1176 921 1215 δὲ
951 1175 1023 1214 καί
1053 1174 1097 1215 ἐν
1126 1168 1267 1221 ἄλλοις
1297 1171 1412 1213 ἔστιν
1441 1173 1547 1213 ἰδεῖν
1575 1174 1648 1213 καί
1673 1173 1717 1213 ἐν
1735 1171 1782 1212 15

272 1242 417 1290 αυῖτοΐς
448 1247 534 1289 τοῖς
581 1243 760 1282 λέουσιν.
831 1239 951 1280 ἔνθεν
979 1254 1045 1280 τοι
1086 1238 1157 1279 καί
1181 1237 1256 1287 τὰς
1285 1235 1460 1291 ἡλιακὰς
1478 1253 1717 1291 ’μαρμαρυ-

269 1306 349 1362 γὰς
382 1308 421 1348 οἱ
448 1310 608 1355 λέοντες
651 1305 871 1361 φεύγοντες
910 1307 962 1346 δι’
1004 1302 1102 1359 ὅλης
1142 1302 1302 1358 ἧμέρας
1329 1304 1401 1344 καί
1424 1298 1591 1352 ἄκοντες
1617 1302 1719 1358 κρυ-

269 1389 471 1415 πτονται·
531 1374 570 1415 εἰ
610 1371 668 1426 μὴ
697 1370 777 1426 γὰρ
819 1372 942 1412 τοῦτο
973 1366 1037 1425 ἦν,
1076 1367 1187 1423 τάχα
1217 1366 1268 1411 ἂν
1295 1367 1516 1418 ἀκωλύτως
1543 1370 1588 1410 ἐν
1614 1368 1735 1424 ἦμὲ-“

273 1457 326 1496 ρᾳ
363 1440 688 1494 περιπατοῦντες
725 1438 774 1478 οὕ
800 1439 958 1493 μικρῶς
990 1436 1194 1491 ἔβλαπτον
1224 1435 1322 1486 τοὺς
1350 1436 1492 1483 αὐτοῖς
1519 1435 1719 1488 ἐντυγχά-

272 1520 428 1553 νοντας.
1732 1515 1784 1541 20

386 1571 574 1611 Γίνωσκε
612 1567 685 1609 καί
718 1570 867 1620 τοῦτο,
911 1564 974 1608 ὅτι
1017 1566 1037 1608 ὃ
1082 1571 1187 1609 λέων
1231 1564 1480 1619 διωκόμενος
1508 1568 1722 1609 συστέλλει

273 1634 324 1676 τὰ
355 1633 449 1689 ἴχνη
478 1636 623 1676 αὕτοῦ.
681 1630 792 1675 οὕτω
822 1631 843 1673 ὃ
862 1632 1004 1688 κύριος
1030 1632 1331 1688 κατερχόμενος
1357 1633 1429 1673 ὲπί
1452 1633 1525 1685 τῆς
1549 1633 1624 1686 γῆς
1649 1631 1722 1674 τὸν

276 1703 349 1756 τῆς
390 1702 626 1756 παρουσίας
665 1698 814 1756 καιρὸν
857 1698 988 1757 πάντῃ
1031 1701 1266 1742 συνέστειλε
1307 1697 1378 1740 διὰ
1421 1697 1495 1741 τὸν
1527 1698 1722 1752 διάβολον

279 1889 429 1920 sortasse
462 1885 613 1919 daemon
650 1886 713 1919 ille
737 1888 987 1931 praestigiator
1023 1892 1060 1920 et
1081 1887 1243 1927 invidus,
1270 1886 1445 1931 serpentis
1470 1885 1618 1919 indutus
1642 1897 1721 1920 cor-

277 1946 388 1979 pore,
426 1934 536 1966 feram
564 1933 678 1973 hanc,
715 1935 815 1967 velut
843 1936 922 1978 igne
949 1935 1061 1979 ipsam
1086 1939 1257 1978 urgente,
1284 1935 1321 1965 in
1346 1933 1512 1966 animalia
1535 1939 1721 1966 mansueta

278 1983 413 2012 irruere
438 1980 544 2021 facit,
571 1991 649 2012 cum
674 1981 758 2013 inde
783 1993 896 2026 usque
927 1981 971 2013 ab
1000 1981 1104 2014 initio
1131 1980 1265 2013 invidia
1290 1980 1441 2025 quadam
1474 1986 1722 2025 prosequatur,

279 2040 353 2060 non
377 2027 446 2058 hoc
481 2027 531 2058 ita
559 2027 709 2070 proferri
748 2029 934 2073 putabitur
958 2033 999 2061 ut
1034 2028 1178 2061 omnino
1204 2028 1250 2059 sit
1274 2026 1526 2059 reficiendum:
1553 2039 1634 2060 nam
1660 2038 1722 2072 ge-

281 2085 346 2105 nus
371 2073 440 2105 hoc
468 2072 620 2104 serarum
661 2074 727 2106 sibi
752 2087 815 2119 pro
857 2075 1038 2107 domicilio
1064 2076 1132 2107 iam
1157 2074 1243 2106 olim
1269 2075 1467 2118 usurpavit,
1492 2085 1571 2106 cum
1596 2084 1661 2119 per
1683 2074 1721 2107 id

280 2131 346 2152 nos
371 2118 525 2163 paradisi
553 2120 683 2152 finibus
711 2122 832 2163 eiecit3
859 2123 983 2166 itaque
1008 2121 1098 2154 nihil
1122 2131 1262 2162 novum,
1287 2122 1315 2153 si
1331 2127 1447 2154 motus
1465 2119 1599 2155 invidia
1623 2121 1722 2166 cupit

283 2167 347 2198 hac
374 2166 482 2197 etiam
508 2172 599 2198 terra
623 2179 685 2200 nos
713 2169 906 2213 expellere.

375 2212 424 2244 Ac
449 2211 494 2244 de
520 2212 574 2244 his
595 2214 738 2257 quidem
764 2215 944 2248 hactenus.
972 2214 1101 2260 quodsi
1117 2225 1256 2247 causam
1282 2214 1334 2246 vis
1359 2225 1572 2258 cognoscere
1596 2226 1721 2260 quam-

282 2259 405 2292 obrem
430 2259 518 2291 feles
550 2265 586 2292 et
609 2263 880 2305 vespertiliones
907 2268 1046 2295 tantum
1068 2266 1174 2294 noctu
1203 2267 1345 2294 acutum
1372 2261 1529 2302 videant,
1557 2262 1649 2294 hanc
1674 2263 1720 2295 il-

281 2306 354 2338 lam
382 2316 456 2337 esse
483 2306 581 2338 seito.
607 2314 690 2340 sunt
713 2308 800 2341 haec
826 2310 990 2342 animalia
1019 2308 1163 2353 spiritu,
1191 2319 1262 2352 quo
1288 2308 1455 2341 cernendi
1479 2310 1531 2341 vis
1556 2310 1720 2342 contine-

280 2358 361 2394 tur,
390 2363 473 2384 sane
497 2355 664 2397 pertenui
691 2356 862 2399 praedita.
888 2361 1105 2401 quapropter
1127 2355 1156 2387 is
1181 2360 1288 2387 noctu
1313 2355 1542 2388 mediocriter
1565 2355 1612 2387 ob
1637 2356 1720 2388 solis

284 2398 483 2432 absentiam
523 2400 761 2434 condensatur
790 2409 826 2435 et
858 2403 903 2435 ad
925 2402 1190 2447 perceptionem
1217 2412 1332 2434 rerum
1358 2401 1655 2447 adspectabilium
1681 2402 1722 2435 fit

284 2445 455 2478 idoneus:
484 2446 616 2490 quippe
641 2448 797 2480 interdiu
820 2455 988 2494 tanquam
1021 2447 1273 2481 subtilissimus
1299 2449 1493 2493 dissipatur
1517 2460 1556 2481 ac
1581 2449 1721 2495 disper-

285 2494 390 2535 gitur.
415 2491 510 2524 idem
548 2499 584 2524 et
610 2494 647 2526 in
672 2495 750 2526 aliis
781 2502 832 2528 est
866 2496 1009 2537 videre,
1034 2496 1238 2540 praesertim
1267 2496 1352 2540 ipsis
1377 2497 1414 2528 in
1440 2495 1616 2532 leonibus.
1647 2507 1719 2541 qno
1773 2496 1776 2502 “

284 2540 325 2570 fit
348 2544 388 2571 ut
413 2537 641 2583 splendorem
675 2541 854 2574 radiorum
889 2543 1055 2576 solarium
1087 2542 1262 2586 fugientes
1294 2543 1401 2575 etiam
1434 2543 1538 2575 inviti
1562 2549 1637 2576 toto
1661 2542 1719 2581 die

285 2586 441 2617 latitent.
466 2597 548 2618 nam
574 2587 604 2618 si
632 2586 766 2631 absque
794 2588 860 2621 hoc
890 2595 993 2631 esset,
1017 2588 1130 2621 libere
1156 2589 1281 2633 utique
1306 2600 1370 2633 per
1394 2588 1488 2622 diem
1513 2589 1719 2622 oberrantes

286 2630 383 2663 haud
410 2634 571 2676 exiguam
609 2632 814 2667 hominibus
844 2635 1108 2669 occurrentibus
1137 2645 1262 2668 noxam
1293 2638 1470 2669 afferrent.
1682 2642 1684 2647 ’

379 2676 453 2710 Hoc
494 2679 599 2712 etiam
635 2679 747 2719 disce,
780 2682 918 2716 leonem
955 2683 1101 2727 vestigia
1137 2694 1199 2715 sua
1235 2682 1445 2715 contrahere
1483 2682 1718 2729 (confundere

287 2725 421 2769 Lim),
466 2727 606 2770 quoties
633 2727 745 2771 ipsum
775 2729 885 2773 aliqui
914 2733 1185 2774 persequuntur.
1215 2730 1265 2763 sic
1292 2729 1453 2763 dominus
1482 2741 1627 2775 quoque
1653 2735 1718 2761 no-
