1826 3120
595 183 879 225 ANNALlUM
921 185 1056 226 PARS
1097 185 1149 225 ιι.
1469 185 1538 240 29
1552 185 1570 220 1

135 298 222 330 σον,
281 283 501 339 φεύγοντες
531 285 567 325 δ’
595 280 672 327 οὖν
699 281 737 326 οἱ
757 284 957 339 Ἑβραῖοι,
982 286 1056 326 καί
1077 282 1255 340 μηδενὸς
1282 285 1366 326 τῶν
1393 280 1474 326 ἀπὸ
1506 286 1583 339 τῆς

134 353 210 407 γῆς
239 350 510 407 εὐποροῦντες
552 349 622 392 διὰ
649 349 726 405 τήν
763 351 962 406 ἐρημίαν,
999 351 1312 407 πεφυραμένοις
1342 355 1427 400 τοῖς
1454 349 1582 392 ἄλευ’-

134 433 223 472 ροις
264 416 338 459 καί
362 414 560 471 πεπηγόσι
596 414 726 470 μόνον
762 415 845 458 ὑπὸ
875 418 1079 471 βραχείας
1107 416 1361 472 θερμότητος
1389 423 1478 466 τοῖς
1506 412 1582 459 εἶπ’

133 483 276 525 αΰτῶν
321 477 464 536 ἄρτοις
504 484 780 539 διετρέφοντο.
850 483 922 524 καί
948 483 1108 531 τούτοις
1134 481 1206 524 ἐπὶ
1229 482 1451 538 τριάκοντα
1479 483 1582 538 ἦμέ-

97 550 230 604 5ραις
265 547 524 604 ἐχρήσαντο·
593 547 698 604 πρὸς
738 550 907 590 πλείονα
946 546 1028 603 γὰρ
1073 544 1149 589 οὐκ
1178 549 1404 604 ἐξήρκεσαν
1427 550 1581 606 χρόνον

131 615 278 664 αὐτοῖς
317 610 397 657 ὅσα
446 617 491 656 ἐκ
529 618 603 670 τῆς
638 615 860 669 Αἰγύπτου
889 615 1150 670 ἐπεφέροντο.
1223 615 1297 657 καί
1321 613 1372 658 τά
1399 618 1478 669 μὲν
1505 615 1582 658 τοῦ

129 681 330 735 Ἰωσήπου
359 683 547 723 τοιαῦτα.

232 747 279 790 Ὁ
310 748 357 789 δὲ
383 750 514 801 μέγας
542 748 766 796 Βασίλειος
806 763 877 789 και
904 745 1007 789 τάδε
1036 763 1133 802 περι
1162 747 1240 789 τοῦ
1267 749 1464 827 Μωσέως
1497 765 1576 805 φη·
1562 761 1614 794 -Β

127 815 216 868 σίν,
257 810 323 855 ότι
350 810 474 863 οὗτός
507 814 617 856 ἐστιν
646 814 668 855 ὄ
698 816 988 870 μαρτυρηθεις
1013 816 1172 865 ἀστεῖος
1206 811 1313 857 εἶναι
1342 814 1457 870 παρὰ
1491 818 1579 857 θειῦ

68 877 190 921 ιοέτι
217 877 448 933 υπομάζιος
479 896 555 921 ων·
613 877 660 922 ὂν
691 881 983 936 εἰσεποιήσατο
1010 882 1090 934 μὲν
1118 880 1144 935 ἦ
1179 879 1370 936 θυγάτηρ
1394 881 1574 936 Φαραώ,

103 946 328 1001 ἐξέθρεψε
377 947 422 988 δὲ
467 949 720 1000 βασιλικως,
749 946 850 995 τοὺς
879 946 1040 1004 σοφοὺς
1070 948 1152 989 τῶν
1179 949 1427 1001 Αιγυπτίων
1456 949 1577 989 Ma-
1624 977 1628 990 ι,

123 1009 306 1062 σκάλους
334 1013 448 1071 021?th
472 1029 548 1090 της
575 1012 839 1062 παιδεύσεως
864 1013 1151 1068 ἐπιστήσασα*
1185 1011 1232 1063 ὃς
1257 1013 1328 1056 τὸν
1354 1029 1475 1068 ογκον
1502 1030 1577 1069 της
1630 1034 1632 1037 ·

121 1080 367 1134 τυραννίδος
410 1076 616 1134 μισήσας,
656 1096 727 1121 και
766 1077 870 1135 πρὸς
908 1079 955 1121 τὸ
993 1078 1184 1122 ταπεινὸν
1218 1083 1301 1122 τῶν
1344 1078 1575 1135 ὗμοφύλων

1560 1143 1574 1158 C

121 1142 403 1198 ἅναδραμοόν,
449 1145 578 1186 εἵλετο
625 1149 1009 1199 συγκακουχεῖσθαι
1043 1147 1099 1204 τῷ
1129 1149 1217 1204 λαῷ
1255 1148 1331 1188 τοῦ
1352 1147 1458 1187 θεοῦ
1479 1162 1491 1174 ·
1551 1161 1573 1187 ο

61 1212 407 1267 ιόφυγαδευθείς
445 1209 560 1266 παρὰ
603 1213 685 1253 τῶν
728 1212 1103 1266 εὕεργετηθὲντων,
1148 1212 1378 1254 κάντεῦθεν
1409 1213 1469 1261 εἰς
1495 1210 1574 1267 τήν

117 1277 357 1319 Αἰθιοπίαν
383 1276 661 1330 καταλαβών,
694 1278 820 1319 κάκεῖ
858 1280 997 1319 πᾶσαν
1027 1276 1186 1332 σχολήν
1218 1275 1299 1319 α’πὸ
1328 1280 1411 1320 τῶν
1435 1272 1572 1320 ἄλλων

118 1337 232 1396 ἄγων
261 1345 334 1385 καί
362 1344 407 1385 ἐν
433 1342 741 1400 τεσσαράκοντα
771 1340 883 1393 ὅλοις
912 1342 1022 1386 ἔτεσι
1059 1346 1112 1400 τῇ
1131 1346 1292 1401 θεωρίᾳ
1322 1345 1406 1386 τῶν
1440 1340 1570 1387 ὄντων

117 1408 446 1463 ἅποσχολάσας·
518 1407 564 1459 ὃς
608 1406 884 1465 ὄγὸοηκοστὸν
919 1405 1000 1466 ἤδη
1043 1410 1222 1464 γεγονώς
1261 1409 1354 1460 ἔτος
1389 1406 1473 1452 εἶδε
1501 1410 1608 1454 τὸνΟ

114 1472 213 1516 θεὸν
241 1474 298 1524 ὥς
338 1471 546 1534 ἀνθρώπῳ
588 1477 693 1519 ἰδεῖν
722 1475 925 1530 δυνατόν,
961 1478 1118 1530 μᾶλλον
1151 1478 1197 1518 δὲ
1227 1476 1284 1527 ὦς
1314 1476 1454 1527 ου’δείς
1483 1480 1567 1520 τῶν

51 1535 254 1586 nodum
280 1538 439 1597 ὖπῆρξε
468 1540 575 1584 κατά
603 1541 679 1598 τήν
706 1544 946 1598 μαρτυρίαν
964 1543 1099 1585 αὐτοῦ
1116 1545 1192 1584 τοῦ
1220 1545 1340 1596 θεοῦ,
1368 1541 1463 1596 „Su
1490 1543 1565 1586 ἐὰν

112 1609 281 1663 γένηται
322 1607 542 1664 προφήτης
585 1608 704 1663 ὑμῶν
740 1610 798 1666 τῷ
825 1612 955 1667 κυρίῳ
973 1643 986 1663 ,
1028 1610 1073 1651 ἐν
1104 1605 1291 1665 δράματι
1318 1610 1433 1667 αότῷ
1458 1626 1563 1664 γνω-

111 1673 327 1729 σθήσομαι
362 1675 435 1717 καί
471 1677 518 1718 ἐν
547 1671 664 1733 ὕπνῳ
698 1674 868 1732 λαλήσω
910 1671 1045 1733 αὐτῷ,
1077 1675 1160 1730 οὐχ
1188 1672 1321 1727 οὕτως
1351 1673 1407 1725 ὥς
1435 1673 1457 1717 ὃ
1487 1679 1560 1719 θε-

111 1875 220 1909 dem
210 1887 247 1910 m
272 1876 466 1922 Aegyptios
489 1878 688 1911 immiserit.
713 1877 797 1912 hinc
818 1878 937 1923 fugam
953 1879 1165 1924 arripientes
1185 1877 1353 1921 Hebraei,
1377 1891 1455 1914 cum
1481 1885 1556 1915 ter.

109 1934 167 1956 rae
195 1923 376 1957 fructuum
400 1925 537 1970 copiam
560 1926 696 1958 nullam
722 1925 920 1967 haberent,
947 1926 1046 1971 quod
1073 1932 1194 1960 essent
1214 1927 1279 1960 illa
1301 1927 1381 1960 loca
1401 1927 1554 1971 deserta,

108 1971 234 2004 saltem
266 1972 420 2016 panibus
452 1972 686 2014 victitabant,
723 1974 786 2018 qui
816 1973 860 2006 de
899 1952 1016 2006 f’arina
1037 1973 1164 2007 leviter
1189 1973 1338 2008 subacta
1364 1979 1400 2008 et
1425 1975 1554 2030 exiguo

106 2019 225 2051 calore
247 2025 413 2063 percocta
442 2019 527 2053 facti
549 2026 678 2053 essent.
703 2019 758 2054 his
788 2020 834 2053 ad
860 2020 929 2064 trig,
921 2021 1081 2053 esimum
1104 2031 1218 2065 usque
1243 2021 1338 2055 diem
1363 2027 1449 2055 sunt
1474 2023 1551 2064 usi,

105 2076 180 2098 non
204 2065 466 2101 sufficientibus
492 2066 539 2100 ad
564 2068 705 2112 longius
725 2068 896 2112 temporis
911 2047 1078 2122 e’spatium
1103 2067 1227 2102 farinis
1256 2080 1344 2114 quas
1370 2080 1413 2102 ex
1435 2069 1552 2114 Aegy—

103 2118 168 2158 pto
195 2123 315 2147 secum
341 2115 549 2148 attulerant.
573 2114 662 2147 haee
689 2127 710 2147 a
734 2114 885 2160 losepho
914 2115 963 2148 sie
989 2115 1178 2148 memoriae
1203 2115 1346 2160 prodita
1373 2121 1468 2149 sunt.

197 2160 346 2205 Magnus
374 2167 494 2196 autem
530 2162 679 2195 Basilius
703 2169 826 2196 noster
854 2161 1060 2195 huiusmodi
1086 2162 1261 2207 quaedam
1287 2163 1331 2196 de
1358 2163 1459 2197 Mose
1485 2162 1550 2197 ad-

104 2206 199 2242 iecit.
224 2207 284 2241 hic
309 2208 373 2243 ille
401 2210 471 2243 suit
495 2221 604 2255 quern
629 2209 718 2242 <leus
741 2211 819 2255 ipse
855 2210 982 2242 scitum
1010 2221 1050 2242 ac
1075 2210 1276 2255 elegantem
1301 2222 1376 2244 esse
1404 2211 1549 2254 praedi-

104 2255 218 2296 eavit,
243 2256 348 2289 etiam
373 2261 450 2290 tum
475 2268 586 2302 quum
613 2257 732 2290 adhuc
758 2268 943 2290 mammam
971 2262 1134 2302 sugeret·
1158 2268 1266 2302 quem
1293 2258 1366 2292 filit
1393 2257 1546 2292 Pharao-

48 2335 50 2337 ,
102 2301 159 2334 nis
183 2302 390 2348 adoptavit,
428 2316 535 2359 quem
569 2306 666 2349 regio
706 2315 804 2337 more
832 2304 1014 2345 educavit,
1046 2304 1237 2349 praefectis
1263 2305 1295 2337 ei
1319 2305 1545 2350 sapientibus

101 2349 357 2394 Aegyptiorum
378 2352 575 2396 magistris,
602 2364 622 2384 a
647 2352 777 2397 quibus
806 2351 1025 2394 erudiretur3
1055 2352 1118 2396 qui
1142 2351 1341 2395 tyrannidis
1369 2353 1545 2398 regnique

101 2395 231 2429 fastum
257 2404 465 2443 aspernatus
494 2405 530 2432 et
554 2398 600 2431 ad
618 2399 860 2433 humilitatem
884 2409 968 2431 suae
992 2399 1147 2433 nationis
1172 2399 1359 2433 hominum
1383 2411 1544 2433 reversus

101 2453 174 2476 una
199 2454 277 2477 cum
302 2444 361 2478 dei
401 2447 537 2491 populo
569 2447 746 2479 aerumnis
785 2446 904 2479 vexari
938 2445 1086 2488 maluit3
1111 2446 1175 2491 qui
1199 2446 1243 2480 ab
1272 2447 1317 2480 iis
1345 2447 1479 2481 eiectus
1504 2447 1545 2481 in

101 2490 249 2523 exilium
272 2491 317 2524 de
343 2493 474 2538 quibus
503 2493 596 2527 bene
624 2493 839 2535 merebatur,
865 2494 903 2526 in
916 2492 1139 2538 Aethiopiam
1162 2495 1345 2539 pervenit,
1369 2494 1496 2538 ibique
1523 2504 1544 2526 a

100 2538 238 2571 cunctis
252 2539 356 2572 rebus
375 2541 454 2574 aliis
470 2542 604 2574 otiosus
619 2552 660 2573 ac
672 2541 765 2574 liber
778 2542 863 2574 totis
879 2541 980 2573 annis
995 2539 1229 2586 quadraginta
1244 2540 1544 2596 contemplationi

101 2585 259 2618 universi
283 2585 389 2620 huius
414 2588 576 2622 intentus
611 2589 766 2630 vacavit3
805 2588 868 2633 qui
903 2599 1033 2621 annum
1057 2588 1128 2621 iam
1152 2589 1406 2633 octogesimum
1435 2599 1542 2632 agens

102 2631 208 2664 deum
231 2635 436 2678 conspexit,
474 2641 652 2680 quatenus
688 2635 826 2668 homini
852 2634 957 2668 deum
996 2635 1131 2669 intueri
1154 2636 1205 2669 fas
1231 2641 1306 2677 est,
1334 2636 1392 2669 vel
1421 2635 1540 2679 potius

101 2689 144 2712 eo
172 2685 276 2724 pacto
318 2691 390 2725 quo
427 2683 562 2716 nemini
597 2682 783 2716 hominum
816 2682 936 2715 videre
962 2681 1066 2716 (lcum
1090 2683 1261 2727 contigit,
1289 2684 1400 2727 ipsius
1431 2682 1540 2716 etiuu

102 2725 160 2758 dei
185 2727 412 2770 testimonie,
453 2731 513 2774 qui
539 2730 632 2763 dixit
658 2729 777 2775 (Num.
815 2740 852 2761 12
877 2730 914 2775 6)
943 2754 965 2769 ,‚
957 2729 999 2768 ‚si
1023 2730 1102 2774 quis
1127 2708 1210 2764 crito
1219 2735 1376 2764 vestrum
1401 2729 1538 2762 domini

101 2779 197 2807 vates
212 2774 297 2815 ,ann
325 2785 390 2820 ego
425 2787 490 2820 per
516 2777 590 2812 visa
614 2782 721 2811 notus
759 2778 838 2810 [iam
869 2782 905 2809 et
931 2777 968 2810 iu
993 2778 1124 2811 somnis
1164 2789 1241 2811 eum
1270 2788 1311 2810 eo
1339 2777 1475 2822 loquar.
1500 2781 1537 2811 at
