1826 3120
279 185 306 219 2
315 184 349 216 O
714 178 753 216 M
763 174 1002 217 lcuAELls
1043 174 1259 216 GLYCAE

274 284 347 325 τοῦ
379 281 499 336 ἡλίου
523 274 645 334 ὁλκῇ,
675 274 903 317 κάντεῦθεν
920 277 1203 328 πυκνουμένου
1230 277 1307 318 τοῦ
1337 275 1473 332 ἆέρος,
1500 275 1619 319 ὑετοὶ
1643 292 1718 318 κα-

273 349 578 402 ταρρήγνυνται
616 340 756 396 χιόνες
797 358 841 382 τε
871 343 944 383 καί
980 341 1191 394 χάλαζαι,
1231 339 1304 383 καί
1341 339 1428 404 ὅσοιιλ
1472 345 1545 398 τῆς
1589 342 1718 398 ὑγρᾶς

275 414 458 466 ύπάρχει
486 412 651 466 φύσεως
676 409 834 461 ἔγγονα.
892 408 965 449 καί
1001 406 1100 460 περὶ
1125 409 1203 459 μὲν
1229 405 1388 448 τούτων
1413 405 1558 460 οὕτως.

360 501 363 504 »
388 474 493 518 Οἶδα
539 476 607 527 δέ,
647 474 858 527 α’γαπητέ,
907 470 974 514 ὅτι
1004 474 1104 513 καθ’
1128 471 1316 528 ἱστορίαν
1343 473 1579 517 ἐπελθοῦσα
1606 474 1632 530 ἦ
1663 472 1718 530 σὴ

277 540 537 599 φιλομάθεια
565 538 617 580 τὰ
645 538 760 593 παρὰ
786 541 982 587 Μωσέως
1010 540 1223 594 γραφέντα
1252 541 1355 594 περί
1375 554 1419 580 τε
1452 540 1529 580 τοῦ
1555 540 1758 595 πρώτου5

277 609 459 663 ου’ρανοῦ
503 607 604 660 περί
628 621 673 646 τε
710 607 788 647 τοῦ
832 606 1055 658 δευτέρου,
1103 603 1388 659 στερεώ,ιιατος
1428 606 1611 661 δηλαδή,
1649 607 1723 647 καί

231 676 373 728 Οπερί
417 674 500 713 τῶν
541 673 908 726 ἐναπειλημμένων
950 670 1115 712 ὑδάτων
1149 673 1277 723 μέσον
1313 672 1394 713 τῶν
1442 668 1519 712 δύο
1560 670 1722 714 τούτων

273 741 488 794 οὐρανιᾶν,
517 738 775 792 ἐπιλαβέσθαι
806 735 857 779 τὰ
886 738 1063 778 τοιαῦτα
1090 738 1164 778 καί
1189 735 1294 778 κατὰ
1326 736 1545 792 ἀναγωγὴν
1577 738 1720 792 ἐπιζη·

269 811 345 846 τεΐ.
417 802 550 860 ταύτῃ
590 819 654 845 τοι
692 804 765 844 καί
802 801 872 844 τὸν
911 804 1105 857 Σιναΐτην
1147 803 1241 845 ἰδοὺ
1281 803 1455 858 παράγω
1497 818 1566 845 σοι
1604 806 1722 844 θεῖον

266 867 546 913 Ἀναστάσιον
565 886 577 899 ·
633 866 654 910 ὅ
681 868 762 923 γὰρ
789 872 903 918 θεῖος
933 863 1055 917 οὗτος
1083 868 1188 924 α’νὴρ
1222 867 1408 918 οἰκούσας
1434 870 1509 910 τοῦ
1534 869 1720 923 μεγάλου
1740 883 1784 911 ιο

271 936 455 978 Παύλου
494 938 677 989 λέγοντος
721 932 784 976 ὅτι
812 933 949 976 πάντα
993 933 1054 982 εἰς
1081 933 1273 990 Χριστὸν
1299 933 1721 990 προτετύπωται,.τά

276 1003 320 1043 ἐν
350 1001 517 1058 οὐρανῷ
549 1000 623 1042 καί
646 1000 700 1042 τὰ
729 999 800 1042 ἐπὶ
825 1002 899 1054 τῆς
925 1002 1011 1055 γῆς,
1042 999 1188 1042 τούτου
1215 1000 1342 1056 χάριν
1361 996 1721 1056 ἆλληγορικῶςτά

276 1067 405 1108 πλείω
430 1067 500 1122 τῆς
528 1067 713 1114 παλαιᾶς
749 1066 974 1120 ὲξελάβετο.
1031 1065 1105 1107 καί
1143 1061 1270 1107 ἄκουε
1311 1065 1356 1108 τί
1382 1082 1489 1123 φησι
1517 1067 1614 1121 περὶ
1639 1067 1723 1108 τῶν

273 1134 465 1186 ου’ρανῶν
511 1134 617 1181 τέως
653 1132 804 1173 αὐτῶν.
861 1132 915 1186 „vj
950 1133 1032 1185 τοῦ
1060 1129 1272 1187 ἆνωτέρου
1301 1132 1487 1187 ου’ρανοῦ
1514 1131 1722 1188 ἀκατάλη-

272 1213 374 1246 πτος
401 1196 531 1254 φύσις
574 1196 670 1251 ἐμοὶ
697 1199 814 1238 δοκεῖ
835 1198 964 1239 τύπον
1004 1198 1171 1252 ἐπέχειν
1200 1200 1274 1253 τῆς
1307 1195 1490 1254 ἀοράτου
1519 1191 1595 1240 καὶ
1621 1198 1786 1240 ‹ixa-15

269 1262 476 1319 ταλὴπτου
504 1262 628 1318 λόγου
657 1260 879 1318 θεότητος,
904 1262 950 1305 τὸ
984 1265 1030 1306 δὲ
1061 1266 1276 1318 στερέωμα
1305 1263 1572 1306 τὰκάτωθεν
1604 1265 1724 1306 α’νελ-

225 1329 349 1371 Βθὸν
377 1328 503 1371 τύπον
531 1332 698 1384 ἐπέχειν
741 1332 812 1384 τῆς
843 1331 922 1371 τοῦ
949 1332 1144 1385 Χριστοῦ
1172 1327 1498 1385 α’νθρωπότητος
1523 1328 1574 1385 ἢν
1601 1328 1723 1383 ἔλαβε

271 1394 475 1437 κάτωθεν.
542 1393 589 1436 τὸ
637 1397 683 1437 δὲ
710 1393 827 1451 ὕδωρ
857 1395 904 1437 τὸ
935 1398 1062 1449 μέσον
1099 1397 1183 1437 τῶν
1215 1395 1290 1436 δύο
1319 1396 1636 1451 ἐμπεριληφθὲν
1665 1397 1726 1437 εἰ-

273 1463 374 1503 κόνα
411 1459 640 1517 διαγράφει
677 1463 749 1516 τῆς
792 1461 1008 1516 ἅχράντου
1056 1461 1190 1503 αὐτοῦ
1234 1463 1378 1516 ψυχῆς
1422 1459 1725 1516 μεσιτευούσης

269 1525 434 1581 θεότητι
477 1526 549 1567 καί
577 1525 733 1581 σαρκὸς
772 1526 1000 1580 παχύτητι.
1056 1525 1138 1580 ὅρα
1164 1525 1244 1580 γάρ
1272 1524 1337 1567 ὅτι
1364 1526 1385 1567 ὁ
1412 1529 1492 1579 μὲν
1521 1528 1787 1579 α’νιότεροςρο

272 1591 449 1647 ου’ρανὸς
481 1591 610 1648 φύσει
644 1593 717 1633 α’π’
749 1591 886 1648 ἀρχῆς
911 1591 1093 1647 ου’ρανὸς
1121 1591 1304 1647 ἐκλήθη,
1334 1590 1445 1635 καθά
1474 1590 1596 1635 aaliz
1623 1593 1723 1650 θεὸς

274 1771 314 1804 in
339 1770 493 1804 sublime
529 1771 709 1805 tolluntur
740 1776 777 1805 et
801 1776 863 1805 aer
895 1771 980 1805 inde
1008 1772 1200 1813 densatur,
1237 1772 1383 1818 pluviae
1407 1773 1507 1807 nives
1531 1773 1720 1818 grandines

273 1818 419 1863 aliaque
443 1819 550 1858 talia,
587 1818 632 1851 de
670 1818 882 1852 humoribus
918 1821 1088 1852 nimirum
1122 1825 1223 1861 orta,
1262 1819 1493 1853 delabuntur.
1530 1831 1570 1853 ac
1595 1820 1640 1854 de
1665 1821 1721 1856 his

274 1865 423 1911 quidem
451 1866 490 1898 in
516 1865 613 1897 hunc
635 1865 783 1898 modum
811 1865 996 1899 hactenus.
1320 1893 1323 1894 ν

367 1912 448 1945 Non
490 1911 618 1944 dubito
656 1917 797 1954 autem,
830 1912 962 1946 dilecte
999 1913 1070 1955 fili,
1103 1918 1140 1947 te
1173 1918 1409 1958 posteaquam
1439 1924 1535 1947 nunc
1566 1925 1586 1946 a
1620 1915 1721 1949 Mose

276 1960 478 2004 conscripta
505 1965 583 1992 tum
609 1957 654 1991 de
673 1960 773 1992 coelo
798 1960 915 2004 primo
939 1965 1015 1993 tum
1039 1960 1083 1992 de
1113 1960 1237 2000 altero,
1258 1960 1427 1992 nimirum
1450 1959 1495 1992 de
1520 1961 1722 1995 firmamen-

276 2011 314 2039 to
359 2011 395 2038 et
434 2005 701 2050 comprehensis
740 2007 834 2039 inter
869 2007 979 2040 hosce
1014 2007 1104 2039 duos
1148 2007 1267 2039 coelos
1317 2007 1440 2051 aquis,
1487 2010 1722 2051 percurreris,

275 2053 447 2092 omnino,
473 2063 566 2096 quae
603 2058 667 2084 tua
693 2053 868 2086 sedulitas
896 2060 950 2087 est
985 2053 1218 2098 discendique
1239 2053 1418 2096 studium,
1445 2055 1507 2100 qui
1531 2055 1722 2090 sublimius

278 2098 453 2143 quiddam
491 2110 534 2130 ex
562 2098 617 2130 his
654 2099 738 2132 elici
764 2101 878 2144 possit
903 2100 1164 2145 indagaturum.
1200 2111 1241 2133 ea
1265 2099 1310 2133 de
1336 2112 1442 2134 causa
1468 2101 1538 2135 tihi
1562 2102 1724 2136 divinum

277 2145 478 2185 hominem,
506 2145 734 2178 Anastasium
764 2147 869 2179 illum
895 2147 1057 2181 Sinaiten
1091 2147 1234 2192 profero
1252 2172 1260 2187 ‚
1294 2148 1358 2192 qui
1383 2159 1462 2181 cum
1489 2159 1532 2181 ex
1550 2149 1660 2182 Paulo
1687 2150 1717 2196 (ι

280 2191 327 2224 ad
355 2191 433 2224 Cor.
466 2202 504 2223 10
523 2192 560 2237 6)
585 2193 781 2236 accepisset
805 2204 928 2227 omnes
956 2206 1008 2228 res
1033 2200 1105 2228 tam
1131 2194 1304 2226 coelestes
1330 2205 1437 2239 quam
1462 2201 1648 2230 terrestres
1674 2197 1725 2229 sic

281 2239 390 2271 factas
416 2249 492 2270 esse
517 2243 558 2270 ut
576 2238 708 2271 Christi
732 2240 859 2284 figuras
887 2247 923 2274 et
939 2242 1110 2286 imagines
1135 2240 1306 2286 quasdam
1332 2248 1622 2287 repraesentent,
1645 2244 1726 2288 ple-

282 2294 393 2330 mque
419 2285 536 2329 prisco
563 2285 600 2316 in
629 2285 775 2319 foedere
801 2289 999 2333 perscripta
1027 2299 1131 2321 sensu
1157 2287 1349 2331 allegorico
1377 2296 1431 2323 est
1458 2290 1723 2335 interpretatus.

283 2331 516 2377 quamobrem
545 2331 630 2364 audi
656 2333 745 2377 quid
771 2334 815 2366 de
845 2336 954 2368 coelis
982 2336 1080 2368 hisce
1107 2333 1246 2367 duobus
1272 2335 1402 2369 tradat.
1426 2338 1638 2381 superioris,
1667 2338 1725 2370 in-

284 2380 380 2424 quit,
407 2379 498 2410 coeli
524 2384 649 2411 natura
664 2381 767 2412 nobis
785 2382 1114 2427 incomprehensilis
1129 2382 1312 2414 continere
1335 2382 1424 2416 mihi
1442 2383 1587 2427 figuram
1609 2395 1726 2429 quan-

285 2426 366 2459 dam
381 2425 677 2469 iuadspectabilis
692 2427 789 2460 illius
810 2434 845 2460 et
861 2428 1190 2474 incomprehensilis
1218 2427 1417 2463 divinitatis
1430 2431 1582 2472 videtur,
1599 2442 1726 2476 quem-

284 2471 479 2505 admodum
515 2472 775 2506 firmamentum
815 2476 963 2509 inferius
989 2476 1161 2508 humanae
1197 2475 1235 2507 in
1261 2475 1401 2509 Christo
1426 2483 1574 2510 naturae
1599 2478 1726 2512 simili-

287 2520 453 2552 tudinem
489 2517 620 2560 hahet,
654 2531 759 2564 quam
801 2521 863 2554 ille
901 2523 945 2555 de
972 2523 1058 2556 locis
1094 2522 1218 2554 inseris
1244 2521 1435 2565 adsumsit3
1471 2535 1550 2556 cum
1579 2525 1725 2558 interim

288 2577 383 2611 aqua
409 2566 473 2598 ina
497 2565 648 2598 duorum
667 2568 848 2600 coelorum
867 2570 904 2602 in
927 2570 1044 2602 medio
1064 2568 1320 2612 comprehensa
1342 2570 1446 2602 nobis
1469 2572 1621 2604 animam
1647 2573 1724 2605 eius

287 2614 403 2647 omnis
437 2613 545 2656 plane
581 2612 673 2646 labis
712 2621 892 2658 expertem
932 2621 1283 2662 repraesentet‚qua
1306 2616 1466 2649 medium
1489 2619 1591 2662 quasi
1619 2618 1725 2663 quid-

286 2659 369 2693 dam
402 2665 457 2692 est
491 2660 587 2692 inter
617 2659 912 2700 divinitatemet
947 2663 1061 2696 carnis
1098 2662 1306 2695 crassitiem.
1331 2674 1413 2697 ecce
1438 2665 1532 2697 enim
1549 2690 1559 2706 ‚
1584 2666 1726 2700 coelum

285 2706 380 2739 illud
402 2706 565 2750 superius
590 2707 768 2752 principio
793 2710 933 2743 coelum
969 2709 1188 2756 appellatum
1218 2714 1293 2750 est,
1320 2716 1357 2743 et
1381 2710 1527 2756 quidem
1549 2713 1725 2745 naturali-

285 2759 365 2794 ter,
390 2752 690 2798 quemadmodum
719 2756 826 2790 etiam
847 2756 934 2792 deus
962 2757 1024 2791 ille
1046 2767 1160 2791 sermo
1185 2755 1231 2790 ab
1264 2757 1371 2792 initio
1395 2757 1484 2793 deus
1512 2764 1577 2794 est.
1601 2764 1637 2793 at
1662 2759 1724 2792 fir-
