1826 3120
635 133 921 176 ANNALmM
961 133 1099 175 PARS
1123 134 1177 174 u.
1514 110 1630 184 329

169 233 279 290 ύηὲρ
311 234 445 277 αὑτοῦ
471 237 528 292 τῷ
558 238 689 291 πατρί
718 237 973 290 διαλέγεται.
1002 234 1110 290 μετιὲ
1142 236 1188 278 δὲ
1217 233 1355 278 ταῦτα
1381 229 1525 275 διώκει
1555 230 1630 274 τὸν

165 298 311 356 Δαβὶδ
335 304 407 343 καί
437 299 550 352 ἅπαξ
579 301 653 344 καὶ
681 301 745 352 δίς
773 302 844 344 καί
865 300 1078 352 πολλάκις,
1137 301 1363 358 τηνικαῦτα
1391 300 1447 357 τῷ
1480 299 1629 355 α’ρχιε..

150 374 237 422 ’ρεῖ
255 365 468 423 Ἀβιάθαρ
499 371 802 424 προσέρχεται·
871 367 967 411 τότε
1011 370 1086 411 καί
1112 367 1210 418 τούς
1237 363 1390 422 ἄρτους
1420 368 1496 421 τῆς
1523 381 1628 419 προ-

165 437 326 483 θέσεως
355 433 526 491 ἔφαγεν.
585 436 748 478 ἐκεῖθεν
774 430 906 485 αὖθις
935 433 1086 492 φεύγει
1113 433 1220 491 πρὸς
1247 435 1495 488 Ἀβιμέλεχ·
1535 432 1628 475 τότε

128 504 215 549 ὅδὲ
253 504 327 544 καί
363 500 412 543 τά
447 504 530 544 ταῖν
565 503 842 557 ἐπιληπτικῶν
881 501 1164 556 ὑποκρίνεται.
1241 500 1313 544 ἐπὶ
1339 499 1500 549 τούτοις
1524 501 1572 542 δὲ
1604 496 1627 540 ὅ

168 568 312 623 Δαβίὃ
348 567 486 622 εὑρών
523 567 598 610 τὸν
627 567 768 611 Σαοὺλ
808 571 882 611 καί
910 565 1022 618 ἅπαξ
1064 568 1138 610 καί
1166 570 1256 621 δι’ς,
1288 566 1362 610 καὶ
1387 567 1626 609 ἀποκτεῖναι

145 634 296 678 ἀὐτὸν
330 632 521 690 εὐχερῶς
558 633 692 689 ἔχων,
732 638 908 690 ποιῆσαι
964 636 1086 677 τοῦτο
1130 636 1208 677 οὐκ
1253 630 1405 690 ἤθελε,
1442 636 1502 691 τῷ
1539 634 1628 690 θεῷ’

162 700 300 745 πάντα
339 700 391 744 τά
427 704 518 744 κατ’
553 700 680 743 adrine
701 698 931 752 ἀνατιθείς.
1007 702 1080 744 καί
1122 702 1223 758 περὶ
1258 704 1338 756 μὲν
1363 702 1524 743 τούτων
1553 697 1627 741 οὕ-

162 784 261 818 τως.

104 850 152 878 10
279 835 566 879 Παλαιστινοί
592 837 631 878 δ’
662 830 793 883 αὖθις
819 833 926 877 κατὰ
953 834 1188 877 Ἰουδαίων
1205 834 1530 889 στρατεύονται,
1558 836 1666 891 ἐφἘ.

165 895 205 961 ᾦ
231 905 307 944 καί
332 901 435 952 τούς
466 898 623 951 αὖτοὺς
649 900 907 956 συμμάχους
936 899 959 943 ὅ
983 899 1168 956 Ἀγχούς
1187 906 1318 947 καλεῖ.
1377 897 1468 955 ὄρει
1500 903 1544 944 δὲ
1572 904 1627 957 τῷ

161 970 348 1023 Γελβουὲ
374 966 632 1024 προσβάλλει
660 968 734 1010 καί
759 967 952 1021 ὃΣαούλ,
980 970 1052 1011 καί
1080 970 1334 1025 πολυπληθῆ
1360 970 1438 1023 τὴν
1465 984 1627 1022 παρεμ-

159 1033 290 1092 βολὴν
318 1038 402 1078 τῶν
441 1033 692 1092 ἀλλοφύλων
718 1033 824 1078 ἰδών
863 1034 1106 1091 ἐταράχθη,
1137 1036 1210 1078 καί
1235 1035 1379 1090 ἐξέστη
1410 1034 1437 1090 ἦ
1469 1036 1627 1088 καρὸιά

161 1102 306 1146 αὕῐοῦ.
364 1105 439 1146 καί
465 1103 709 1160 ἐπηρώτησε
738 1101 814 1144 τὸν
857 1101 1004 1157 κύριον
1040 1101 1110 1145 διὰ
1135 1104 1214 1145 τοῦ
1238 1100 1419 1159 Ἐφούθ,
1452 1101 1526 1143 καί
1553 1102 1628 1143 οὐκ

76 1170 369 1226 ’ῐΒοῖπεκριθη
400 1171 539 1228 αύτῷ·
596 1171 671 1212 καί
694 1168 777 1224 γαρ
807 1171 848 1212 εἰ
870 1168 928 1224 μή
965 1170 1219 1223 εὐδοκίμουν
1248 1172 1348 1223 παρ’
1378 1171 1518 1226 αύτῷ,
1549 1169 1627 1210 οὔκ

157 1235 403 1293 εἶσήκουσεν
432 1238 587 1280 αὐτῶν.
661 1238 733 1292 ἐφ’
765 1230 802 1295 (ᾗ
843 1238 918 1278 καί
946 1238 1064 1292 ζητεῖ
1097 1238 1457 1292 ἐγγαστριζιιυθον,
1491 1238 1531 1277 εἰ
1556 1235 1630 1277 καὶ

157 1302 206 1345 τὸ
236 1305 354 1358 γένος
383 1303 524 1345 αὐτῶν
564 1301 755 1360 ἔφθασεν
783 1304 829 1344 ἐκ
857 1306 931 1359 τῆς
970 1304 1133 1353 πόλεως
1164 1305 1300 1345 αὐτοῦ
1332 1303 1523 1356 ἐκβαλεῖν
1551 1299 1625 1344 ἅτε

155 1370 264 1424 πρὸς
306 1369 411 1412 θεὸν
452 1367 660 1426 πρότερον
698 1371 899 1424 εὐσεβῶν.
974 1372 1307 1426 ἐγγαστριζιιυθοι
1348 1371 1394 1412 δὲ
1435 1371 1623 1423 ἐλέγοντο

157 1436 229 1478 διὰ
259 1433 305 1479 τὸ
346 1438 529 1490 ὃαιζιιονα
572 1435 687 1491 ἔχειν
722 1439 766 1479 ἐν
804 1439 857 1494 τῇ
882 1437 1038 1493 γαστρί
1065 1437 1208 1480 αύτῶν
1236 1436 1523 1492 ἐγκαθήμενον
1549 1436 1660 1479 καίΟ

90 1521 143 1548 20
155 1502 206 1545 τοὶ
234 1507 446 1557 μέλλοντα
474 1505 768 1557 μυθευόμενον
797 1503 868 1546 εἴτ’
911 1499 985 1546 οὖν
1012 1503 1336 1557 μαντευόμενον.
1394 1501 1441 1544 τὸ
1472 1504 1618 1555 μέντοι

1189 1572 1208 1581 u

150 1569 326 1625 γύναιον
353 1572 486 1613 ἐκεῖνο
518 1574 711 1613 πείθεται
740 1570 886 1625 μόλις,
931 1572 1003 1613 καί
1030 1570 1105 1627 τὴν
1132 1587 1204 1613 του
1240 1568 1442 1624 Σαμουὴλ
1469 1569 1617 1623 ψυχὴν

151 1639 195 1688 ἐξ
222 1633 329 1695 ᾅδου
364 1635 534 1692 ἀνάγει,
567 1637 625 1687 ὥς
650 1638 859 1695 Ἰώσηπος
887 1636 1054 1694 ἱστορεῖ.
1109 1635 1131 1679 ὃ
1161 1637 1239 1694 γὰρ
1273 1635 1327 1679 τιὶ
1348 1639 1447 1678 θεῖα
1481 1635 1616 1692 σοφὸς

246 1773 277 1806 7.
304 1762 356 1807 τῷ
383 1763 459 1808 θεῷ
490 1758 530 1796 τὸ
559 1762 638 1796 κατ’
662 1760 780 1796 (ω’τοῦ
805 1763 843 1796 F.
974 1765 1006 1797 8.
1030 1763 1103 1811 μὲν
1128 1762 1262 1796 deerat.

149 1861 226 1895 filio
264 1861 514 1906 ministrisque
547 1860 730 1894 fidissimis
765 1862 892 1906 aperit.
935 1867 971 1896 at
998 1862 1092 1895 silius
1133 1861 1179 1894 ad
1202 1860 1378 1894 Davidem
1417 1867 1610 1906 paternum

147 1908 339 1942 consilium
367 1909 555 1950 enuntiat,
581 1909 734 1954 eiusque
761 1921 866 1942 causa
889 1915 1029 1954 patrem
1059 1909 1270 1954 alloquitur.
1296 1908 1360 1941 ille
1385 1909 1514 1948 semel,
1541 1908 1609 1948 bis,

146 1957 333 1990 multoties
361 1955 532 1989 Davidem
558 1957 806 2002 persequitur3
833 1958 897 2001 qui
923 1957 988 1990 tali
1015 1967 1133 1989 rerum
1160 1967 1303 1989 suarum
1324 1961 1419 1989 statu
1433 1956 1610 1990 Abiatha-

146 2016 225 2037 rum
263 2005 471 2049 pontificem
510 2004 652 2037 accedit
688 2010 724 2037 et
759 2004 915 2050 panibus
947 2004 1206 2049 propositionis
1242 2004 1411 2036 vescitur.
1439 2003 1525 2036 hinc
1562 2004 1609 2038 ad

143 2051 418 2085 Abimelechum
451 2051 533 2095 fuga
558 2063 596 2085 se
623 2052 782 2093 confert,
815 2052 877 2085 ubi
900 2051 1026 2085 morbo
1052 2051 1168 2086 teneri
1192 2052 1389 2097 epileptico
1416 2051 1607 2085 iudicaba-

143 2104 214 2135 tur.
242 2100 386 2132 interim
419 2099 575 2133 Davides
607 2100 756 2132 Saulum
794 2100 907 2132 semel
943 2105 1054 2145 atque
1094 2100 1225 2133 iterum
1260 2104 1440 2144 repertum
1477 2111 1608 2133 necare

143 2159 225 2179 cum
251 2147 350 2180 facili
374 2153 555 2180 momento
582 2153 729 2192 posset,
762 2158 992 2193 nequaquam
1018 2153 1139 2181 tamen
1164 2146 1203 2180 id
1228 2147 1346 2181 facere
1372 2147 1506 2189 voluit,
1536 2147 1607 2180 deo

142 2194 312 2227 nimirum
339 2195 550 2239 permittens
580 2194 757 2240 quicquid
781 2195 826 2228 de
851 2196 930 2240 ipso
961 2195 1121 2228 futurum
1147 2200 1250 2228 esset.

238 2243 389 2275 Rursum
412 2243 608 2276 Palaestini
632 2243 755 2288 copias
781 2255 862 2276 suas
901 2241 1088 2276 adversum
1116 2242 1266 2276 Iudaeos
1296 2242 1475 2278 educunt,
1500 2241 1606 2274 ideo-

142 2299 214 2334 que
239 2301 320 2323 suos
345 2290 451 2323 etiam
472 2291 664 2323 auxiliares
682 2291 786 2323 Aeliis
814 2303 875 2323 rex
900 2296 1082 2323 convocat.
1108 2295 1184 2324 tum
1199 2290 1329 2324 Saulus
1347 2300 1495 2336 quoque
1522 2301 1606 2322 cum

142 2337 215 2369 suis
243 2337 290 2369 ad
316 2343 475 2371 montem
502 2338 679 2371 Gelboem
698 2338 909 2380 contendit3
937 2349 1090 2383 cumque
1118 2339 1290 2372 maximas
1316 2339 1354 2371 in
1381 2338 1605 2382 alienigena-

141 2394 220 2416 rum
247 2385 372 2418 castris
405 2396 481 2418 esse
517 2386 639 2431 copias
662 2387 926 2431 conspexisset,
966 2385 1194 2430 perturbatus
1219 2391 1274 2419 est
1296 2386 1482 2430 animique
1507 2385 1604 2429 gravi

140 2435 278 2464 terrore
305 2439 500 2477 correptus.
528 2444 606 2466 eam
632 2433 678 2466 ob
712 2445 784 2467 rem
819 2433 1004 2466 dominum
1031 2444 1097 2478 per
1122 2433 1305 2479 ephodum
1333 2433 1509 2472 consulit,
1539 2432 1603 2477 qui

140 2477 234 2511 nihil
263 2479 298 2512 ei
332 2480 542 2524 respondet:
578 2482 714 2526 quippe
750 2482 787 2514 ni
816 2481 912 2513 bona
944 2487 1063 2515 essent
1086 2481 1186 2527 apud
1211 2481 1319 2514 deum
1349 2480 1535 2513 Israelitae
1562 2479 1602 2512 iu

140 2526 271 2568 gratia,
296 2538 369 2560 non
395 2527 612 2562 exaudiebat
639 2540 710 2561 eos.
739 2529 848 2574 igitur
872 2529 1043 2561 feminam
1069 2528 1222 2575 inquirit
1248 2539 1341 2574 quae
1368 2527 1512 2561 oracula
1535 2537 1603 2571 per

139 2579 300 2606 ventrem
325 2574 504 2616 redderet,
534 2587 739 2621 quanquam
769 2582 896 2616 antea,
922 2588 1001 2609 cum
1027 2575 1145 2610 adhuc
1169 2577 1207 2609 in
1233 2577 1340 2610 deum
1367 2587 1405 2608 se
1432 2574 1602 2619 religiose

139 2626 303 2663 gereret,
328 2627 440 2655 totam
477 2623 686 2656 huiusmodi
727 2625 919 2656 mulierum
947 2623 1133 2658 nationem
1169 2636 1187 2657 e
1213 2635 1250 2657 re
1275 2623 1423 2670 publica
1447 2634 1512 2655 sua
1536 2632 1600 2654 ex-

137 2668 292 2712 pulerat.
327 2675 500 2703 vocantur
533 2677 654 2704 autem
682 2670 890 2704 huiusmodi
926 2671 1082 2705 feminae
1122 2672 1375 2716 ventriloquae
1405 2675 1600 2716 propterea

138 2714 238 2758 quod
264 2717 407 2759 genium
432 2719 470 2750 in
495 2725 619 2752 ventre
635 2718 907 2752 delitescentem
932 2718 1101 2760 habeant,
1132 2721 1196 2766 qui
1221 2719 1265 2751 ‹le
1290 2718 1422 2752 suturis
1446 2728 1598 2763 respon-

139 2761 224 2797 «leat
252 2769 289 2797 et
313 2765 539 2801 vaticinetur.
565 2767 626 2803 vix
652 2767 800 2809 Saulus,
827 2766 927 2813 quod
952 2766 1136 2814 poscebat,
1166 2778 1186 2801 ι
1210 2766 1425 2801 muliercula
1450 2765 1600 2800 tandem
