1826 3120
596 156 885 197 ANNALHJM
925 157 1063 198 PARS
1103 159 1158 198 11.
1487 139 1603 214 339

130 262 312 309 θυσίαις
357 255 490 299 miro&
517 257 784 312 κατεφέρετο.
842 258 916 299 καὶ
946 255 1016 299 τὸν
1043 258 1123 311 μὲν
1151 257 1254 302 ναὸν
1283 259 1420 308 λίθοις
1452 253 1605 306 cincla?

131 323 270 381 κήτοις
317 324 536 377 οἰκοδομεῖ
574 318 826 378 (αὐτοφυεῖς
862 322 945 378 γὰρ
989 323 1230 380 εὑρέθησαν
1277 325 1375 384 θείᾳ
1405 327 1605 383 προνοίᾳ,

133 390 244 436 οιῗστε
274 390 451 447 μηδενὸς
491 390 698 444 ἁρμονίαν
731 391 936 445 δεηθῆναι
972 389 1175 446 σιδήρου,
1204 389 1264 441 ὥς
1297 409 1402 448 φησι
1434 390 1607 434 Θεοδώ-

133 462 277 515 ρητος)
303 492 314 512 ,
344 456 418 500 τὸν
439 458 486 499 δὲ
512 458 589 500 τοῦ
616 455 733 511 ἱεροῦ
767 456 990 511 περιβολον
1017 464 1192 512 τμητοῖς
1219 458 1359 509 λίθοις
1395 457 1609 514 ἐὸομήσα-

94 526 204 580 5το,
234 526 358 567 minet
392 526 467 567 καί
505 523 704 577 λατόμων
741 525 898 570 δέεται.
973 523 1020 566 τὸ
1053 527 1196 577 μέντοι
1233 528 1367 580 μῆκος
1396 528 1474 569 τοῦ
1504 528 1610 583 ναοῦ

130 590 334 649 ἐξήκοντα
375 594 546 647 πηχέων
575 586 651 646 ἦν,
682 589 755 632 καί
781 589 911 633 εἴκοσι
937 589 984 633 τὸ
1013 587 1155 647 εὖρος.
1227 591 1367 651 κύκλῳ
1396 594 1473 635 τοῦ
1500 599 1611 636 ναοῦ

131 660 304 702 οἰκίσκοι
326 655 720 716 ιιιῖκοδομήθηθησαν
733 655 867 710 χάριν
887 659 973 699 τῶν
985 660 1183 701 Λευιτῶν
1199 659 1273 701 καί
1293 661 1367 714 τῆς
1383 661 1464 702 τῶν
1483 675 1611 702 σκευ-

131 727 190 768 ὧν
216 727 483 774 α’ποθέσεως·
542 721 593 766 τὰ
626 721 706 778 γὰρ
740 720 843 778 ἅγια
869 721 1020 777 μόνοις
1048 731 1137 774 τοῖς
1167 724 1357 783 ἱερεῦσιν
1389 721 1501 781 ἦσαν
1527 729 1610 781 βα-

132 789 198 835 τά.
275 790 320 834 τὸ
369 793 415 833 δὲ
441 792 521 832 τοῦ
568 791 676 832 ναοῦ
722 785 836 843 ὕψος
863 790 922 845 ρκ’
971 789 1142 845 πήχεων
1170 788 1238 847 ἦν.
1293 791 1430 834 πάντα
1463 794 1510 834 δὲ
1540 791 1610 836 τὸν

68 874 119 902 10
134 856 233 901 ναὸν
257 855 421 914 χρυσὸς
443 855 743 898 συνεκάλυπτε.
774 857 908 898 ταῦτα
928 858 975 899 δὲ
995 855 1136 899 πάντα
1156 856 1209 900 τὰ
1237 858 1316 900 τοῦ
1343 859 1449 900 ναοῦ
1477 858 1502 914 ἦ
1530 861 1654 912 μὲνῙ)

128 925 260 981 χάρις
283 925 361 966 τοῦ
390 923 513 978 ἁγίου
544 923 783 976 πνεύματος
812 921 1005 974 ὑπέδειξε
1033 926 1092 982 τῷ
1109 924 1281 978 Δαβίδ,
1314 923 1441 975 αὐτὸς
1476 928 1523 967 δὲ
1550 924 1609 983 τῷ

130 992 389 1044 Σολομῶντι.
420 989 640 1042 οἰκοδομεῖ
665 989 712 1030 δὲ
733 987 807 1031 τὸν
831 991 951 1031 θεῖον
980 984 1093 1032 οἶκον
1124 991 1282 1032 ἐκεῖνον
1309 989 1418 1044 μετὰ
1449 988 1506 1033 τλ’
1536 989 1610 1046 ἔτη

128 1059 205 1112 τῆς
232 1055 395 1108 ἐξόδου.
464 1058 687 1111 παρῆλθον
718 1056 765 1098 δὲ
806 1057 995 1098 τοσαῦτα
1027 1056 1097 1112 ἔτη
1116 1090 1128 1110 ,
1171 1053 1286 1106 ὅπως
1318 1054 1610 1111 α’ποκαμόντες

130 1125 183 1181 τῇ
208 1125 269 1174 εἰς
299 1122 351 1165 τὰ
392 1117 471 1180 ὅρη
503 1123 807 1179 περιπλανήσει
843 1121 917 1165 τὸν
950 1125 1024 1166 ἕνα
1061 1122 1192 1166 τόπον
1218 1123 1297 1181 τήν
1319 1123 1612 1181 Ἰερουσαλήμ

69 1195 120 1236 ι5
134 1188 400 1246 ἀγαπήσωσι.

251 1259 396 1299 Ταῦτα
441 1258 489 1299 δὲ
530 1255 581 1299 τά
623 1254 732 1298 κατά
762 1271 809 1311 γε
846 1255 921 1298 τὸν
963 1255 1148 1299 παλαιὸν
1181 1256 1311 1312 ναόν,
1354 1254 1402 1307 ὃς
1428 1258 1488 1306 εἰς
1513 1255 1613 1311 τρία

132 1324 356 1382 διῄρηται,
402 1322 462 1373 εἴς
493 1338 538 1365 τε
576 1321 653 1378 τήν
691 1324 775 1365 τῶν
813 1326 972 1365 λαϊκιόν
1011 1322 1172 1380 δηλαδὴ
1209 1322 1390 1377 στάσιν,
1419 1322 1495 1378 τήν
1526 1325 1613 1365 τῶν

130 1387 282 1445 ἱερέων
311 1387 386 1432 καί
410 1391 493 1432 τῶν
522 1393 746 1443 Λευιτῶν,
780 1386 827 1439 ὃς
860 1388 908 1445 δὴ
938 1391 1012 1432 καί
1033 1389 1157 1440 τόπος
1186 1387 1302 1444 ἅγιος
1332 1391 1508 1444 ἐλέγετο,
1539 1390 1616 1430 καί

132 1458 194 1505 εἰς
219 1455 330 1498 αὐτὰ
375 1455 426 1499 τὰ
468 1451 628 1510 ἄδυτα,
661 1454 691 1497 ἃ
727 1454 777 1510 δὴ
808 1455 883 1498 καί
911 1453 1013 1511 ἅγια
1045 1458 1131 1499 τῶν
1159 1456 1291 1511 ἁγίων
1320 1458 1534 1507 ἐκαλεῖτο,
1564 1457 1612 1498 ἐν

66 1541 120 1571 ao
133 1519 198 1574 οἷς
226 1523 368 1574 οὐδείς
397 1521 617 1579 εἰσήρχετο
646 1523 687 1565 εἰ
705 1521 763 1579 μή
794 1521 925 1577 μόνος
957 1522 978 1564 ὁ
1006 1521 1246 1579 ἀρχιερεύς,
1278 1524 1467 1572 κάκεῖνος
1496 1519 1611 1574 ἅπαξ
1623 1538 1657 1572 Ρ,
1678 1540 1742 1574 132

233 1648 285 1671 ια.
310 1637 375 1684 τλῚ
401 1637 468 1680 480
504 1637 685 1672 numerari
723 1638 805 1681 Reg.
831 1640 850 1672 3
877 1639 901 1673 6
930 1642 1057 1671 monet
1079 1635 1272 1679 Labbeus,
1300 1647 1370 1671 nec
1394 1635 1519 1671 deesse
1544 1637 1610 1683 qui

231 1685 299 1719 580
328 1685 468 1719 malint.
592 1686 644 1719 16.
671 1679 716 1720 w>
746 1695 804 1719 om
831 1685 867 1719 P.

134 1787 229 1821 latas
267 1786 478 1832 absumpsit.
523 1787 568 1821 de
593 1799 666 1833 quo
693 1787 782 1822 lieet
818 1787 1080 1822 animadvertas
1105 1792 1244 1833 quanta
1271 1788 1476 1822 Solomonis
1501 1788 1609 1823 initio

133 1836 252 1881 pietas
281 1841 318 1868 et
344 1835 471 1879 religio
490 1835 618 1876 fuerit,
647 1835 792 1880 quando
813 1837 1008 1880 impetrare
1033 1836 1156 1880 potuit
1179 1841 1221 1868 ut
1244 1835 1283 1867 in
1304 1835 1467 1868 victimas
1493 1836 1610 1881 ipsius

135 1883 230 1928 iguis
272 1893 293 1916 e
320 1883 423 1916 coelo
463 1882 709 1916 delaberetur.
748 1883 923 1928 templum
963 1888 1084 1916 autem
1121 1881 1167 1915 de
1208 1881 1394 1927 lapidibus
1431 1884 1611 1918 exstruxit

133 1931 230 1963 ascia
258 1930 361 1964 nulla
390 1930 541 1975 politis:
572 1942 654 1963 nam
681 1930 803 1963 divina
836 1930 1067 1975 providentia
1094 1929 1229 1963 factum
1255 1935 1311 1962 est
1334 1935 1377 1963 ut
1399 1930 1451 1963 sic
1478 1941 1544 1975 per
1569 1943 1608 1964 se

132 1978 212 2011 nati
240 1978 506 2023 reperirentur,
547 1978 651 2011 nullo
676 1984 717 2011 ut
741 1977 836 2011 ferro
862 1977 1170 2022 quemadmodum
1195 1976 1442 2010 Theodoritus
1468 1989 1608 2012 memo-

133 2025 211 2058 riae
235 2024 418 2070 prodidit,
456 2024 503 2058 ad
539 2036 601 2058 eos
638 2026 734 2058 inter
762 2036 799 2058 se
829 2024 1112 2070 compingendos
1149 2029 1186 2058 et
1215 2025 1487 2058 concinnandos
1513 2036 1605 2070 opus

135 2077 242 2107 esset.
269 2078 306 2106 at
330 2084 414 2106 vero
440 2073 570 2118 templi
595 2073 861 2106 munimentum
888 2073 1044 2106 exterius
1071 2083 1092 2105 e
1117 2071 1230 2106 caesis
1256 2071 1443 2116 lapidibus
1474 2073 1606 2106 aedifi-

135 2120 254 2161 cavit,
286 2120 413 2166 ibique
451 2120 689 2165 lapicidarum
727 2121 930 2153 necessaria
970 2125 1047 2153 erat
1082 2130 1202 2164 opera.
1240 2119 1370 2164 templi
1409 2120 1603 2164 longitudo

133 2167 206 2200 fuit
231 2169 417 2214 sexaginta
441 2168 666 2209 cubitorum,
692 2167 848 2201 latitudo
872 2168 1011 2212 viginti.
1034 2166 1073 2200 in
1102 2166 1264 2201 eiusdem
1287 2166 1440 2200 circuitu
1467 2168 1605 2212 passim

135 2213 327 2248 aediculae
356 2215 535 2260 quaedam
575 2215 622 2248 ad
652 2216 856 2249 Levitarum
892 2227 977 2248 usus
1005 2213 1210 2248 adstructae
1245 2220 1348 2257 sunt,
1393 2220 1430 2248 et
1454 2221 1495 2248 ut
1519 2227 1604 2249 vasa

135 2273 236 2295 sacra
271 2263 310 2296 in
346 2263 397 2296 eis
431 2268 714 2308 reponerentur:
753 2261 932 2295 namhoc
965 2262 1156 2295 sacrarium
1193 2261 1278 2296 solis
1304 2273 1324 2294 a
1350 2262 1602 2296 sacerdotibus

135 2308 229 2343 adiri
254 2309 306 2343 fas
332 2316 419 2343 erat.
445 2309 604 2344 altitudo
623 2310 700 2343 fani
720 2310 923 2343 cubitorum
947 2315 1024 2343 erat
1049 2315 1193 2343 centum
1217 2309 1356 2353 viginti.
1385 2315 1423 2343 et
1451 2310 1602 2355 quidem

132 2356 259 2397 fanum
301 2356 372 2390 hoc
397 2358 603 2391 universum
628 2369 715 2390 auro
739 2357 976 2402 integebatur.
1003 2357 1122 2390 omnia
1147 2368 1233 2390 vero
1259 2358 1372 2390 istaec
1397 2357 1436 2389 in
1462 2357 1600 2401 templo

135 2403 382 2438 construenda
411 2406 560 2450 spiritus
587 2411 731 2438 sanctus
768 2417 833 2449 per
857 2405 1006 2449 gratiam
1028 2415 1128 2438 suam
1155 2403 1288 2438 Davidi
1319 2403 1601 2444 demonstravit,

136 2451 292 2485 Davides
325 2463 465 2485 rursum
501 2452 689 2486 Solomoni
723 2452 817 2494 filio3
861 2452 924 2497 qui
959 2452 1117 2486 divinam
1151 2451 1246 2485 hanc
1273 2450 1400 2484 aedem
1427 2463 1523 2484 anno
1552 2450 1599 2484 ab

137 2498 388 2532 Isi-aencorum
415 2511 460 2532 ex
483 2501 646 2544 Aegypto
671 2499 888 2544 migratione
924 2500 992 2532 320
1015 2499 1228 2533 aedificavit.
1257 2504 1312 2533 tot
1336 2504 1458 2532 autem
1483 2499 1600 2531 iuter-

139 2552 328 2580 cesserunt
359 2548 466 2588 anni,
507 2553 548 2580 ut
581 2546 729 2581 tandem
764 2547 922 2592 pertaesi
955 2547 1235 2591 obvagationum
1273 2546 1418 2579 illarum
1451 2546 1600 2591 quosvis

136 2593 179 2626 *in
199 2599 341 2626 montes
365 2594 486 2628 locum
517 2595 683 2636 unicum,
708 2594 883 2628 videlicet
908 2594 1179 2638 Hierosolyma,
1203 2593 1408 2637 diligerent.

234 2639 424 2675 Caeterum
450 2653 544 2687 quae
572 2643 611 2674 in
636 2641 705 2675 hoc
729 2642 844 2675 veteri
869 2641 952 2674 fano
977 2641 1145 2683 fuerunt,
1174 2640 1289 2675 diviso
1317 2646 1390 2673 tres
1407 2641 1444 2673 in
1467 2644 1601 2685 partes,

139 2686 310 2720 nimirum
336 2688 374 2721 in
397 2688 516 2722 locum
541 2689 605 2722 ubi
629 2689 711 2722 laici
736 2689 1001 2730 consisterent,
1027 2695 1066 2724 et
1088 2688 1152 2722 ubi
1178 2693 1410 2724 versarentur
1432 2687 1602 2723 sacerdo-

138 2740 194 2767 tes
215 2746 256 2767 ac
279 2735 446 2778 Levitae,
470 2737 534 2782 qui
558 2737 659 2770 locus
683 2736 867 2781 peculiare
893 2737 1039 2770 sacrarii
1065 2747 1199 2770 nomen
1224 2735 1396 2774 habebat,
1421 2735 1458 2767 in
1482 2735 1602 2777 Adyta

139 2779 302 2828 denique
326 2784 521 2823 sacrarium
546 2784 810 2821 sanctissimum
836 2789 1065 2830 nuncupata»,
1089 2795 1182 2830 quae
1207 2783 1308 2817 adire
1332 2782 1468 2824 nemini
1495 2792 1600 2827 prae.-
