1826 3120
246 126 277 183 5
294 143 356 182 ιο
690 142 978 188 MianEms
1020 145 1237 190 emme

241 266 325 291 των
355 262 488 295 ουτως
519 244 697 298 ἑχόντων
727 247 1007 303 ἐπανέρχεται
1039 249 1121 291 α’πό
1165 253 1241 292 τοῦ
1269 246 1516 308 Δυρραχίου
1551 255 1574 297 ὅ
1601 257 1694 298 δια·

241 313 422 371 ληφθεις
453 313 632 364 Φωκεῖς,
662 310 736 354 καί
765 329 849 354 των
877 319 948 355 πο.
947 318 1058 358 ιτῶν
1094 318 1139 359 ἒν
1167 319 1223 358 τῶ
1244 317 1432 378 Ἑβδόμω
1459 324 1695 377 συναχθέν-

235 394 319 422 των
345 375 548 433 βασιλευς
578 377 890 455 ἀναγορεύεται.
948 388 1099 436 κρατεῖ
1110 377 1184 426 οὖν
1211 383 1234 425 ὅ
1256 385 1546 442 Καππαδόκης
1573 383 1695 438 ουτος

237 447 394 493 Φωκαῒς
427 442 495 498 ἔτη
513 441 562 498 η’.
619 442 725 495 μετὰ
755 446 802 487 δὲ
827 463 963 489 ταυτα
994 450 1076 489 τῶν
1106 448 1251 503 δήμων
1277 451 1598 496 στασιασάντων
1624 469 1696 496 και

233 511 435 565 λεγόντων
464 506 530 552 ὅτι
558 511 805 565 Μαυρίκιος
832 510 907 554 οὐκ
935 514 1171 566 α’πέθανεν,
1201 517 1274 558 έπί
1299 514 1371 559 τόν
1405 517 1539 559 αυτοῦ
1565 518 1733 582 φόνον5

234 577 256 618 ὅ
287 577 441 626 Φωκᾶς
469 581 658 622 κινεῖται.
688 593 758 620 και
793 577 845 633 δὴ
869 582 914 622 έν
940 582 997 636 τῶ
1023 582 1098 622 τοῦ
1114 584 1356 636 Εὔτροπίου
1386 588 1523 639 λιμένι
1550 587 1698 666 πρῶτοι

233 647 310 698 μὲν
339 643 567 699 αναιροῦσι
592 643 688 693 τοὺς
716 642 744 685 ε’
775 647 931 696 παῖδας
957 647 1120 701 αυτοῦ,
1161 651 1294 705 μηδὲν
1326 646 1429 692 αλλο
1469 650 1698 709 τηνικαῦτα

234 715 423 767 λέγοντος
467 707 498 766 ἢ
538 712 663 753 τοῦτο
701 712 892 764 ,,δι’καιος
929 709 993 765 εἶ,
1035 712 1177 768 κύριε,
1216 715 1290 758 καὶ
1335 717 1528 774 ὃικαίαῆ
1558 722 1696 775 κρισις

232 784 343 832 σου,’
334 780 357 800 ”
386 780 625 820 τελευταῖον
652 778 698 819 δὲ
717 776 790 820 καὶ
808 773 936 820 αὗτὸν
964 777 1204 836 ἀναιροῦσι.
1232 780 1311 838 τήν
1337 785 1479 837 μέντοι
1513 790 1695 839 γυναῖκα

196 842 373 887 Βαῦτοῦ
403 860 485 886 συν
511 848 605 893 ταῖς
637 844 901 901 θυγατράσιν
933 846 977 887 ἐν
1003 847 1274 906 μοιαστηρίω
1309 852 1566 893 κατακλείει.
1595 854 1695 893 καλ·
1713 866 1761 895 ιο

233 908 445 967 λιγράφος
486 925 563 951 ουν
609 908 692 951 από
725 912 980 964 παννυχίδος
1023 912 1069 953 ἐν
1091 908 1391 973 Ἀλεξανδρεία
1418 917 1698 974 στρεφόμενος

231 976 415 1031 ἑσπέρας
443 978 540 1017 καθ’
569 974 619 1032 ἣν
648 975 838 1033 ἀνῃρέθη
852 979 1115 1033 Μαυρίκιος,
1156 995 1309 1034 ηκουσε
1328 980 1427 1031 τούς
1445 978 1697 1039 ἀνδριάντας

234 1045 282 1087 ἐκ
309 1044 392 1086 τῶν
414 1043 572 1096 βωμῶν
600 1043 794 1096 λέγοντας
816 1040 895 1098 τὴν
917 1044 1077 1085 ἐκείνου
1100 1045 1339 1101 ἀναίρεσιν,
1365 1047 1440 1090 καί
1459 1046 1696 1104 σημειωσιὶ-

229 1125 354 1163 μενος
377 1107 450 1151 τὸν
469 1106 619 1163 καιρὸν
640 1105 828 1163 εὑρίσκει
856 1108 901 1150 τὸ
928 1112 1101 1164 πρᾶγμα
1127 1107 1264 1160 οὕτως
1277 1112 1389 1167 ἔχον.
1425 1113 1478 1156 τὰ
1509 1111 1620 1156 αῧτά
1649 1115 1698 1158 δὲ

230 1178 305 1218 καί
342 1178 415 1218 έπί
448 1180 533 1224 τοῖς
561 1177 722 1223 λοιποῖς
753 1174 888 1216 αὐτοῦ
915 1177 1157 1229 συγγενέσιν
1190 1177 1211 1218 ὃ
1239 1180 1395 1228 Φωκᾶς
1422 1175 1759 1235 διεπράξατοζίό

350 1240 454 1284 Τότε
485 1241 622 1283 τοίνυν
650 1238 850 1295 Χοσρόης
878 1239 900 1281 ὅ
933 1243 1118 1298 Περσῶν
1153 1243 1353 1296 βασιλεὺς
1381 1242 1551 1301 ὥρμησε
1584 1245 1695 1288 κατὰ

225 1310 468 1361 Ῥωλιιαίων,
501 1305 658 1359 ὅμοίως
685 1306 758 1348 καί
791 1302 1004 1362 ’Ἀβαρες,
1040 1306 1110 1350 διὰ
1142 1307 1188 1350 τό
1219 1308 1291 1351 τὸν
1319 1307 1492 1354 α’νόσιον
1519 1316 1695 1368 προκρῖ-

233 1391 305 1417 ναι
330 1375 412 1415 τοῦ
437 1372 615 1426 ἐννόμου
645 1374 868 1426 βασιλέως.
924 1371 987 1415 ἔτι
1022 1375 1070 1416 δὲ
1098 1373 1173 1417 καί
1189 1377 1338 1428 θνῆσις
1357 1374 1598 1434 ἀνθρώπων
1622 1379 1698 1421 καὶ

192 1443 396 1498 Οκτηνῶν
437 1442 577 1495 γέγονε
618 1439 693 1482 καὶ
738 1441 901 1496 α’φοριά
937 1442 1012 1495 γῆς
1051 1442 1124 1483 καί
1150 1442 1316 1496 χειμών
1340 1444 1603 1499 βαρύτατος,
1633 1443 1695 1494 ὥς

96 1511 306 1556 ν,;ιι3και“
332 1508 517 1562 παγῆναι
554 1506 630 1561 τὴν
675 1505 901 1549 θάλασσαν
940 1508 1014 1549 καί
1055 1507 1235 1559 πολλοὺς
1277 1509 1438 1563 ἰχθύας
1472 1510 1757 1553 τεθνάναι.αο

232 1575 322 1618 τότε
349 1572 422 1616 καί
447 1575 492 1615 ἐν
518 1572 656 1631 ἡμέρᾳ
681 1574 758 1615 τοῦ
785 1571 960 1615 ἱππικοῦ
979 1572 1220 1630 α’τακτήσας
1246 1572 1435 1632 ὑβρίσθη
1463 1575 1581 1634 παρὰ
1610 1578 1692 1620 τῶν

331 1727 383 1762 ¹7·
408 1711 450 1750 τὸ
477 1726 535 1749 om
557 1714 590 1748 P.

235 1857 272 1889 in
298 1856 367 1889 hoc
393 1866 510 1888 rerum
546 1858 641 1887 statu
668 1853 803 1886 Phocus
819 1878 829 1893 ‚
873 1854 918 1886 de
952 1864 1025 1899 quo
1052 1854 1230 1896 diximus,
1255 1854 1454 1898 Dyrrachio
1480 1855 1691 1895 revertitur,

235 1914 386 1948 cumque
410 1903 504 1935 cives
529 1902 568 1934 in
593 1900 782 1934 Hebdomo
810 1901 1020 1943 emissent,
1043 1903 1239 1946 imperator
1263 1902 1502 1937 renuntiatur.
1527 1903 1691 1947 regnavit

235 1956 356 1983 autem
382 1949 517 1983 Phocas
539 1949 610 1989 hic,
635 1949 781 1981 natione
802 1948 1016 1993 Cappadox,
1044 1960 1158 1982 annos
1183 1954 1276 1982 octo,
1302 1960 1454 1994 cumque
1479 1949 1545 1982 sub
1571 1950 1691 1994 ipsum

233 1998 378 2030 initium
401 1996 542 2041 imperii
567 1995 742 2028 factiones
758 1995 887 2040 populi
910 1996 1063 2039 graviter
1088 1996 1394 2029 tumultuarentur
1405 1996 1691 2042 Mauriciumque

236 2044 390 2078 necdum
416 2055 434 2076 e
456 2043 545 2076 vivis
571 2043 764 2075 excessisse
789 2042 1037 2084 clamitarent,
1074 2042 1141 2076 hac
1166 2043 1243 2087 ipsa
1270 2054 1357 2076 voce
1380 2043 1513 2076 Phocas
1541 2043 1587 2076 ad
1611 2044 1691 2077 eius

232 2102 358 2125 necem
384 2090 558 2123 excitatus
586 2095 649 2122 est.
678 2094 898 2134 quapropter
911 2089 1070 2133 ablegati
1091 2089 1238 2135 quidam
1264 2092 1340 2122 eius
1367 2090 1419 2122 rei
1442 2090 1687 2134 perficiendae

235 2150 341 2171 causa
366 2138 520 2181 primum
555 2136 594 2168 in
615 2142 721 2180 portu
747 2133 906 2180 Eutropo
940 2138 1103 2182 quinque
1139 2137 1233 2170 filios
1269 2137 1345 2170 eius
1370 2137 1570 2179 trucidant,
1594 2137 1690 2171 nihil

234 2192 308 2219 tum
335 2184 435 2217 aliud
469 2183 650 2228 prolocuti
688 2195 796 2228 quam
818 2183 908 2216 haec
936 2183 1047 2217 verba
1081 2184 1221 2225 „iustus
1250 2194 1308 2224 es,
1335 2183 1500 2226 domine,
1526 2196 1567 2218 ac
1588 2183 1689 2217 iudi.-

236 2234 328 2265 cium
368 2237 471 2265 tuum
504 2229 637 2262 iustum
675 2231 760 2263 est.''
801 2236 1002 2274 postremus
1038 2237 1158 2264 autem
1195 2230 1272 2275 ipse
1297 2236 1455 2264 necatur.
1493 2242 1584 2264 uxor
1607 2243 1688 2265 cum

236 2278 379 2313 filiabus
417 2278 455 2311 in
488 2278 744 2310 monasterium
781 2277 899 2310 Phoca
940 2277 1089 2311 iubente
1128 2277 1370 2311 concluditur,
1407 2277 1537 2311 accidit
1561 2278 1689 2312 eodem

236 2333 398 2371 tempore
422 2330 465 2358 ut
489 2323 636 2368 quidam
664 2325 800 2369 peritus
828 2324 1002 2368 elegantis
1024 2336 1065 2358 ac
1090 2336 1198 2369 purae
1224 2324 1398 2357 librorum
1427 2325 1689 2369 descriptionis,

234 2379 379 2408 noctem
407 2372 445 2405 in
472 2371 667 2416 pervigiliis
697 2382 822 2416 agens,
848 2372 976 2404 eodem
1010 2382 1157 2417 vespere
1182 2382 1253 2416 quo
1277 2371 1473 2405 Mauricius
1499 2376 1553 2404 est
1575 2371 1690 2405 inter-

238 2421 354 2454 fectus
375 2445 385 2461 ,
410 2424 546 2452 statuas
584 2418 621 2450 in
649 2419 718 2451 aris
757 2418 902 2451 caedem
928 2419 1026 2452 illius
1056 2419 1263 2451 nuntiantes
1290 2419 1442 2452 audiret.
1466 2425 1690 2463 quapropter

237 2469 307 2500 hoc
330 2473 491 2511 tempore
513 2470 638 2497 notato
665 2476 737 2497 rem
763 2466 814 2498 ita
838 2471 970 2509 gestam
986 2465 1156 2509 deinceps
1179 2465 1370 2499 intellexit.
1395 2471 1562 2509 cognatos
1581 2467 1689 2500 etiam

237 2514 401 2547 Mauricii
428 2512 560 2545 Phocus
588 2511 712 2544 eodem
740 2511 847 2545 modo
875 2524 947 2557 quo
973 2513 1089 2557 ipsum
1113 2513 1289 2546 tractavit.

333 2561 404 2594 Sed
422 2561 516 2592 enirn
546 2559 716 2592 continuo
746 2565 818 2592 tum
836 2560 1009 2592 Chosroes
1035 2560 1217 2592 Persarum
1248 2570 1328 2599 rex,
1354 2563 1428 2591 tum
1457 2557 1589 2592 Avares
1615 2560 1688 2592 Ro-

238 2609 351 2641 manis
397 2607 535 2640 bellum
568 2606 723 2638 intulere
758 2612 948 2651 propterea
985 2606 1084 2651 quod
1117 2607 1266 2651 impium
1304 2605 1485 2638 hominem
1526 2606 1687 2650 legitimo

237 2654 446 2699 imperatori
471 2652 733 2698 praetulissent.
769 2659 956 2697 praeterea
988 2654 1100 2698 pestis
1126 2653 1287 2686 homines
1315 2657 1422 2696 atque
1448 2652 1605 2696 pecudes
1629 2653 1689 2685 in·-

237 2703 346 2741 vasit,
374 2712 443 2745 qua
481 2712 560 2733 cum
592 2706 629 2733 et
653 2705 769 2732 terrae
810 2701 980 2734 sterilitas
1020 2706 1055 2733 et
1078 2701 1192 2733 hiems
1217 2699 1306 2732 adeo
1346 2699 1457 2741 gravis
1493 2700 1686 2732 coniuncta

241 2747 334 2790 suit,
371 2753 410 2781 ut
434 2748 550 2793 ipsum
578 2758 673 2781 mare
699 2747 903 2791 congelaret
927 2747 1104 2793 multique
1131 2747 1246 2792 pisces
1270 2751 1502 2783 morerentur.
1531 2747 1687 2793 impera-
