1826 3120
578 134 859 175 ANNALmM
898 133 1033 175 PARS
1077 135 1111 174 1.
1464 130 1483 166 1
1496 111 1570 186 89

118 239 226 287 εἶναι
254 241 434 298 ἔφησεν,
477 237 666 279 τουτέστι
708 237 862 290 γνῶσιν
898 235 1152 290 τελεωτέραν
1179 233 1297 289 τινά,
1328 226 1378 289 ἧς
1406 233 1609 286 &nasius-13

117 325 204 353 νειν
243 306 538 361 οὖκ-αόφαλὲς
571 307 660 351 τοῖς
687 317 734 357 γε
778 302 1032 356 λιχνοτὲροις
1072 299 1147 356 τὴν
1175 298 1336 357 ἔφεσιν.
1391 300 1573 355 πρόσεχε

118 370 207 418 οὖν.
262 374 470 416 δέδεικται
499 367 579 424 γὰρ
610 369 655 410 ἐκ
685 369 850 410 πολλῶν
893 363 957 409 ὅτι
984 367 1183 422 βρώσεως
1209 369 1416 421 αἰσθητῆς
1443 367 1488 409 ἐν
1517 365 1571 420 τῷ

117 438 361 497 παραδείσῳ
393 439 469 478 οὐκ
497 431 548 491 ἦν
567 432 709 488 ἐνδεής
738 432 761 475 ὅ
791 434 949 486 Ἀδάμ·
1007 431 1223 483 ἀθάνατος
1251 433 1328 488 γάρ
1361 430 1443 474 ὑπὸ
1474 431 1578 473 θεοῦ

81 508 357 561 ὄπαραχθείς
385 506 459 544 οὐκ
489 498 538 557 ἢν
573 498 746 548 ου’ὃενὸς
772 497 924 554 ἐνδεής.
984 499 1058 540 καί
1085 499 1133 541 τί
1152 498 1236 554 χρὴ
1270 498 1401 540 πολλὰ
1432 500 1578 553 λέγεινς

118 575 159 616 εἰ
179 575 276 614 καθ’
318 567 541 625 ὁμοιότητα
585 566 669 609 τῶν
696 561 883 621 ἀγγέλων
927 565 972 606 ἐν
1002 567 1056 621 τῇ
1097 563 1326 607 α’ναστάσει
1356 562 1527 620 ζήσεται
1555 562 1580 604 ὅ

117 634 340 693 ἄνθρωπος
357 636 476 691 (υκαῤ
497 632 685 676 {ironam
713 629 793 687 γάρ
813 647 918 687 φησι
934 628 1113 684 »πάντες
1141 630 1199 680 (ὃς
1218 626 1382 685 ἄγγελοι
1410 631 1578 689 θ·εοῦ”),

118 703 146 758 ἢ
180 706 226 747 δὲ
253 705 328 759 τῆς
355 698 625 757 οἷναστοὶσεως
667 699 795 752 χάρις
825 694 950 740 οὐδὲν
989 692 1089 739 ἄλλο
1129 696 1243 739 ἐστὶν
1273 696 1378 739 κατά
1407 713 1453 751 γε
1482 697 1580 747 τούς

117 774 262 822 θείους
282 771 468 823 πατέρας
498 763 524 822 ἦ
550 763 653 821 πρὸς
677 763 723 806 τὸ
754 761 932 820 ἀρχαῖον
957 765 1041 806 τῶν
1065 762 1339 816 πεπτωκότων
1365 761 1580 805 ἀποκατά-

56 853 293 890 ῐοστασις,
322 833 498 890 εὔδηλον
525 831 687 881 πάντως
718 828 784 874 ὅτι
813 829 893 886 πρὸ
928 833 1003 885 τῆς
1045 829 1328 886 παραβάσεως
1362 829 1582 884 ἰσάγγελον

116 900 205 958 εἶχε
234 901 311 958 τὴν
344 898 455 955 ζωὴν
490 897 512 940 ὃ
554 895 709 950 Ἀδάμ,
743 894 849 952 μήτε
881 893 1039 951 βρώσει
1075 895 1180 951 μήτε
1210 893 1355 949 πόσει,
1385 895 1576 951 καθάπερ

116 969 303 1025 εἴρηται,
324 966 555 1023 χρώμενος,
595 960 659 1005 ὅτι
691 965 800 1018 μηδὲ
831 962 947 1018 παρὰ
986 968 1072 1012 τοῖς
1101 963 1290 1017 α’γγὲλοις
1319 963 1465 1011 αὐτοῖς
1493 978 1619 1013 τοι-ρ

107 1033 243 1078 ὀῦτόν
269 1050 310 1077 τι
340 1031 611 1088 τεθεώρηται.
668 1031 727 1086 μὴ
757 1031 898 1072 τοίνυν
917 1031 961 1072 ἐν
985 1030 1229 1086 παραδείσῳ
1256 1028 1324 1071 τὸν
1352 1024 1580 1084 ἄνθρωπον

114 1102 318 1157 αἰσθητῆς
346 1101 631 1156 ἐμφορεῖσθαι
661 1095 805 1150 νόμιζε
839 1095 1050 1151 βρώσεως,
1082 1092 1148 1137 ὅτι
1175 1097 1284 1150 μηδὲ
1308 1093 1458 1150 χρείαν
1491 1090 1579 1148 εἶχε

56 1167 268 1223 ιόταύτης
310 1169 445 1210 ἐκεῖσε
484 1164 554 1206 διά
584 1180 629 1218 γε
668 1162 744 1217 τὴν
788 1165 902 1219 αὐτῷ
934 1163 1166 1217 τηνικαῦτα
1202 1164 1448 1216 προσοῦσαν
1474 1162 1580 1203 ἁπά-

114 1239 252 1277 θειαν.
279 1234 369 1275 ἀλλ’
392 1234 463 1275 ἐπὶ
489 1230 652 1287 τούτοις
679 1229 962 1286 α’μφιβάλλειν
989 1228 1064 1270 οὐκ
1098 1227 1291 1283 ἔπρεπεν.
1322 1227 1465 1282 ἐπειδη
1495 1229 1577 1282 γὰρ

115 1299 166 1343 τὰ
210 1297 373 1356 φυσικὰ
400 1299 535 1340 ταῦτα
575 1294 713 1350 πάθη,
750 1301 871 1337 πεῖνα
900 1297 1005 1349 λέγω
1047 1293 1120 1336 καί
1149 1295 1256 1347 δίψα
1286 1292 1410 1341 κόπος
1452 1293 1580 1344 ὕπνος

115 1365 245 1421 ὀδύνη
285 1363 396 1419 λύπη
431 1365 506 1405 καί
546 1361 594 1405 τὰ
628 1361 778 1414 λοιπά,
808 1359 913 1414 μετα
943 1360 1017 1415 την
1051 1358 1295 1416 παράβασιν
1324 1363 1384 1409 εἰς
1411 1359 1478 1403 τὸν
1504 1360 1579 1402 οἷν-

118 1429 335 1487 θρώπινον
363 1433 455 1484 βίον
483 1430 763 1484 εἰσηλθοσαν,
809 1427 865 1476 ὥς
893 1426 915 1467 ὅ
945 1425 1065 1481 λόγος
1093 1422 1175 1482 ἤδη
1205 1426 1378 1483 φθάσας
1406 1427 1580 1481 ἐγνώρι-

52 1519 107 1546 20
120 1514 214 1552 σεν,
243 1498 440 1555 φαίνεται
459 1494 622 1544 πάντως
652 1491 714 1536 ὅτι
744 1492 823 1549 πρὸ
854 1495 927 1547 τῆς
957 1489 1168 1548 ἁμαρτίας
1198 1492 1219 1533 ὁ
1250 1487 1474 1548 ἅνθρωπος
1503 1492 1580 1534 οιῗκ

119 1561 208 1618 εἶχε
250 1562 296 1606 τὸ
340 1560 653 1616 καταναγκάζον
698 1557 832 1602 αὐτόν
872 1560 1079 1615 αἰσθητῆς
1118 1557 1331 1602 ἅπτεσθαι
1363 1557 1576 1614 βρώσεως.

121 1631 194 1674 καί
236 1633 281 1673 τί
305 1628 388 1686 χρὴ
423 1627 555 1670 πολλὰ
584 1630 739 1682 λέγειν,·
771 1624 816 1668 εἴ
835 1641 882 1681 γε
912 1627 1072 1682 τροφῆς
1111 1620 1161 1681 ἦν
1189 1624 1331 1682 ἐνδεὴς
1357 1623 1378 1667 ὃ
1410 1621 1625 1682 ἄνθρω-Ῑ)

123 1828 303 1876 quandam
331 1826 575 1872 cognitionem
591 1851 600 1867 ,
641 1825 686 1858 ad
713 1836 820 1870 quam
848 1823 1069 1857 contendere
1097 1823 1191 1856 velle
1217 1835 1290 1856 non
1316 1828 1434 1858 tutum
1456 1830 1509 1859 est
1534 1826 1579 1859 iis

123 1888 276 1923 quorum
302 1875 483 1920 cupiditas
508 1873 590 1919 plus
610 1883 725 1917 aequo
754 1878 808 1906 est
832 1871 950 1906 avida,
976 1871 1087 1915 igitur
1112 1871 1375 1905 animadvertas
1395 1884 1472 1906 esse
1495 1885 1581 1918 pro-

121 1924 250 1958 batum
274 1922 514 1968 complurium
543 1921 780 1960 auctoritate,
810 1930 882 1951 non
913 1919 1050 1963 eguisse
1073 1917 1247 1950 Adamum
1274 1919 1311 1951 in
1335 1919 1503 1964 paradiso
1529 1920 1582 1953 ci-

121 1971 170 2005 bo
196 1970 354 2017 quodam
381 1969 518 2002 sensili.
549 1969 684 2013 quippe
704 1979 782 1999 cum
811 1965 1025 1998 immortalis
1051 1976 1070 1997 a
1097 1964 1164 1997 deo
1191 1966 1356 2000 conditus
1384 1973 1498 2008 esset,
1529 1968 1581 2001 rei

122 2019 259 2053 nullius
289 2016 488 2061 indigebat.
533 2021 569 2048 et
606 2014 694 2060 quid
720 2013 809 2046 haec
840 2024 904 2057 ego
929 2012 1104 2058 prolixius
1132 2013 1272 2046 tracto?
1301 2014 1331 2046 si
1362 2014 1408 2047 ad
1433 2014 1581 2059 angelo-

122 2078 200 2100 rum
226 2064 501 2099 similitudinem
522 2063 559 2095 in
584 2062 850 2095 resurrectione
878 2061 1035 2093 victurus
1062 2064 1116 2103 est
1134 2059 1254 2102 homo,
1273 2061 1580 2105 quemadmodum

122 2114 360 2160 perscriptum
402 2112 555 2156 legimus
595 2108 739 2156 (Matth.
770 2119 812 2140 22
841 2108 899 2151 50)
945 2112 1077 2148 „erunt
1105 2118 1226 2140 omnes
1264 2113 1435 2154 tanquam
1461 2109 1580 2154 angeli

124 2161 182 2195 dei
196 2162 226 2202 ,”
266 2166 302 2194 et
326 2170 410 2192 vero
451 2159 480 2192 si
517 2155 789 2190 resurrectionis
822 2154 1037 2187 beneficium
1071 2153 1115 2186 de
1153 2156 1334 2188 sententia
1373 2156 1578 2191 divinorum

121 2214 266 2255 patrum
292 2206 385 2240 nihil
415 2211 470 2239 est
495 2205 598 2237 aliud
624 2215 729 2249 quam
756 2204 936 2247 lapsorum
965 2201 1009 2234 ad
1035 2200 1283 2235 condicionem
1307 2203 1496 2248 pristinam
1522 2215 1579 2237 re-

124 2256 278 2296 stitutio,
303 2253 461 2297 intelligi
477 2253 668 2298 perspicue
689 2256 810 2296 potest
820 2250 993 2283 Adamum
1020 2255 1102 2282 ante
1122 2251 1440 2294 transgressionem
1467 2254 1578 2285 vitam

123 2303 308 2348 angelicae
345 2312 468 2347 parem
507 2301 645 2344 egisse,
676 2310 743 2331 nec
780 2296 861 2330 cibo
895 2307 962 2329 nec
993 2301 1106 2341 potu,
1136 2308 1200 2330 ceu
1228 2297 1408 2340 diximus,
1448 2311 1577 2341 usum,

125 2349 270 2396 quando
289 2348 379 2394 quid
393 2347 569 2392 eiusmodi
597 2358 664 2381 nec
688 2346 726 2378 in
750 2344 886 2389 angelis
915 2344 1031 2376 locum
1053 2343 1174 2378 habet.
1205 2351 1427 2390 quapropter
1451 2347 1578 2379 existi-

126 2408 221 2430 mare
246 2397 323 2430 noli
345 2396 529 2429 hominem
556 2395 595 2427 in
621 2393 788 2440 paradiso
814 2391 939 2424 sensili
965 2391 1186 2425 nutrimento
1212 2402 1249 2425 se
1275 2393 1435 2435 satiasse,
1461 2405 1579 2438 quan-

128 2443 323 2490 doquidem
366 2444 448 2476 istic
483 2453 526 2475 eo
552 2453 625 2475 non
659 2439 848 2485 indigebat
883 2443 1074 2484 propterea
1113 2438 1212 2484 quod
1238 2440 1354 2473 omnis
1379 2446 1455 2473 tum
1476 2441 1579 2474 adfe-

128 2491 257 2525 ctionis
289 2496 382 2524 esset
408 2501 544 2535 expers.
573 2490 757 2522 enimvero
782 2487 963 2520 neminem
995 2484 1062 2519 hac
1091 2486 1130 2518 in
1154 2492 1256 2531 parte
1286 2487 1467 2532 ambigere
1492 2499 1579 2521 con-

126 2537 304 2572 veniebat.
329 2550 412 2571 nam
438 2549 517 2571 cum
544 2536 767 2569 adfectiones
794 2534 880 2566 illae
905 2533 1098 2574 naturales,
1125 2534 1236 2567 fames
1263 2535 1409 2580 inquam
1436 2540 1472 2568 et
1498 2536 1577 2569 sitis

129 2592 166 2619 et
191 2585 352 2629 fatigatio
391 2590 428 2618 et
461 2596 605 2618 somnus
642 2590 677 2617 et
714 2582 817 2616 dolor
853 2586 889 2614 et
911 2591 1051 2614 moeror
1082 2587 1118 2614 et
1144 2587 1329 2622 caeterae,
1353 2587 1438 2626 post
1460 2587 1578 2615 trans-

128 2632 345 2678 gressionem
373 2633 524 2677 primum
554 2633 664 2664 vitam
691 2629 881 2662 humanam
910 2628 1116 2670 invaserint,
1141 2634 1183 2662 ut
1211 2629 1387 2674 superiori
1413 2630 1577 2663 oratione

130 2679 336 2719 docuimus,
367 2685 468 2724 patet
500 2679 648 2711 omnino
686 2682 769 2709 ante
812 2680 998 2721 peccatum
1024 2675 1206 2708 hominem
1239 2687 1367 2710 causae
1395 2676 1488 2710 nihil
1512 2677 1578 2710 ha-

128 2728 271 2767 buisse,
297 2737 390 2771 quae
416 2726 531 2771 ipsum
555 2725 600 2759 ad
634 2723 846 2759 sumendum
873 2722 1043 2756 sensilem
1069 2723 1248 2769 quendam
1278 2722 1398 2758 cibum
1421 2730 1575 2770 cogeret.
