1826 3120
579 149 864 191 ANNALmM
901 136 1053 190 PARS
1078 150 1148 189 iv.
1445 131 1516 186 62
1534 151 1552 187 1

109 250 253 305 πρῶτα
285 250 364 303 μὲν
389 247 595 303 ἡττῶνται
622 248 662 292 οἱ
689 248 978 304 στρατιῶται,Υ
1002 245 1085 292 εἶθ’
1113 243 1249 300 οὕτως
1267 249 1426 305 ἧττῶσι
1454 249 1561 292 κατὰ

108 313 264 373 κράτος
291 315 450 364 αὐτούς
493 313 564 358 ἅτε
603 318 654 374 τῇ
696 319 794 375 θείᾳ
835 313 1012 370 δυνάμει
1054 314 1100 359 τὸ
1133 317 1215 359 πᾶν
1253 317 1564 374 ἐπιτρέψαντες.

109 380 222 434 ἅπαξ
261 383 334 424 καί
374 383 439 431 δίς
477 382 703 436 ἐπιβουλαὶ
732 386 824 425 κατ’
849 379 984 426 αὐτοῦ
997 415 1010 438 ,
1035 385 1113 426 τοῦ
1139 384 1347 438 βασιλέως
1375 381 1534 439 δηλαδή
1554 400 1564 411 ·

109 451 244 507 πέρας
274 450 321 491 δὲ
348 447 527 498 ταύταις
558 449 634 490 οὐκ
664 443 727 504 ἦν.

73 523 98 564 5
227 516 328 558 Τότε
375 514 426 570 δὴ
466 514 540 557 καί
577 516 623 558 τὸ
662 516 748 559 τιὸν
778 513 986 571 Φράγγων
1015 517 1138 567 ἔθνος
1169 519 1217 560 ἐκ
1257 519 1339 560 τῶν
1365 512 1573 571 ἑσπερίων

109 581 188 639 τήν
217 582 436 635 βασιλείαν
470 582 786 637 καταλαμβάνει
812 583 870 633 ὥς
900 585 1060 626 ἐκεῖθεν
1088 582 1195 640 πρὸς
1223 585 1279 628 ἔω
1312 586 1571 638 ὃιαπεραιώ-

108 652 284 693 caesae.
343 641 404 690 ὧν
431 646 510 704 τήν
537 652 780 705 συγκίνησιν
809 647 1019 706 θεόσημόν
1034 667 1075 693 τι
1102 651 1414 707 προεμήνυσεν·
1448 649 1570 707 οἶκρί-

111 717 198 758 δων
222 713 303 770 γὰρ
347 709 524 771 ἄπειρον
559 718 722 771 πλῆθος
752 717 797 758 ἐκ
822 719 898 771 τῆς
937 713 1119 774 ἑσπέρας
1145 717 1222 775 τήν
1253 719 1416 773 γένεσιν
1447 719 1574 773 ἐσχη-

111 780 183 832 κὸς
210 780 285 824 καὶ
311 777 370 830 ὥς
401 782 528 838 νέφος
546 779 829 836 ἷππαζόμενον
856 783 1162 837 οἷπεικοὶζεσθαι
1189 784 1262 827 καὶ
1287 776 1474 836 uictricem
1500 782 1576 826 τὸν

51 861 100 889 ιο
114 845 234 903 ἥλιον
262 845 334 890 διὰ
365 850 438 904 τῆς
473 849 669 904 μεγίστης
707 850 792 891 τῶν
841 849 1005 893 πόλεων
1040 853 1115 893 καί
1146 853 1231 894 τῶν
1260 849 1417 907 ταύτης
1451 847 1577 906 ὅρι’ων

112 913 190 970 τὴν
217 917 368 970 πτῆσιν
406 913 656 968 ποιούμενον
692 914 799 970 πρὸς
833 914 910 970 τήν
938 913 1051 959 ἑώαν
1078 914 1251 974 ὥρμητο
1268 950 1279 970 ,
1310 915 1436 961 κάκεῖ
1459 919 1572 961 κατέ·
1587 936 1625 971 p,
1640 936 1709 980 334

114 996 263 1024 navos.
329 980 673 1037 ὃιαπεραιοῦνται
711 976 786 1024 οὖν
814 979 871 1036 ὸοὶ
920 983 1131 1039 Φράγγοι,
1176 983 1250 1026 καί
1287 983 1365 1040 τὴν
1391 983 1578 1027 Νίκαιαν

114 1045 231 1103 παρὰ
253 1047 336 1090 τῶν
367 1045 567 1102 Τούρκων
617 1047 894 1103 κατεχόμενοι
931 1046 1194 1107 ἀφαιροῦσι,
1224 1053 1298 1094 καί
1325 1053 1382 1110 τῷ
1407 1054 1584 1106 βασιλεῖ

116 1116 276 1169 ταύτην
303 1108 427 1156 ὤνιον
446 1112 628 1157 διδόασι.
686 1114 780 1158 τότε
810 1115 836 1171 ἦ
866 1118 949 1158 τῶν
968 1118 1218 1172 Βογομίλων
1248 1115 1439 1175 ἀνεφάνη
1461 1117 1579 1173 αἴρε-

56 1183 104 1227 15
117 1197 197 1236 σις,
230 1176 280 1237 ἧς
295 1182 479 1238 κατῆρχε
492 1182 719 1231 Βασιλειος
748 1180 770 1223 ὃ
798 1185 1018 1236 λεγόμενος
1043 1184 1197 1239 ἰατρός.
1227 1182 1350 1239 ἑτέρα
1379 1187 1426 1227 δὲ
1451 1183 1580 1227 πάλιν

117 1244 401 1297 ἐπανάστασις
439 1245 556 1303 παρά
582 1263 695 1297 τινος
732 1250 898 1304 γέγονε,
928 1249 1159 1304 Κομάνους
1186 1253 1265 1305 μὲν
1293 1252 1582 1308 ἐφεπομένους

119 1313 289 1368 ἔχοντος
318 1312 393 1356 καὶ
420 1310 531 1357 εἶναι
562 1316 751 1370 λέγοντος
780 1319 855 1358 τοῦ
884 1316 1314 1372 προβεβασιλευκότος
1335 1320 1578 1372 Διογένους.

119 1378 424 1437 α’ναγορεύεται
455 1376 530 1424 οὖν
559 1381 664 1425 κατὰ
693 1381 771 1438 τήν
785 1384 975 1440 Θρᾳκίαν
1003 1382 1299 1439 α’πατιόμενος,
1328 1381 1436 1428 ἀλλὰ
1464 1387 1583 1427 κατέ-

117 1464 244 1502 χεται
270 1450 344 1498 καί
359 1446 458 1499 τούς
488 1444 742 1504 ὄφθαλμούς
762 1449 1046 1505 ἐξορύσσεται.
1074 1449 1122 1493 τὸ
1147 1452 1195 1493 δὲ
1222 1451 1583 1510 ὄρφανοτροφεῖον

55 1533 108 1560 20
123 1511 202 1571 ἤδη
231 1514 461 1569 ἑσχολακὸς
496 1516 758 1568 α’νακαινίζει
794 1514 816 1557 ὅ
863 1517 1116 1574 διαληφθείς
1144 1515 1361 1572 βασιλεύς.
1418 1533 1619 1576 “pomo-B

123 1588 194 1640 ρεῖ
213 1582 288 1625 καὶ
317 1580 482 1625 οἴκοθεν
509 1581 710 1639 κτήματα,
740 1583 794 1627 τὰ
821 1586 963 1638 μέντοι
988 1586 1294 1643 φροντιστήρια
1325 1587 1399 1630 καί
1421 1584 1469 1629 τὸ
1497 1587 1583 1628 τῶν

218 1718 250 1752 7.
273 1718 331 1746 τις
351 1707 388 1743 Ρ.

127 1825 264 1867 edunt,
296 1836 376 1859 cum
402 1835 476 1858 rem
499 1828 614 1858 totam
642 1824 786 1858 divinae
826 1827 1001 1870 potestati
1030 1827 1304 1860 commisissent.
1329 1833 1413 1861 sunt
1437 1833 1475 1861 et
1496 1828 1584 1861 insi-

125 1874 209 1909 diae
234 1879 359 1907 contra
383 1873 637 1918 imperatorem
661 1872 775 1906 semel
798 1878 907 1919 atque
929 1874 1061 1907 iterum
1087 1878 1268 1916 structae,
1297 1874 1361 1908 sed
1383 1886 1584 1909 successum

125 1932 201 1956 non
223 1920 437 1954 habuerunt.

219 1968 355 2002 Eodem
382 1967 583 2013 imperante
602 1965 821 2000 Francorum
838 1966 939 2000 natio
965 1965 1010 1999 de
1034 1967 1199 2013 partibus
1221 1968 1395 2015 hesperiis
1418 1970 1585 2016 profecta

126 2015 271 2062 Cpolim
298 2016 421 2057 venit,
447 2021 488 2048 ut
512 2025 634 2047 versus
658 2014 844 2048 Orientem
867 2013 920 2047 ibi
943 2015 1134 2049 traiiceret.
1162 2027 1283 2049 eorum
1309 2017 1503 2051 adventum
1525 2018 1586 2052 in-

129 2063 264 2098 dicatio
290 2062 468 2110 quaedam
492 2061 616 2094 divina
639 2061 857 2107 praecessit:
883 2073 966 2095 nam
992 2063 1137 2096 infinita
1161 2063 1382 2098 locustarum
1406 2065 1470 2107 vis,
1496 2077 1587 2111 qua-

130 2123 208 2144 rum
235 2116 312 2145 erat
336 2122 382 2144 ex
406 2109 603 2144 Occidente
639 2110 759 2154 origo,
794 2108 905 2142 tantis
940 2121 1020 2142 cum
1045 2111 1155 2155 copiis
1179 2111 1363 2146 volantum
1388 2117 1430 2146 ut
1451 2112 1588 2146 nubem

131 2163 403 2204 repraesentare
438 2157 650 2191 viderentur
689 2163 726 2191 et
751 2156 863 2189 solem
886 2156 1005 2201 ipsum
1033 2157 1282 2200 obnuberent,
1305 2170 1372 2205 per
1393 2161 1588 2194 maximam

130 2205 223 2240 hanc
258 2205 400 2239 urbium
438 2206 590 2250 eiusque
626 2204 714 2238 fines
750 2204 789 2237 in
814 2203 1000 2238 Orientem
1031 2205 1208 2250 perrexit,
1243 2206 1367 2252 ibique
1397 2207 1587 2241 considens

133 2253 287 2287 ulterius
315 2253 437 2287 volare
452 2252 572 2286 desiit.
590 2263 670 2284 cum
693 2257 812 2285 autem
828 2251 954 2285 Franci
977 2253 1206 2286 traiecissem
1218 2254 1255 2287 in
1273 2254 1403 2296 Asiam,
1418 2255 1589 2288 Nicaeam

131 2300 323 2345 Bithyniae
343 2299 483 2342 Turcis,
506 2300 570 2345 qui
596 2310 673 2332 eam
692 2298 920 2341 obtinebant,
945 2299 1149 2346 ademptam
1173 2301 1380 2346 imperatori
1398 2314 1461 2347 pro
1490 2308 1589 2335 certo

131 2348 250 2393 pretio
276 2346 530 2381 vendiderunt.
556 2352 644 2381 tunc
668 2352 704 2380 et
716 2346 980 2391 Bogomilorum
998 2353 1121 2382 exorta
1146 2347 1217 2381 fuir.
1244 2348 1415 2390 haeresis,
1443 2355 1590 2382 auctore

134 2395 279 2436 Basilio,
307 2394 370 2440 qui
386 2394 549 2428 Medicus
574 2393 825 2440 usurpabatur.
851 2405 972 2428 rursus
995 2395 1082 2428 item
1103 2395 1174 2428 alia
1189 2402 1312 2429 contra
1337 2397 1591 2442 imperatorem

135 2443 291 2476 excitata
317 2442 388 2475 suit
427 2453 448 2475 a
474 2441 633 2487 quodam
665 2441 903 2487 conspiratio,
929 2441 991 2487 qui
1015 2441 1251 2476 Comanorum
1278 2443 1450 2477 societate
1479 2444 1592 2478 comi-

134 2495 288 2536 tatuque
314 2489 426 2522 fretus
453 2489 625 2534 Diogenis
651 2500 689 2522 se
704 2489 818 2522 filium
844 2488 1082 2533 perhibebat,
1107 2491 1183 2523 eius
1209 2490 1272 2536 qui
1298 2496 1380 2524 ante
1406 2489 1475 2523 hoc
1500 2497 1593 2524 tem-

137 2549 204 2583 pus
232 2537 480 2582 imperaverat.
506 2537 545 2569 in
557 2536 747 2569 Thraciam
771 2535 835 2569 ubi
859 2536 1027 2579 venisset,
1055 2548 1119 2583 per
1144 2537 1305 2571 fraudem
1335 2550 1354 2571 a
1378 2537 1593 2583 quibusdam

138 2585 333 2631 imperator
359 2584 584 2617 renuntiatus
609 2584 749 2629 capitur
768 2588 804 2617 et
827 2584 952 2618 oculos
977 2585 1120 2619 amittit.
1148 2586 1343 2630 imperator
1364 2590 1483 2619 autem
1506 2585 1593 2619 Ale-

137 2632 216 2665 xius
241 2631 384 2665 domum
417 2631 558 2664 alendis
587 2631 739 2676 pupillis
778 2630 1024 2675 adsignatam,
1063 2643 1156 2678 quae
1182 2631 1317 2665 (ludum
1341 2632 1411 2665 iam
1439 2632 1592 2666 alumnis

139 2685 314 2720 caruerat,
341 2679 564 2717 instauravit,
593 2677 777 2712 attributis
805 2679 839 2712 ei
868 2679 1082 2724 quibusdam
1108 2679 1152 2712 de
1181 2690 1244 2712 suo
1270 2690 1417 2725 quoque
1440 2680 1594 2713 faculta-

140 2725 251 2760 tibus.
281 2726 418 2760 adiecit
441 2731 479 2759 et
502 2726 749 2770 religiosarum
784 2727 1080 2760 exercitationum
1108 2725 1239 2768 aedes,
1263 2726 1464 2772 ludumque
1491 2727 1595 2761 litte-

142 2773 272 2809 rarium
299 2772 505 2808 erudiendis
531 2774 663 2821 pueris.
678 2772 764 2808 hinc
786 2784 880 2808 nova
898 2779 1022 2808 contra
1049 2774 1166 2820 ipsum
1186 2774 1300 2808 oritur
1324 2773 1468 2816 seditio,
1493 2775 1593 2808 cuius
