<?xml version="1.0" encoding="UTF-8"?>
<!DOCTYPE html PUBLIC "-//W3C//DTD XHTML 1.0 Transitional//EN"
    "http://www.w3.org/TR/xhtml1/DTD/xhtml1-transitional.dtd">
<html xmlns="http://www.w3.org/1999/xhtml" xml:lang="en" lang="en">
 <head>
  <title>
</title>
<meta http-equiv="Content-Type" content="text/html;charset=utf-8" />
  <meta name='ocr-system' content='tesseract 3.04.00' />
  <meta name='ocr-capabilities' content='ocr_page ocr_carea ocr_par ocr_line ocrx_word'/>
</head>
<body>
  <div class='ocr_page' id='page_1' title='image "./corpusscriptorum37niebuoft_0305.png"; bbox 0 0 1826 3120; ppageno 0'>
   <div class='ocr_carea' id='block_1_1' title="bbox 631 127 1611 190">
    <p class='ocr_par' dir='ltr' id='par_1_1' title="bbox 631 127 1611 190">
     <span class='ocr_line' id='line_1_1' title="bbox 631 127 1611 190; baseline -0.002 -3"><span class='ocrx_word' id='word_1_1' title='bbox 631 144 917 189; x_wconf 75' lang='lat' dir='ltr'>ANNALluM</span> <span class='ocrx_word' id='word_1_2' title='bbox 956 127 1092 189; x_wconf 67' lang='lat' dir='ltr'>ms</span> <span class='ocrx_word' id='word_1_3' title='bbox 1131 149 1184 190; x_wconf 89' lang='lat' dir='ltr'>u.</span> <span class='ocrx_word' id='word_1_4' title='bbox 1502 127 1611 185; x_wconf 83' lang='lat'>283</span> 
     </span>
    </p>
   </div>
   <div class='ocr_carea' id='block_1_2' title="bbox 93 242 1739 1634">
    <p class='ocr_par' dir='ltr' id='par_1_2' title="bbox 161 242 1615 502">
     <span class='ocr_line' id='line_1_2' title="bbox 161 242 1615 304; baseline 0 -16"><span class='ocrx_word' id='word_1_5' title='bbox 161 245 340 302; x_wconf 68' lang='grc' dir='ltr'><strong><em>Ἰσραὴλ</em></strong></span> <span class='ocrx_word' id='word_1_6' title='bbox 360 244 383 287; x_wconf 82' lang='grc' dir='ltr'><strong><em>ό</em></strong></span> <span class='ocrx_word' id='word_1_7' title='bbox 411 243 511 295; x_wconf 80' lang='grc' dir='ltr'><strong><em>θεὸς</em></strong></span> <span class='ocrx_word' id='word_1_8' title='bbox 542 243 616 301; x_wconf 77' lang='grc' dir='ltr'>την</span> <span class='ocrx_word' id='word_1_9' title='bbox 650 245 808 302; x_wconf 76' lang='grc' dir='ltr'><strong><em>ῥάβδον</em></strong></span> <span class='ocrx_word' id='word_1_10' title='bbox 844 248 907 297; x_wconf 81' lang='grc' dir='ltr'>εἰς</span> <span class='ocrx_word' id='word_1_11' title='bbox 934 242 1035 304; x_wconf 75' lang='grc' dir='ltr'><strong><em>ὅφιν</em></strong></span> <span class='ocrx_word' id='word_1_12' title='bbox 1060 247 1338 303; x_wconf 79' lang='grc' dir='ltr'><strong><em>μεταβάλλει,</em></strong></span> <span class='ocrx_word' id='word_1_13' title='bbox 1368 246 1439 289; x_wconf 70' lang='grc' dir='ltr'>ἐπὶ</span> <span class='ocrx_word' id='word_1_14' title='bbox 1465 246 1514 289; x_wconf 79' lang='grc' dir='ltr'>δὲ</span> <span class='ocrx_word' id='word_1_15' title='bbox 1539 248 1615 290; x_wconf 80' lang='grc' dir='ltr'><strong><em>τοῦ</em></strong></span> 
     </span>
     <span class='ocr_line' id='line_1_3' title="bbox 165 309 1614 370; baseline -0.001 -15"><span class='ocrx_word' id='word_1_16' title='bbox 165 311 330 368; x_wconf 78' lang='grc' dir='ltr'><strong><em>Φαραώ</em></strong></span> <span class='ocrx_word' id='word_1_17' title='bbox 360 311 420 360; x_wconf 84' lang='grc' dir='ltr'>εἷς</span> <span class='ocrx_word' id='word_1_18' title='bbox 443 310 672 367; x_wconf 84' lang='grc' dir='ltr'><strong><em>δράκοντα,</em></strong></span> <span class='ocrx_word' id='word_1_19' title='bbox 696 314 765 355; x_wconf 77' lang='grc' dir='ltr'>ἵνα</span> <span class='ocrx_word' id='word_1_20' title='bbox 791 315 850 370; x_wconf 78' lang='grc' dir='ltr'>τῷ</span> <span class='ocrx_word' id='word_1_21' title='bbox 874 316 1044 369; x_wconf 89' lang='grc' dir='ltr'><strong><em>μεγέθει</em></strong></span> <span class='ocrx_word' id='word_1_22' title='bbox 1073 313 1313 370; x_wconf 79' lang='grc' dir='ltr'><strong><em>καταπλήξῃ</em></strong></span> <span class='ocrx_word' id='word_1_23' title='bbox 1341 309 1509 361; x_wconf 72' lang='grc' dir='ltr'><strong><em>αὐτούς.</em></strong></span> <span class='ocrx_word' id='word_1_24' title='bbox 1538 313 1614 367; x_wconf 74' lang='grc' dir='ltr'>δῆ-</span> 
     </span>
     <span class='ocr_line' id='line_1_4' title="bbox 163 374 1613 435; baseline -0.001 -15"><span class='ocrx_word' id='word_1_25' title='bbox 163 382 236 421; x_wconf 87' lang='grc' dir='ltr'><strong><em>λον</em></strong></span> <span class='ocrx_word' id='word_1_26' title='bbox 283 379 331 421; x_wconf 77' lang='grc' dir='ltr'>δὲ</span> <span class='ocrx_word' id='word_1_27' title='bbox 372 374 440 420; x_wconf 77' lang='grc' dir='ltr'><strong><em>ὅτι</em></strong></span> <span class='ocrx_word' id='word_1_28' title='bbox 487 377 644 433; x_wconf 72' lang='grc' dir='ltr'><strong><em>ἀληθὲς</em></strong></span> <span class='ocrx_word' id='word_1_29' title='bbox 668 380 790 420; x_wconf 79' lang='grc' dir='ltr'><strong><em>τοῦτο</em></strong></span> <span class='ocrx_word' id='word_1_30' title='bbox 818 377 863 421; x_wconf 82' lang='grc' dir='ltr'>τό</span> <span class='ocrx_word' id='word_1_31' title='bbox 892 384 1065 435; x_wconf 81' lang='grc' dir='ltr'><strong><em>σημεῖον</em></strong></span> <span class='ocrx_word' id='word_1_32' title='bbox 1103 374 1177 434; x_wconf 75' lang='grc' dir='ltr'><strong><em>ἧν,</em></strong></span> <span class='ocrx_word' id='word_1_33' title='bbox 1204 377 1249 421; x_wconf 84' lang='grc' dir='ltr'>τό</span> <span class='ocrx_word' id='word_1_34' title='bbox 1286 379 1334 421; x_wconf 79' lang='grc' dir='ltr'>δὲ</span> <span class='ocrx_word' id='word_1_35' title='bbox 1357 381 1441 421; x_wconf 74' lang='grc' dir='ltr'><strong><em>ταῖν</em></strong></span> <span class='ocrx_word' id='word_1_36' title='bbox 1465 376 1613 433; x_wconf 81' lang='grc' dir='ltr'><strong><em>μάγων</em></strong></span> 
     </span>
     <span class='ocr_line' id='line_1_5' title="bbox 163 441 1610 502; baseline -0.001 -15"><span class='ocrx_word' id='word_1_37' title='bbox 163 445 398 501; x_wconf 75' lang='grc' dir='ltr'><strong><em>φαντασία·</em></strong></span> <span class='ocrx_word' id='word_1_38' title='bbox 455 441 522 485; x_wconf 84' lang='grc' dir='ltr'>διὸ</span> <span class='ocrx_word' id='word_1_39' title='bbox 550 442 623 486; x_wconf 83' lang='grc' dir='ltr'><strong><em>καί</em></strong></span> <span class='ocrx_word' id='word_1_40' title='bbox 646 443 854 500; x_wconf 76' lang='grc' dir='ltr'>κατεπόθη</span> <span class='ocrx_word' id='word_1_41' title='bbox 880 444 964 486; x_wconf 73' lang='grc' dir='ltr'>ὑπὸ</span> <span class='ocrx_word' id='word_1_42' title='bbox 997 447 1072 500; x_wconf 79' lang='grc' dir='ltr'>τῆς</span> <span class='ocrx_word' id='word_1_43' title='bbox 1093 444 1298 501; x_wconf 85' lang='grc' dir='ltr'><strong><em>α’ληθείας</em></strong></span> <span class='ocrx_word' id='word_1_44' title='bbox 1327 445 1353 501; x_wconf 81' lang='grc' dir='ltr'><em>ἦ</em></span> <span class='ocrx_word' id='word_1_45' title='bbox 1383 446 1610 502; x_wconf 81' lang='grc' dir='ltr'><strong><em>φαντασία.</em></strong></span> 
     </span>
    </p>

    <p class='ocr_par' dir='ltr' id='par_1_3' title="bbox 125 508 1652 832">
     <span class='ocr_line' id='line_1_6' title="bbox 125 508 1612 567; baseline 0 -14"><span class='ocrx_word' id='word_1_46' title='bbox 125 511 254 558; x_wconf 81' lang='grc' dir='ltr'><strong><em>5α’λλ’</em></strong></span> <span class='ocrx_word' id='word_1_47' title='bbox 286 513 364 552; x_wconf 70' lang='grc' dir='ltr'><strong><em>οὐκ</em></strong></span> <span class='ocrx_word' id='word_1_48' title='bbox 390 511 586 553; x_wconf 81' lang='grc' dir='ltr'><strong><em>ἐντεῦθεν</em></strong></span> <span class='ocrx_word' id='word_1_49' title='bbox 619 508 643 552; x_wconf 76' lang='grc' dir='ltr'><em>ὅ</em></span> <span class='ocrx_word' id='word_1_50' title='bbox 673 509 836 567; x_wconf 74' lang='grc' dir='ltr'><strong><em>Φαραώ</em></strong></span> <span class='ocrx_word' id='word_1_51' title='bbox 874 513 1088 564; x_wconf 74' lang='grc' dir='ltr'><strong><em>πείθεται,</em></strong></span> <span class='ocrx_word' id='word_1_52' title='bbox 1118 514 1318 564; x_wconf 85' lang='grc' dir='ltr'><strong><em>μαίνεται</em></strong></span> <span class='ocrx_word' id='word_1_53' title='bbox 1349 513 1397 554; x_wconf 77' lang='grc' dir='ltr'>δὲ</span> <span class='ocrx_word' id='word_1_54' title='bbox 1423 513 1612 566; x_wconf 78' lang='grc' dir='ltr'><strong><em>μᾶλλον,</em></strong></span> 
     </span>
     <span class='ocr_line' id='line_1_7' title="bbox 160 575 1652 632; baseline 0 -12"><span class='ocrx_word' id='word_1_55' title='bbox 160 580 236 621; x_wconf 85' lang='grc' dir='ltr'>καί</span> <span class='ocrx_word' id='word_1_56' title='bbox 262 582 351 628; x_wconf 84' lang='grc' dir='ltr'><strong><em>τοῖς</em></strong></span> <span class='ocrx_word' id='word_1_57' title='bbox 378 577 603 626; x_wconf 70' lang='grc' dir='ltr'><strong><em>Ἰουδαίοις</em></strong></span> <span class='ocrx_word' id='word_1_58' title='bbox 643 578 716 619; x_wconf 87' lang='grc' dir='ltr'>ἐπί</span> <span class='ocrx_word' id='word_1_59' title='bbox 740 577 865 619; x_wconf 83' lang='grc' dir='ltr'><strong><em>πλέον</em></strong></span> <span class='ocrx_word' id='word_1_60' title='bbox 891 576 1140 619; x_wconf 83' lang='grc' dir='ltr'><strong><em>ἐπιτίθεται.</em></strong></span> <span class='ocrx_word' id='word_1_61' title='bbox 1197 575 1298 619; x_wconf 79' lang='grc' dir='ltr'><strong><em>ὅθεν</em></strong></span> <span class='ocrx_word' id='word_1_62' title='bbox 1323 579 1398 620; x_wconf 81' lang='grc' dir='ltr'>καί</span> <span class='ocrx_word' id='word_1_63' title='bbox 1417 579 1652 632; x_wconf 69' lang='grc' dir='ltr'><strong><em>μαστίζειο</em></strong></span> 
     </span>
     <span class='ocr_line' id='line_1_8' title="bbox 161 640 1616 698; baseline -0.001 -10"><span class='ocrx_word' id='word_1_64' title='bbox 161 643 294 688; x_wconf 81' lang='grc' dir='ltr'><strong><em>αιῖτόν</em></strong></span> <span class='ocrx_word' id='word_1_65' title='bbox 321 644 345 686; x_wconf 83' lang='grc' dir='ltr'>ὅ</span> <span class='ocrx_word' id='word_1_66' title='bbox 374 640 486 694; x_wconf 85' lang='grc' dir='ltr'><strong><em>θεός.</em></strong></span> <span class='ocrx_word' id='word_1_67' title='bbox 541 648 634 692; x_wconf 77' lang='grc' dir='ltr'><strong><em>ταῖς</em></strong></span> <span class='ocrx_word' id='word_1_68' title='bbox 659 644 977 697; x_wconf 64' lang='grc' dir='ltr'><strong><em>ἐπενεχθεισαις</em></strong></span> <span class='ocrx_word' id='word_1_69' title='bbox 1003 643 1051 685; x_wconf 79' lang='grc' dir='ltr'>δὲ</span> <span class='ocrx_word' id='word_1_70' title='bbox 1078 648 1172 686; x_wconf 82' lang='grc' dir='ltr'><strong><em>κατ’</em></strong></span> <span class='ocrx_word' id='word_1_71' title='bbox 1198 645 1333 687; x_wconf 70' lang='grc' dir='ltr'><strong><em>αὐτοῦ</em></strong></span> <span class='ocrx_word' id='word_1_72' title='bbox 1345 641 1514 698; x_wconf 78' lang='grc' dir='ltr'><strong><em>μάστιξι</em></strong></span> <span class='ocrx_word' id='word_1_73' title='bbox 1541 647 1616 687; x_wconf 76' lang='grc' dir='ltr'><strong><em>καί</em></strong></span> 
     </span>
     <span class='ocr_line' id='line_1_9' title="bbox 157 707 1611 767; baseline -0.003 -11"><span class='ocrx_word' id='word_1_74' title='bbox 157 711 359 767; x_wconf 75' lang='grc' dir='ltr'><strong><em>τοιαύτην</em></strong></span> <span class='ocrx_word' id='word_1_75' title='bbox 383 711 494 765; x_wconf 81' lang='grc' dir='ltr'><strong><em>λέγει</em></strong></span> <span class='ocrx_word' id='word_1_76' title='bbox 521 713 740 765; x_wconf 87' lang='grc' dir='ltr'><strong><em>προσεῖναι</em></strong></span> <span class='ocrx_word' id='word_1_77' title='bbox 770 707 978 764; x_wconf 77' lang='grc' dir='ltr'><strong><em>μάστιγα·</em></strong></span> <span class='ocrx_word' id='word_1_78' title='bbox 1036 712 1226 766; x_wconf 79' lang='grc' dir='ltr'><strong><em>φθειρῶν</em></strong></span> <span class='ocrx_word' id='word_1_79' title='bbox 1251 709 1333 766; x_wconf 84' lang='grc' dir='ltr'>γάρ</span> <span class='ocrx_word' id='word_1_80' title='bbox 1362 716 1450 760; x_wconf 81' lang='grc' dir='ltr'><strong><em>τοῖς</em></strong></span> <span class='ocrx_word' id='word_1_81' title='bbox 1475 712 1611 766; x_wconf 79' lang='grc' dir='ltr'><strong><em>Αἰγυ-</em></strong></span> 
     </span>
     <span class='ocr_line' id='line_1_10' title="bbox 157 770 1612 832; baseline -0.001 -12"><span class='ocrx_word' id='word_1_82' title='bbox 157 775 295 826; x_wconf 84' lang='grc' dir='ltr'><strong><em>πτίοις</em></strong></span> <span class='ocrx_word' id='word_1_83' title='bbox 331 774 557 832; x_wconf 76' lang='grc' dir='ltr'><strong><em>ἐξήνθησεν</em></strong></span> <span class='ocrx_word' id='word_1_84' title='bbox 593 770 767 830; x_wconf 70' lang='grc' dir='ltr'><strong><em>ἄπειρόν</em></strong></span> <span class='ocrx_word' id='word_1_85' title='bbox 795 791 838 817; x_wconf 83' lang='grc' dir='ltr'>τι</span> <span class='ocrx_word' id='word_1_86' title='bbox 880 777 1041 829; x_wconf 77' lang='grc' dir='ltr'><strong><em>πλῆθος</em></strong></span> <span class='ocrx_word' id='word_1_87' title='bbox 1067 774 1242 818; x_wconf 81' lang='grc' dir='ltr'><strong><em>ἔνδοθεν</em></strong></span> <span class='ocrx_word' id='word_1_88' title='bbox 1271 776 1612 830; x_wconf 75' lang='grc' dir='ltr'><strong><em>ἀναδιδομένων,</em></strong></span> 
     </span>
    </p>

    <p class='ocr_par' dir='ltr' id='par_1_4' title="bbox 99 838 1611 1032">
     <span class='ocr_line' id='line_1_11' title="bbox 99 838 1611 902; baseline -0.001 -15"><span class='ocrx_word' id='word_1_89' title='bbox 99 843 232 902; x_wconf 68' lang='grc' dir='ltr'>ιοῦᾳί</span> <span class='ocrx_word' id='word_1_90' title='bbox 260 838 321 886; x_wconf 73' lang='grc' dir='ltr'><strong><em>ὧν</em></strong></span> <span class='ocrx_word' id='word_1_91' title='bbox 348 844 498 886; x_wconf 78' lang='grc' dir='ltr'><strong><em>ἐκεῖνοι</em></strong></span> <span class='ocrx_word' id='word_1_92' title='bbox 523 844 659 891; x_wconf 79' lang='grc' dir='ltr'><strong><em>κακῶς</em></strong></span> <span class='ocrx_word' id='word_1_93' title='bbox 688 840 902 895; x_wconf 73' lang='grc' dir='ltr'><strong><em>ἀπώλοντο</em></strong></span> <span class='ocrx_word' id='word_1_94' title='bbox 912 875 925 895; x_wconf 90' lang='lat'>,</span> <span class='ocrx_word' id='word_1_95' title='bbox 965 840 1071 898; x_wconf 79' lang='grc' dir='ltr'><strong><em>μήτε</em></strong></span> <span class='ocrx_word' id='word_1_96' title='bbox 1098 847 1287 898; x_wconf 76' lang='grc' dir='ltr'><strong><em>λουτροῖς</em></strong></span> <span class='ocrx_word' id='word_1_97' title='bbox 1313 843 1419 900; x_wconf 69' lang='grc' dir='ltr'><strong><em>μήτε</em></strong></span> <span class='ocrx_word' id='word_1_98' title='bbox 1443 846 1611 898; x_wconf 82' lang='grc' dir='ltr'><strong><em>χρίσεσι</em></strong></span> 
     </span>
     <span class='ocr_line' id='line_1_12' title="bbox 157 906 1609 968; baseline -0.001 -15"><span class='ocrx_word' id='word_1_99' title='bbox 157 911 394 968; x_wconf 80' lang='grc' dir='ltr'><strong><em>φαρμάκων</em></strong></span> <span class='ocrx_word' id='word_1_100' title='bbox 421 911 674 966; x_wconf 82' lang='grc' dir='ltr'><strong><em>διαφθεῖραι</em></strong></span> <span class='ocrx_word' id='word_1_101' title='bbox 701 906 746 951; x_wconf 83' lang='grc' dir='ltr'>τό</span> <span class='ocrx_word' id='word_1_102' title='bbox 780 911 896 964; x_wconf 82' lang='grc' dir='ltr'><strong><em>γένος</em></strong></span> <span class='ocrx_word' id='word_1_103' title='bbox 934 910 1077 952; x_wconf 73' lang='grc' dir='ltr'><strong><em>αὐτῶν</em></strong></span> <span class='ocrx_word' id='word_1_104' title='bbox 1104 910 1342 964; x_wconf 81' lang='grc' dir='ltr'><strong><em>δυνάμενοι.</em></strong></span> <span class='ocrx_word' id='word_1_105' title='bbox 1398 908 1472 952; x_wconf 82' lang='grc' dir='ltr'><strong><em>καί</em></strong></span> <span class='ocrx_word' id='word_1_106' title='bbox 1502 906 1609 952; x_wconf 77' lang='grc' dir='ltr'><strong><em>οὕτω</em></strong></span> 
     </span>
     <span class='ocr_line' id='line_1_13' title="bbox 153 973 537 1032; baseline -0.008 -12"><span class='ocrx_word' id='word_1_107' title='bbox 153 979 236 1032; x_wconf 82' lang='grc' dir='ltr'>μὲν</span> <span class='ocrx_word' id='word_1_108' title='bbox 263 975 288 1020; x_wconf 80' lang='grc' dir='ltr'>ὅ</span> <span class='ocrx_word' id='word_1_109' title='bbox 310 973 537 1032; x_wconf 78' lang='grc' dir='ltr'><strong><em>Ἰώσηπος.</em></strong></span> 
     </span>
    </p>

    <p class='ocr_par' dir='ltr' id='par_1_5' title="bbox 98 1041 1652 1302">
     <span class='ocr_line' id='line_1_14' title="bbox 265 1041 1607 1100; baseline -0.004 -11"><span class='ocrx_word' id='word_1_110' title='bbox 265 1041 330 1089; x_wconf 67' lang='lat' dir='ltr'>Al</span> <span class='ocrx_word' id='word_1_111' title='bbox 356 1045 514 1098; x_wconf 79' lang='grc' dir='ltr'><strong><em>πληγαί</em></strong></span> <span class='ocrx_word' id='word_1_112' title='bbox 544 1044 613 1097; x_wconf 85' lang='grc' dir='ltr'>δέ,</span> <span class='ocrx_word' id='word_1_113' title='bbox 641 1043 853 1100; x_wconf 76' lang='grc' dir='ltr'><strong><em>ἄγαπητέ,</em></strong></span> <span class='ocrx_word' id='word_1_114' title='bbox 884 1041 936 1093; x_wconf 75' lang='grc' dir='ltr'>(ἲς</span> <span class='ocrx_word' id='word_1_115' title='bbox 963 1042 985 1085; x_wconf 84' lang='grc' dir='ltr'>ὅ</span> <span class='ocrx_word' id='word_1_116' title='bbox 1013 1042 1112 1094; x_wconf 86' lang='grc' dir='ltr'><strong><em>θεὸς</em></strong></span> <span class='ocrx_word' id='word_1_117' title='bbox 1137 1044 1334 1100; x_wconf 76' lang='grc' dir='ltr'><strong><em>ἐπήνεγκε</em></strong></span> <span class='ocrx_word' id='word_1_118' title='bbox 1361 1045 1418 1100; x_wconf 76' lang='grc' dir='ltr'>τῷ</span> <span class='ocrx_word' id='word_1_119' title='bbox 1445 1043 1607 1098; x_wconf 77' lang='grc' dir='ltr'><strong><em>Φαραώ</em></strong></span> 
     </span>
     <span class='ocr_line' id='line_1_15' title="bbox 154 1105 1607 1168; baseline -0.001 -14"><span class='ocrx_word' id='word_1_120' title='bbox 154 1109 214 1168; x_wconf 85' lang='grc' dir='ltr'><strong><em>μῆ</em></strong></span> <span class='ocrx_word' id='word_1_121' title='bbox 251 1111 487 1168; x_wconf 73' lang='grc' dir='ltr'><strong><em>πειθομένῳ</em></strong></span> <span class='ocrx_word' id='word_1_122' title='bbox 531 1109 603 1153; x_wconf 88' lang='grc' dir='ltr'>τὸν</span> <span class='ocrx_word' id='word_1_123' title='bbox 637 1110 739 1153; x_wconf 85' lang='grc' dir='ltr'><strong><em>λαὸν</em></strong></span> <span class='ocrx_word' id='word_1_124' title='bbox 782 1110 1016 1164; x_wconf 73' lang='grc' dir='ltr'><strong><em>ἀπολῦσαι,</em></strong></span> <span class='ocrx_word' id='word_1_125' title='bbox 1059 1112 1160 1153; x_wconf 85' lang='grc' dir='ltr'><strong><em>δέκα</em></strong></span> <span class='ocrx_word' id='word_1_126' title='bbox 1187 1109 1258 1154; x_wconf 86' lang='grc' dir='ltr'>τὸν</span> <span class='ocrx_word' id='word_1_127' title='bbox 1287 1109 1476 1167; x_wconf 77' lang='grc' dir='ltr'><strong><em>ἀριθμόν</em></strong></span> <span class='ocrx_word' id='word_1_128' title='bbox 1501 1105 1607 1152; x_wconf 78' lang='grc' dir='ltr'><strong><em>κατὰ</em></strong></span> 
     </span>
     <span class='ocr_line' id='line_1_16' title="bbox 98 1175 1652 1236; baseline 0.002 -17"><span class='ocrx_word' id='word_1_129' title='bbox 98 1177 201 1223; x_wconf 77' lang='grc' dir='ltr'>15τὸ</span> <span class='ocrx_word' id='word_1_130' title='bbox 231 1179 277 1221; x_wconf 78' lang='grc' dir='ltr'><strong><em>ἐν</em></strong></span> <span class='ocrx_word' id='word_1_131' title='bbox 307 1175 438 1236; x_wconf 70' lang='grc' dir='ltr'><strong><em>ἐξόδῳ</em></strong></span> <span class='ocrx_word' id='word_1_132' title='bbox 475 1179 764 1233; x_wconf 76' lang='grc' dir='ltr'><strong><em>γεγραμμένον</em></strong></span> <span class='ocrx_word' id='word_1_133' title='bbox 803 1178 908 1220; x_wconf 81' lang='grc' dir='ltr'><strong><em>εἰσί·</em></strong></span> <span class='ocrx_word' id='word_1_134' title='bbox 972 1179 1074 1219; x_wconf 79' lang='grc' dir='ltr'><strong><em>δέκα</em></strong></span> <span class='ocrx_word' id='word_1_135' title='bbox 1099 1177 1173 1220; x_wconf 82' lang='grc' dir='ltr'><strong><em>καί</em></strong></span> <span class='ocrx_word' id='word_1_136' title='bbox 1198 1177 1280 1233; x_wconf 79' lang='grc' dir='ltr'>γάρ</span> <span class='ocrx_word' id='word_1_137' title='bbox 1312 1176 1475 1230; x_wconf 83' lang='grc' dir='ltr'><strong><em>κολάζει</em></strong></span> <span class='ocrx_word' id='word_1_138' title='bbox 1502 1180 1652 1233; x_wconf 84' lang='grc' dir='ltr'><strong><em>πλη-Ι)</em></strong></span> 
     </span>
     <span class='ocr_line' id='line_1_17' title="bbox 154 1242 1607 1302; baseline 0.001 -14"><span class='ocrx_word' id='word_1_139' title='bbox 154 1250 250 1302; x_wconf 87' lang='grc' dir='ltr'><strong><em>γαΐς</em></strong></span> <span class='ocrx_word' id='word_1_140' title='bbox 277 1244 347 1287; x_wconf 82' lang='grc' dir='ltr'>διά</span> <span class='ocrx_word' id='word_1_141' title='bbox 363 1260 409 1299; x_wconf 91' lang='grc' dir='ltr'>γε</span> <span class='ocrx_word' id='word_1_142' title='bbox 436 1243 508 1287; x_wconf 85' lang='grc' dir='ltr'>τὸν</span> <span class='ocrx_word' id='word_1_143' title='bbox 531 1245 688 1286; x_wconf 84' lang='grc' dir='ltr'><strong><em>τέλειον</em></strong></span> <span class='ocrx_word' id='word_1_144' title='bbox 719 1244 905 1299; x_wconf 85' lang='grc' dir='ltr'><strong><em>α’ριθμόν</em></strong></span> <span class='ocrx_word' id='word_1_145' title='bbox 924 1244 1026 1294; x_wconf 73' lang='grc' dir='ltr'>τούς</span> <span class='ocrx_word' id='word_1_146' title='bbox 1053 1244 1347 1300; x_wconf 79' lang='grc' dir='ltr'><strong><em>ἡμαρτηκότας</em></strong></span> <span class='ocrx_word' id='word_1_147' title='bbox 1374 1242 1426 1288; x_wconf 84' lang='grc' dir='ltr'>τά</span> <span class='ocrx_word' id='word_1_148' title='bbox 1453 1246 1607 1289; x_wconf 82' lang='grc' dir='ltr'><strong><em>τέλεια.</em></strong></span> 
     </span>
    </p>

    <p class='ocr_par' dir='ltr' id='par_1_6' title="bbox 156 1306 1729 1369">
     <span class='ocr_line' id='line_1_18' title="bbox 156 1306 1729 1369; baseline -0.001 -14"><span class='ocrx_word' id='word_1_149' title='bbox 156 1311 232 1355; x_wconf 82' lang='grc' dir='ltr'><em>καί</em></span> <span class='ocrx_word' id='word_1_150' title='bbox 255 1309 399 1367; x_wconf 82' lang='grc' dir='ltr'><strong><em>πρώτη</em></strong></span> <span class='ocrx_word' id='word_1_151' title='bbox 427 1312 506 1365; x_wconf 82' lang='grc' dir='ltr'>μὲν</span> <span class='ocrx_word' id='word_1_152' title='bbox 534 1310 560 1366; x_wconf 83' lang='grc' dir='ltr'><strong><em>ἦ</em></strong></span> <span class='ocrx_word' id='word_1_153' title='bbox 592 1313 678 1353; x_wconf 76' lang='grc' dir='ltr'>τῶν</span> <span class='ocrx_word' id='word_1_154' title='bbox 720 1312 766 1354; x_wconf 80' lang='grc' dir='ltr'><strong><em>ἐν</em></strong></span> <span class='ocrx_word' id='word_1_155' title='bbox 793 1308 998 1369; x_wconf 75' lang='grc' dir='ltr'><strong><em>Αἰγύπτῳ</em></strong></span> <span class='ocrx_word' id='word_1_156' title='bbox 1028 1311 1191 1353; x_wconf 85' lang='grc' dir='ltr'><strong><em>πάντων</em></strong></span> <span class='ocrx_word' id='word_1_157' title='bbox 1217 1309 1382 1354; x_wconf 72' lang='grc' dir='ltr'><strong><em>ὑδάτων</em></strong></span> <span class='ocrx_word' id='word_1_158' title='bbox 1408 1311 1470 1360; x_wconf 85' lang='grc' dir='ltr'>εἰς</span> <span class='ocrx_word' id='word_1_159' title='bbox 1500 1306 1605 1364; x_wconf 83' lang='grc' dir='ltr'><strong><em>αἷμα</em></strong></span> <span class='ocrx_word' id='word_1_160' title='bbox 1619 1321 1653 1354; x_wconf 87' lang='grc' dir='ltr'>Ρ.</span> <span class='ocrx_word' id='word_1_161' title='bbox 1674 1321 1729 1354; x_wconf 76' lang='grc' dir='ltr'>ι5ι</span> 
     </span>
    </p>

    <p class='ocr_par' dir='ltr' id='par_1_7' title="bbox 93 1374 1739 1566">
     <span class='ocr_line' id='line_1_19' title="bbox 155 1374 1739 1433; baseline -0.002 -13"><span class='ocrx_word' id='word_1_162' title='bbox 155 1376 385 1433; x_wconf 82' lang='grc' dir='ltr'><strong><em>μεταβολή.</em></strong></span> <span class='ocrx_word' id='word_1_163' title='bbox 440 1375 511 1419; x_wconf 80' lang='grc' dir='ltr'>διὰ</span> <span class='ocrx_word' id='word_1_164' title='bbox 537 1377 585 1420; x_wconf 85' lang='grc' dir='ltr'>τί</span> <span class='ocrx_word' id='word_1_165' title='bbox 621 1378 667 1419; x_wconf 84' lang='grc' dir='ltr'>δὲ</span> <span class='ocrx_word' id='word_1_166' title='bbox 697 1379 770 1420; x_wconf 87' lang='grc' dir='ltr'><strong><em>καί</em></strong></span> <span class='ocrx_word' id='word_1_167' title='bbox 796 1379 908 1427; x_wconf 87' lang='grc' dir='ltr'><strong><em>τίνος</em></strong></span> <span class='ocrx_word' id='word_1_168' title='bbox 935 1380 1071 1419; x_wconf 72' lang='grc' dir='ltr'><strong><em>ἕνεκεν</em></strong></span> <span class='ocrx_word' id='word_1_169' title='bbox 1097 1378 1142 1429; x_wconf 80' lang='grc' dir='ltr'>ἐξ</span> <span class='ocrx_word' id='word_1_170' title='bbox 1169 1374 1341 1420; x_wconf 71' lang='grc' dir='ltr'><strong><em>ὑδάτων</em></strong></span> <span class='ocrx_word' id='word_1_171' title='bbox 1367 1374 1525 1426; x_wconf 69' lang='grc' dir='ltr'><strong><em>αὐτοὺς</em></strong></span> <span class='ocrx_word' id='word_1_172' title='bbox 1551 1375 1605 1419; x_wconf 84' lang='grc' dir='ltr'>τά</span> <span class='ocrx_word' id='word_1_173' title='bbox 1620 1384 1659 1418; x_wconf 90' lang='lat' dir='ltr'>V.</span> <span class='ocrx_word' id='word_1_174' title='bbox 1679 1395 1739 1427; x_wconf 76' lang='grc' dir='ltr'>ιι7</span> 
     </span>
     <span class='ocr_line' id='line_1_20' title="bbox 109 1440 1608 1500; baseline -0.001 -14"><span class='ocrx_word' id='word_1_175' title='bbox 109 1488 112 1491; x_wconf 68' lang='grc'><strong>,</strong></span> <span class='ocrx_word' id='word_1_176' title='bbox 155 1445 301 1499; x_wconf 76' lang='grc' dir='ltr'><strong><em>πρῶτα</em></strong></span> <span class='ocrx_word' id='word_1_177' title='bbox 343 1443 509 1495; x_wconf 80' lang='grc' dir='ltr'><strong><em>κολάζει</em></strong></span> <span class='ocrx_word' id='word_1_178' title='bbox 541 1442 563 1486; x_wconf 83' lang='grc' dir='ltr'>ὁ</span> <span class='ocrx_word' id='word_1_179' title='bbox 591 1440 692 1494; x_wconf 82' lang='grc' dir='ltr'><strong><em>θεός</em></strong></span> <span class='ocrx_word' id='word_1_180' title='bbox 703 1461 717 1497; x_wconf 86' lang='grc'>,·</span> <span class='ocrx_word' id='word_1_181' title='bbox 746 1441 854 1486; x_wconf 87' lang='grc' dir='ltr'><strong><em>διότι</em></strong></span> <span class='ocrx_word' id='word_1_182' title='bbox 893 1443 939 1486; x_wconf 85' lang='grc' dir='ltr'>τὸ</span> <span class='ocrx_word' id='word_1_183' title='bbox 966 1441 1083 1500; x_wconf 75' lang='grc' dir='ltr'><strong><em>ὕδωρ</em></strong></span> <span class='ocrx_word' id='word_1_184' title='bbox 1112 1441 1398 1500; x_wconf 79' lang='grc' dir='ltr'><strong><em>διαφερόντως</em></strong></span> <span class='ocrx_word' id='word_1_185' title='bbox 1424 1443 1608 1497; x_wconf 80' lang='grc' dir='ltr'><strong><em>ἐτίμων,</em></strong></span> 
     </span>
     <span class='ocr_line' id='line_1_21' title="bbox 93 1506 1607 1566; baseline -0.001 -13"><span class='ocrx_word' id='word_1_186' title='bbox 93 1509 297 1566; x_wconf 70' lang='grc' dir='ltr'><strong><em>αοιῖρχὴν</em></strong></span> <span class='ocrx_word' id='word_1_187' title='bbox 331 1513 452 1553; x_wconf 82' lang='grc' dir='ltr'><strong><em>τοῦτο</em></strong></span> <span class='ocrx_word' id='word_1_188' title='bbox 490 1511 565 1565; x_wconf 76' lang='grc' dir='ltr'>τῆς</span> <span class='ocrx_word' id='word_1_189' title='bbox 606 1512 688 1553; x_wconf 77' lang='grc' dir='ltr'>τῶν</span> <span class='ocrx_word' id='word_1_190' title='bbox 718 1506 827 1552; x_wconf 79' lang='grc' dir='ltr'><strong><em>ὅλων</em></strong></span> <span class='ocrx_word' id='word_1_191' title='bbox 865 1511 1063 1564; x_wconf 84' lang='grc' dir='ltr'><strong><em>γενέσεως</em></strong></span> <span class='ocrx_word' id='word_1_192' title='bbox 1094 1506 1203 1552; x_wconf 84' lang='grc' dir='ltr'><strong><em>εἶναι</em></strong></span> <span class='ocrx_word' id='word_1_193' title='bbox 1233 1508 1428 1563; x_wconf 79' lang='grc' dir='ltr'><strong><em>οἰόμενοι.</em></strong></span> <span class='ocrx_word' id='word_1_194' title='bbox 1484 1508 1607 1551; x_wconf 81' lang='grc' dir='ltr'><strong><em>ἔνθεν</em></strong></span> 
     </span>
    </p>

    <p class='ocr_par' dir='ltr' id='par_1_8' title="bbox 154 1573 1608 1634">
     <span class='ocr_line' id='line_1_22' title="bbox 154 1573 1608 1634; baseline -0.002 -13"><span class='ocrx_word' id='word_1_195' title='bbox 154 1593 219 1621; x_wconf 78' lang='grc' dir='ltr'>τοι</span> <span class='ocrx_word' id='word_1_196' title='bbox 254 1579 328 1621; x_wconf 81' lang='grc' dir='ltr'>καί</span> <span class='ocrx_word' id='word_1_197' title='bbox 370 1579 517 1629; x_wconf 76' lang='grc' dir='ltr'><strong><em>πολλοὶ</em></strong></span> <span class='ocrx_word' id='word_1_198' title='bbox 542 1578 768 1633; x_wconf 75' lang='grc' dir='ltr'><strong><em>τηνικαῦτα</em></strong></span> <span class='ocrx_word' id='word_1_199' title='bbox 808 1577 891 1619; x_wconf 76' lang='grc' dir='ltr'>τῶν</span> <span class='ocrx_word' id='word_1_200' title='bbox 931 1576 1169 1634; x_wconf 77' lang='grc' dir='ltr'><strong><em>ἀνθρώπων</em></strong></span> <span class='ocrx_word' id='word_1_201' title='bbox 1207 1573 1480 1634; x_wconf 77' lang='grc' dir='ltr'><strong><em>ἐφθάρησαν·</em></strong></span> <span class='ocrx_word' id='word_1_202' title='bbox 1535 1576 1608 1618; x_wconf 75' lang='grc' dir='ltr'>ἐπὶ</span> 
     </span>
    </p>
   </div>
   <div class='ocr_carea' id='block_1_3' title="bbox 156 1755 1605 2803">
    <p class='ocr_par' dir='ltr' id='par_1_9' title="bbox 156 1755 1605 2375">
     <span class='ocr_line' id='line_1_23' title="bbox 158 1755 1604 1802; baseline -0.003 -11"><span class='ocrx_word' id='word_1_203' title='bbox 158 1758 264 1792; x_wconf 88' lang='lat' dir='ltr'>deum</span> <span class='ocrx_word' id='word_1_204' title='bbox 291 1757 329 1791; x_wconf 80' lang='lat' dir='ltr'>in</span> <span class='ocrx_word' id='word_1_205' title='bbox 354 1755 443 1790; x_wconf 85' lang='lat' dir='ltr'>rubo</span> <span class='ocrx_word' id='word_1_206' title='bbox 470 1755 617 1802; x_wconf 88' lang='lat' dir='ltr'>quidem</span> <span class='ocrx_word' id='word_1_207' title='bbox 642 1761 871 1801; x_wconf 86' lang='lat' dir='ltr'>conspectum</span> <span class='ocrx_word' id='word_1_208' title='bbox 894 1757 1024 1800; x_wconf 80' lang='lat' dir='ltr'>virgam</span> <span class='ocrx_word' id='word_1_209' title='bbox 1049 1756 1087 1789; x_wconf 89' lang='lat' dir='ltr'>in</span> <span class='ocrx_word' id='word_1_210' title='bbox 1111 1760 1312 1801; x_wconf 81' lang='lat' dir='ltr'>serpentem</span> <span class='ocrx_word' id='word_1_211' title='bbox 1340 1760 1516 1795; x_wconf 85' lang='lat' dir='ltr'>mutasse,</span> <span class='ocrx_word' id='word_1_212' title='bbox 1542 1767 1604 1789; x_wconf 90' lang='lat' dir='ltr'>co-</span> 
     </span>
     <span class='ocr_line' id='line_1_24' title="bbox 158 1802 1604 1848; baseline -0.002 -9"><span class='ocrx_word' id='word_1_213' title='bbox 158 1818 231 1840; x_wconf 86' lang='lat' dir='ltr'>ram</span> <span class='ocrx_word' id='word_1_214' title='bbox 256 1804 440 1840; x_wconf 78' lang='lat' dir='ltr'>Pharaone</span> <span class='ocrx_word' id='word_1_215' title='bbox 464 1816 547 1838; x_wconf 85' lang='lat' dir='ltr'>vero</span> <span class='ocrx_word' id='word_1_216' title='bbox 572 1804 610 1836; x_wconf 92' lang='lat' dir='ltr'>in</span> <span class='ocrx_word' id='word_1_217' title='bbox 629 1803 830 1844; x_wconf 83' lang='lat' dir='ltr'>draconem,</span> <span class='ocrx_word' id='word_1_218' title='bbox 855 1808 896 1836; x_wconf 80' lang='lat' dir='ltr'>ut,</span> <span class='ocrx_word' id='word_1_219' title='bbox 919 1804 996 1848; x_wconf 84' lang='lat' dir='ltr'>ipsa</span> <span class='ocrx_word' id='word_1_220' title='bbox 1014 1803 1261 1848; x_wconf 76' lang='lat' dir='ltr'>magnitudine</span> <span class='ocrx_word' id='word_1_221' title='bbox 1286 1802 1512 1836; x_wconf 82' lang='lat' dir='ltr'>formidinem</span> <span class='ocrx_word' id='word_1_222' title='bbox 1536 1802 1604 1836; x_wconf 89' lang='lat' dir='ltr'>ho-</span> 
     </span>
     <span class='ocr_line' id='line_1_25' title="bbox 156 1849 1604 1896; baseline -0.003 -9"><span class='ocrx_word' id='word_1_223' title='bbox 156 1853 316 1887; x_wconf 85' lang='lat' dir='ltr'>minibus</span> <span class='ocrx_word' id='word_1_224' title='bbox 351 1853 538 1885; x_wconf 84' lang='lat' dir='ltr'>incuteret.</span> <span class='ocrx_word' id='word_1_225' title='bbox 576 1857 631 1884; x_wconf 90' lang='lat' dir='ltr'>est</span> <span class='ocrx_word' id='word_1_226' title='bbox 655 1856 774 1884; x_wconf 87' lang='lat' dir='ltr'>autem</span> <span class='ocrx_word' id='word_1_227' title='bbox 803 1851 1029 1896; x_wconf 88' lang='lat' dir='ltr'>perspicuum</span> <span class='ocrx_word' id='word_1_228' title='bbox 1061 1849 1264 1896; x_wconf 78' lang='lat' dir='ltr'>prodigium</span> <span class='ocrx_word' id='word_1_229' title='bbox 1287 1850 1380 1883; x_wconf 88' lang='lat' dir='ltr'>istuc</span> <span class='ocrx_word' id='word_1_230' title='bbox 1404 1861 1527 1895; x_wconf 81' lang='lat' dir='ltr'>reapse</span> <span class='ocrx_word' id='word_1_231' title='bbox 1550 1850 1604 1883; x_wconf 83' lang='lat' dir='ltr'>sa-</span> 
     </span>
     <span class='ocr_line' id='line_1_26' title="bbox 156 1896 1604 1943; baseline -0.004 -8"><span class='ocrx_word' id='word_1_232' title='bbox 156 1907 252 1935; x_wconf 85' lang='lat' dir='ltr'>ctum</span> <span class='ocrx_word' id='word_1_233' title='bbox 281 1911 377 1941; x_wconf 83' lang='lat' dir='ltr'>esse,</span> <span class='ocrx_word' id='word_1_234' title='bbox 402 1912 482 1933; x_wconf 89' lang='lat' dir='ltr'>cum</span> <span class='ocrx_word' id='word_1_235' title='bbox 506 1910 688 1943; x_wconf 83' lang='lat' dir='ltr'>magorum</span> <span class='ocrx_word' id='word_1_236' title='bbox 715 1898 877 1943; x_wconf 80' lang='lat' dir='ltr'>prodigia</span> <span class='ocrx_word' id='word_1_237' title='bbox 898 1899 951 1931; x_wconf 90' lang='lat' dir='ltr'>nil</span> <span class='ocrx_word' id='word_1_238' title='bbox 973 1898 1042 1931; x_wconf 90' lang='lat' dir='ltr'>nisi</span> <span class='ocrx_word' id='word_1_239' title='bbox 1076 1908 1195 1931; x_wconf 85' lang='lat' dir='ltr'>merae</span> <span class='ocrx_word' id='word_1_240' title='bbox 1223 1896 1343 1930; x_wconf 87' lang='lat' dir='ltr'>forent</span> <span class='ocrx_word' id='word_1_241' title='bbox 1367 1897 1604 1942; x_wconf 79' lang='lat' dir='ltr'>praestigiae,</span> 
     </span>
     <span class='ocr_line' id='line_1_27' title="bbox 157 1944 1604 1995; baseline -0.003 -13"><span class='ocrx_word' id='word_1_242' title='bbox 157 1956 250 1995; x_wconf 85' lang='lat' dir='ltr'>q&#39;uae</span> <span class='ocrx_word' id='word_1_243' title='bbox 275 1948 399 1981; x_wconf 90' lang='lat' dir='ltr'>oculos</span> <span class='ocrx_word' id='word_1_244' title='bbox 431 1947 742 1992; x_wconf 78' lang='lat' dir='ltr'>praestringerent.</span> <span class='ocrx_word' id='word_1_245' title='bbox 777 1946 904 1978; x_wconf 87' lang='lat' dir='ltr'>iccirco</span> <span class='ocrx_word' id='word_1_246' title='bbox 940 1945 1148 1989; x_wconf 80' lang='lat' dir='ltr'>imaginaria</span> <span class='ocrx_word' id='word_1_247' title='bbox 1179 1944 1314 1978; x_wconf 84' lang='lat' dir='ltr'>isthaec</span> <span class='ocrx_word' id='word_1_248' title='bbox 1339 1945 1475 1989; x_wconf 89' lang='lat' dir='ltr'>species</span> <span class='ocrx_word' id='word_1_249' title='bbox 1499 1957 1519 1977; x_wconf 82' lang='lat' dir='ltr'>a</span> <span class='ocrx_word' id='word_1_250' title='bbox 1542 1956 1604 1979; x_wconf 84' lang='lat' dir='ltr'>ve-</span> 
     </span>
     <span class='ocr_line' id='line_1_28' title="bbox 158 1991 1602 2038; baseline -0.003 -8"><span class='ocrx_word' id='word_1_251' title='bbox 158 1998 263 2030; x_wconf 85' lang='lat' dir='ltr'>ritate</span> <span class='ocrx_word' id='word_1_252' title='bbox 287 1996 326 2028; x_wconf 86' lang='lat' dir='ltr'>in</span> <span class='ocrx_word' id='word_1_253' title='bbox 351 1994 504 2028; x_wconf 85' lang='lat' dir='ltr'>nihilum</span> <span class='ocrx_word' id='word_1_254' title='bbox 530 1993 768 2037; x_wconf 77' lang='lat' dir='ltr'>redigebatur.</span> <span class='ocrx_word' id='word_1_255' title='bbox 807 2004 925 2038; x_wconf 87' lang='lat' dir='ltr'>neque</span> <span class='ocrx_word' id='word_1_256' title='bbox 950 1998 1072 2025; x_wconf 78' lang='lat' dir='ltr'>tamen</span> <span class='ocrx_word' id='word_1_257' title='bbox 1096 1991 1165 2025; x_wconf 89' lang='lat' dir='ltr'>hoc</span> <span class='ocrx_word' id='word_1_258' title='bbox 1187 1991 1294 2025; x_wconf 88' lang='lat' dir='ltr'>modo</span> <span class='ocrx_word' id='word_1_259' title='bbox 1317 2004 1442 2036; x_wconf 89' lang='lat' dir='ltr'>parere</span> <span class='ocrx_word' id='word_1_260' title='bbox 1466 1992 1602 2026; x_wconf 83' lang='lat' dir='ltr'>Pharao</span> 
     </span>
     <span class='ocr_line' id='line_1_29' title="bbox 157 2040 1605 2086; baseline -0.002 -10"><span class='ocrx_word' id='word_1_261' title='bbox 157 2044 299 2086; x_wconf 87' lang='lat' dir='ltr'>voluit,</span> <span class='ocrx_word' id='word_1_262' title='bbox 337 2042 401 2076; x_wconf 87' lang='lat' dir='ltr'>sed</span> <span class='ocrx_word' id='word_1_263' title='bbox 425 2042 536 2086; x_wconf 84' lang='lat' dir='ltr'>magis</span> <span class='ocrx_word' id='word_1_264' title='bbox 577 2043 684 2074; x_wconf 85' lang='lat' dir='ltr'>etiam</span> <span class='ocrx_word' id='word_1_265' title='bbox 728 2041 849 2073; x_wconf 83' lang='lat' dir='ltr'>furens</span> <span class='ocrx_word' id='word_1_266' title='bbox 874 2040 1054 2073; x_wconf 83' lang='lat' dir='ltr'>Hebraeos</span> <span class='ocrx_word' id='word_1_267' title='bbox 1079 2040 1216 2084; x_wconf 83' lang='lat' dir='ltr'>gravius</span> <span class='ocrx_word' id='word_1_268' title='bbox 1246 2045 1356 2084; x_wconf 83' lang='lat' dir='ltr'>urget.</span> <span class='ocrx_word' id='word_1_269' title='bbox 1383 2045 1605 2086; x_wconf 83' lang='lat' dir='ltr'>quapropter</span> 
     </span>
     <span class='ocr_line' id='line_1_30' title="bbox 158 2087 1603 2134; baseline -0.003 -10"><span class='ocrx_word' id='word_1_270' title='bbox 158 2091 351 2124; x_wconf 87' lang='lat' dir='ltr'>subsecuta</span> <span class='ocrx_word' id='word_1_271' title='bbox 383 2090 526 2134; x_wconf 83' lang='lat' dir='ltr'>flagella</span> <span class='ocrx_word' id='word_1_272' title='bbox 558 2100 770 2134; x_wconf 74' lang='lat' dir='ltr'>poenaeque</span> <span class='ocrx_word' id='word_1_273' title='bbox 796 2087 855 2120; x_wconf 89' lang='lat' dir='ltr'>dei</span> <span class='ocrx_word' id='word_1_274' title='bbox 879 2093 978 2128; x_wconf 87' lang='lat' dir='ltr'>sunt,</span> <span class='ocrx_word' id='word_1_275' title='bbox 1003 2093 1040 2121; x_wconf 82' lang='lat' dir='ltr'>et</span> <span class='ocrx_word' id='word_1_276' title='bbox 1061 2087 1155 2120; x_wconf 88' lang='lat' dir='ltr'>inter</span> <span class='ocrx_word' id='word_1_277' title='bbox 1181 2087 1268 2120; x_wconf 87' lang='lat' dir='ltr'>alias</span> <span class='ocrx_word' id='word_1_278' title='bbox 1298 2087 1430 2132; x_wconf 88' lang='lat' dir='ltr'>quibus</span> <span class='ocrx_word' id='word_1_279' title='bbox 1461 2093 1515 2121; x_wconf 82' lang='lat' dir='ltr'>est</span> <span class='ocrx_word' id='word_1_280' title='bbox 1539 2087 1603 2120; x_wconf 75' lang='lat' dir='ltr'>ad-</span> 
     </span>
     <span class='ocr_line' id='line_1_31' title="bbox 159 2134 1603 2181; baseline -0.003 -9"><span class='ocrx_word' id='word_1_281' title='bbox 159 2138 294 2180; x_wconf 79' lang='lat' dir='ltr'>fectus,</span> <span class='ocrx_word' id='word_1_282' title='bbox 328 2138 435 2171; x_wconf 89' lang='lat' dir='ltr'>etiam</span> <span class='ocrx_word' id='word_1_283' title='bbox 461 2137 667 2170; x_wconf 89' lang='lat' dir='ltr'>huiusmodi</span> <span class='ocrx_word' id='word_1_284' title='bbox 702 2135 880 2181; x_wconf 86' lang='lat' dir='ltr'>quandam</span> <span class='ocrx_word' id='word_1_285' title='bbox 907 2135 1087 2168; x_wconf 79' lang='lat' dir='ltr'>exstitisse</span> <span class='ocrx_word' id='word_1_286' title='bbox 1119 2134 1292 2179; x_wconf 85' lang='lat' dir='ltr'>Iosephus</span> <span class='ocrx_word' id='word_1_287' title='bbox 1316 2135 1436 2168; x_wconf 86' lang='lat' dir='ltr'>tradit.</span> <span class='ocrx_word' id='word_1_288' title='bbox 1462 2135 1603 2168; x_wconf 85' lang='lat' dir='ltr'>infinita</span> 
     </span>
     <span class='ocr_line' id='line_1_32' title="bbox 157 2182 1604 2232; baseline -0.003 -13"><span class='ocrx_word' id='word_1_289' title='bbox 157 2185 408 2232; x_wconf 80' lang='lat' dir='ltr'>pediculorum</span> <span class='ocrx_word' id='word_1_290' title='bbox 443 2184 640 2218; x_wconf 85' lang='lat' dir='ltr'>multitudo</span> <span class='ocrx_word' id='word_1_291' title='bbox 675 2183 771 2229; x_wconf 88' lang='lat' dir='ltr'>apud</span> <span class='ocrx_word' id='word_1_292' title='bbox 793 2183 986 2228; x_wconf 81' lang='lat' dir='ltr'>Aegyptios</span> <span class='ocrx_word' id='word_1_293' title='bbox 1022 2182 1277 2227; x_wconf 85' lang='lat' dir='ltr'>proveniebat,</span> <span class='ocrx_word' id='word_1_294' title='bbox 1303 2193 1346 2214; x_wconf 86' lang='lat' dir='ltr'>ex</span> <span class='ocrx_word' id='word_1_295' title='bbox 1369 2182 1604 2216; x_wconf 85' lang='lat' dir='ltr'>interioribus</span> 
     </span>
     <span class='ocr_line' id='line_1_33' title="bbox 159 2229 1604 2278; baseline -0.003 -11"><span class='ocrx_word' id='word_1_296' title='bbox 159 2245 282 2267; x_wconf 79' lang='lat' dir='ltr'>eorum</span> <span class='ocrx_word' id='word_1_297' title='bbox 322 2232 484 2278; x_wconf 88' lang='lat' dir='ltr'>partibus</span> <span class='ocrx_word' id='word_1_298' title='bbox 519 2233 740 2272; x_wconf 82' lang='lat' dir='ltr'>scaturiens,</span> <span class='ocrx_word' id='word_1_299' title='bbox 780 2243 801 2263; x_wconf 90' lang='lat' dir='ltr'>a</span> <span class='ocrx_word' id='word_1_300' title='bbox 829 2231 961 2277; x_wconf 84' lang='lat' dir='ltr'>quibus</span> <span class='ocrx_word' id='word_1_301' title='bbox 994 2230 1231 2263; x_wconf 79' lang='lat' dir='ltr'>excarnificati</span> <span class='ocrx_word' id='word_1_302' title='bbox 1258 2229 1388 2262; x_wconf 88' lang='lat' dir='ltr'>misere</span> <span class='ocrx_word' id='word_1_303' title='bbox 1417 2229 1604 2275; x_wconf 84' lang='lat' dir='ltr'>peribant,</span> 
     </span>
     <span class='ocr_line' id='line_1_34' title="bbox 158 2277 1603 2325; baseline -0.003 -10"><span class='ocrx_word' id='word_1_304' title='bbox 158 2293 227 2316; x_wconf 86' lang='lat' dir='ltr'>nec</span> <span class='ocrx_word' id='word_1_305' title='bbox 266 2281 324 2315; x_wconf 88' lang='lat' dir='ltr'>vel</span> <span class='ocrx_word' id='word_1_306' title='bbox 364 2280 513 2314; x_wconf 82' lang='lat' dir='ltr'>lavacris</span> <span class='ocrx_word' id='word_1_307' title='bbox 557 2280 615 2314; x_wconf 86' lang='lat' dir='ltr'>vel</span> <span class='ocrx_word' id='word_1_308' title='bbox 651 2279 922 2325; x_wconf 85' lang='lat' dir='ltr'>pharmacorum</span> <span class='ocrx_word' id='word_1_309' title='bbox 950 2277 1220 2312; x_wconf 70' lang='lat' dir='ltr'>munctionibus</span> <span class='ocrx_word' id='word_1_310' title='bbox 1243 2277 1430 2323; x_wconf 86' lang='lat' dir='ltr'>pediculos</span> <span class='ocrx_word' id='word_1_311' title='bbox 1452 2277 1603 2324; x_wconf 83' lang='lat' dir='ltr'>perdere</span> 
     </span>
     <span class='ocr_line' id='line_1_35' title="bbox 159 2326 1014 2375; baseline -0.006 -13"><span class='ocrx_word' id='word_1_312' title='bbox 159 2334 335 2375; x_wconf 85' lang='lat' dir='ltr'>poterant.</span> <span class='ocrx_word' id='word_1_313' title='bbox 359 2327 430 2361; x_wconf 88' lang='lat' dir='ltr'>hoc</span> <span class='ocrx_word' id='word_1_314' title='bbox 454 2326 561 2361; x_wconf 89' lang='lat' dir='ltr'>modo</span> <span class='ocrx_word' id='word_1_315' title='bbox 588 2339 662 2360; x_wconf 89' lang='lat' dir='ltr'>rem</span> <span class='ocrx_word' id='word_1_316' title='bbox 686 2327 859 2372; x_wconf 88' lang='lat' dir='ltr'>Iosephus</span> <span class='ocrx_word' id='word_1_317' title='bbox 884 2331 1014 2358; x_wconf 83' lang='lat' dir='ltr'>narrat.</span> 
     </span>
    </p>

    <p class='ocr_par' dir='ltr' id='par_1_10' title="bbox 159 2371 1605 2803">
     <span class='ocr_line' id='line_1_36' title="bbox 250 2371 1605 2418; baseline -0.003 -9"><span class='ocrx_word' id='word_1_318' title='bbox 250 2376 304 2409; x_wconf 92' lang='lat' dir='ltr'>Te</span> <span class='ocrx_word' id='word_1_319' title='bbox 330 2382 470 2417; x_wconf 87' lang='lat' dir='ltr'>autem,</span> <span class='ocrx_word' id='word_1_320' title='bbox 489 2375 620 2408; x_wconf 81' lang='lat' dir='ltr'>dilecte</span> <span class='ocrx_word' id='word_1_321' title='bbox 647 2375 709 2415; x_wconf 86' lang='lat' dir='ltr'>fili,</span> <span class='ocrx_word' id='word_1_322' title='bbox 735 2375 823 2407; x_wconf 88' lang='lat' dir='ltr'>scire</span> <span class='ocrx_word' id='word_1_323' title='bbox 844 2374 926 2407; x_wconf 90' lang='lat' dir='ltr'>volo</span> <span class='ocrx_word' id='word_1_324' title='bbox 955 2373 1073 2418; x_wconf 83' lang='lat' dir='ltr'>plagas</span> <span class='ocrx_word' id='word_1_325' title='bbox 1098 2373 1199 2414; x_wconf 62' lang='lat' dir='ltr'>illas,</span> <span class='ocrx_word' id='word_1_326' title='bbox 1225 2372 1357 2418; x_wconf 87' lang='lat' dir='ltr'>quibus</span> <span class='ocrx_word' id='word_1_327' title='bbox 1383 2371 1605 2406; x_wconf 81' lang='lat' dir='ltr'>Pharaonem</span> 
     </span>
     <span class='ocr_line' id='line_1_37' title="bbox 159 2420 1605 2468; baseline -0.003 -12"><span class='ocrx_word' id='word_1_328' title='bbox 159 2421 300 2457; x_wconf 78' lang='lat' dir='ltr'>adflixit</span> <span class='ocrx_word' id='word_1_329' title='bbox 321 2423 422 2464; x_wconf 88' lang='lat' dir='ltr'>deus,</span> <span class='ocrx_word' id='word_1_330' title='bbox 449 2422 656 2468; x_wconf 86' lang='lat' dir='ltr'>persuaderi</span> <span class='ocrx_word' id='word_1_331' title='bbox 681 2422 752 2456; x_wconf 89' lang='lat' dir='ltr'>sibi</span> <span class='ocrx_word' id='word_1_332' title='bbox 778 2432 851 2454; x_wconf 89' lang='lat' dir='ltr'>non</span> <span class='ocrx_word' id='word_1_333' title='bbox 876 2421 1049 2454; x_wconf 82' lang='lat' dir='ltr'>ferentem</span> <span class='ocrx_word' id='word_1_334' title='bbox 1069 2427 1110 2455; x_wconf 85' lang='lat' dir='ltr'>ut</span> <span class='ocrx_word' id='word_1_335' title='bbox 1131 2421 1304 2466; x_wconf 90' lang='lat' dir='ltr'>populum</span> <span class='ocrx_word' id='word_1_336' title='bbox 1318 2421 1525 2453; x_wconf 82' lang='lat' dir='ltr'>Israelicum</span> <span class='ocrx_word' id='word_1_337' title='bbox 1550 2420 1605 2452; x_wconf 84' lang='lat' dir='ltr'>di-</span> 
     </span>
     <span class='ocr_line' id='line_1_38' title="bbox 160 2468 1604 2514; baseline -0.003 -10"><span class='ocrx_word' id='word_1_338' title='bbox 160 2471 338 2512; x_wconf 82' lang='lat' dir='ltr'>mitteret,</span> <span class='ocrx_word' id='word_1_339' title='bbox 362 2482 511 2504; x_wconf 90' lang='lat' dir='ltr'>numero</span> <span class='ocrx_word' id='word_1_340' title='bbox 547 2470 672 2503; x_wconf 86' lang='lat' dir='ltr'>decem</span> <span class='ocrx_word' id='word_1_341' title='bbox 699 2471 828 2509; x_wconf 81' lang='lat' dir='ltr'>fuisse,</span> <span class='ocrx_word' id='word_1_342' title='bbox 866 2468 1164 2514; x_wconf 87' lang='lat' dir='ltr'>quemadmodum</span> <span class='ocrx_word' id='word_1_343' title='bbox 1199 2468 1238 2501; x_wconf 91' lang='lat' dir='ltr'>in</span> <span class='ocrx_word' id='word_1_344' title='bbox 1265 2468 1359 2501; x_wconf 87' lang='lat' dir='ltr'>libro</span> <span class='ocrx_word' id='word_1_345' title='bbox 1390 2468 1451 2513; x_wconf 88' lang='lat' dir='ltr'>qui</span> <span class='ocrx_word' id='word_1_346' title='bbox 1480 2473 1535 2500; x_wconf 88' lang='lat' dir='ltr'>est</span> <span class='ocrx_word' id='word_1_347' title='bbox 1558 2468 1604 2500; x_wconf 87' lang='lat' dir='ltr'>de</span> 
     </span>
     <span class='ocr_line' id='line_1_39' title="bbox 161 2514 1602 2563; baseline -0.003 -12"><span class='ocrx_word' id='word_1_348' title='bbox 161 2518 402 2552; x_wconf 80' lang='lat' dir='ltr'>Israelitarum</span> <span class='ocrx_word' id='word_1_349' title='bbox 439 2530 480 2551; x_wconf 84' lang='lat' dir='ltr'>ex</span> <span class='ocrx_word' id='word_1_350' title='bbox 511 2518 673 2562; x_wconf 72' lang='lat' dir='ltr'>Aegypto</span> <span class='ocrx_word' id='word_1_351' title='bbox 707 2517 932 2563; x_wconf 82' lang='lat' dir='ltr'>profectione</span> <span class='ocrx_word' id='word_1_352' title='bbox 967 2517 1203 2562; x_wconf 88' lang='lat' dir='ltr'>perscriptum</span> <span class='ocrx_word' id='word_1_353' title='bbox 1242 2515 1404 2561; x_wconf 83' lang='lat' dir='ltr'>legimus.</span> <span class='ocrx_word' id='word_1_354' title='bbox 1433 2514 1602 2548; x_wconf 88' lang='lat' dir='ltr'>nimirum</span> 
     </span>
     <span class='ocr_line' id='line_1_40' title="bbox 162 2561 1604 2611; baseline -0.002 -12"><span class='ocrx_word' id='word_1_355' title='bbox 162 2565 288 2599; x_wconf 84' lang='lat' dir='ltr'>decem</span> <span class='ocrx_word' id='word_1_356' title='bbox 319 2566 443 2611; x_wconf 79' lang='lat' dir='ltr'>plagae</span> <span class='ocrx_word' id='word_1_357' title='bbox 470 2571 617 2611; x_wconf 86' lang='lat' dir='ltr'>propter</span> <span class='ocrx_word' id='word_1_358' title='bbox 641 2565 791 2598; x_wconf 84' lang='lat' dir='ltr'>huiusce</span> <span class='ocrx_word' id='word_1_359' title='bbox 823 2563 960 2597; x_wconf 88' lang='lat' dir='ltr'>numeri</span> <span class='ocrx_word' id='word_1_360' title='bbox 981 2563 1264 2609; x_wconf 83' lang='lat' dir='ltr'>perfectionem,</span> <span class='ocrx_word' id='word_1_361' title='bbox 1294 2575 1354 2596; x_wconf 85' lang='lat' dir='ltr'>eos</span> <span class='ocrx_word' id='word_1_362' title='bbox 1392 2561 1604 2596; x_wconf 62' lang='lat' dir='ltr'>divexas-unt</span> 
     </span>
     <span class='ocr_line' id='line_1_41' title="bbox 163 2610 1604 2658; baseline -0.003 -11"><span class='ocrx_word' id='word_1_363' title='bbox 163 2613 227 2658; x_wconf 86' lang='lat' dir='ltr'>qui</span> <span class='ocrx_word' id='word_1_364' title='bbox 250 2613 407 2658; x_wconf 78' lang='lat' dir='ltr'>perfecte</span> <span class='ocrx_word' id='word_1_365' title='bbox 435 2613 676 2658; x_wconf 86' lang='lat' dir='ltr'>deliquerant.</span> <span class='ocrx_word' id='word_1_366' title='bbox 711 2613 877 2658; x_wconf 85' lang='lat' dir='ltr'>princeps</span> <span class='ocrx_word' id='word_1_367' title='bbox 916 2612 1074 2644; x_wconf 88' lang='lat' dir='ltr'>omnium</span> <span class='ocrx_word' id='word_1_368' title='bbox 1099 2616 1176 2644; x_wconf 81' lang='lat' dir='ltr'>erat</span> <span class='ocrx_word' id='word_1_369' title='bbox 1200 2622 1372 2656; x_wconf 88' lang='lat' dir='ltr'>aquarum</span> <span class='ocrx_word' id='word_1_370' title='bbox 1398 2610 1437 2643; x_wconf 90' lang='lat' dir='ltr'>in</span> <span class='ocrx_word' id='word_1_371' title='bbox 1460 2610 1604 2654; x_wconf 78' lang='lat' dir='ltr'>sangui·</span> 
     </span>
     <span class='ocr_line' id='line_1_42' title="bbox 163 2657 1604 2706; baseline -0.001 -13"><span class='ocrx_word' id='word_1_372' title='bbox 163 2672 244 2694; x_wconf 87' lang='lat' dir='ltr'>nem</span> <span class='ocrx_word' id='word_1_373' title='bbox 269 2671 332 2704; x_wconf 90' lang='lat' dir='ltr'>per</span> <span class='ocrx_word' id='word_1_374' title='bbox 355 2660 550 2706; x_wconf 78' lang='lat' dir='ltr'>Aegyptum</span> <span class='ocrx_word' id='word_1_375' title='bbox 579 2661 779 2693; x_wconf 85' lang='lat' dir='ltr'>universam</span> <span class='ocrx_word' id='word_1_376' title='bbox 803 2659 1042 2693; x_wconf 84' lang='lat' dir='ltr'>commutatio.</span> <span class='ocrx_word' id='word_1_377' title='bbox 1067 2659 1302 2706; x_wconf 84' lang='lat' dir='ltr'>quamobrem</span> <span class='ocrx_word' id='word_1_378' title='bbox 1326 2658 1418 2691; x_wconf 88' lang='lat' dir='ltr'>istuc</span> <span class='ocrx_word' id='word_1_379' title='bbox 1445 2657 1604 2691; x_wconf 73' lang='lat' dir='ltr'>sactum?</span> 
     </span>
     <span class='ocr_line' id='line_1_43' title="bbox 164 2704 1602 2753; baseline -0.001 -14"><span class='ocrx_word' id='word_1_380' title='bbox 164 2719 226 2740; x_wconf 82' lang='lat' dir='ltr'>cur</span> <span class='ocrx_word' id='word_1_381' title='bbox 249 2719 313 2752; x_wconf 86' lang='lat' dir='ltr'>per</span> <span class='ocrx_word' id='word_1_382' title='bbox 349 2718 460 2753; x_wconf 83' lang='lat' dir='ltr'>aquas</span> <span class='ocrx_word' id='word_1_383' title='bbox 487 2707 575 2741; x_wconf 85' lang='lat' dir='ltr'>deus</span> <span class='ocrx_word' id='word_1_384' title='bbox 600 2719 662 2741; x_wconf 87' lang='lat' dir='ltr'>eos</span> <span class='ocrx_word' id='word_1_385' title='bbox 686 2708 802 2753; x_wconf 90' lang='lat' dir='ltr'>primo</span> <span class='ocrx_word' id='word_1_386' title='bbox 831 2707 911 2739; x_wconf 90' lang='lat' dir='ltr'>loco</span> <span class='ocrx_word' id='word_1_387' title='bbox 943 2707 1075 2752; x_wconf 81' lang='lat' dir='ltr'>punit?</span> <span class='ocrx_word' id='word_1_388' title='bbox 1109 2706 1207 2752; x_wconf 82' lang='lat' dir='ltr'>quod</span> <span class='ocrx_word' id='word_1_389' title='bbox 1231 2717 1358 2750; x_wconf 80' lang='lat' dir='ltr'>aquam</span> <span class='ocrx_word' id='word_1_390' title='bbox 1386 2704 1516 2738; x_wconf 78' lang='lat' dir='ltr'>eximie</span> <span class='ocrx_word' id='word_1_391' title='bbox 1542 2717 1602 2738; x_wconf 88' lang='lat' dir='ltr'>co-</span> 
     </span>
     <span class='ocr_line' id='line_1_44' title="bbox 163 2752 1601 2803; baseline -0.002 -14"><span class='ocrx_word' id='word_1_392' title='bbox 163 2755 303 2798; x_wconf 79' lang='lat' dir='ltr'>lerent,</span> <span class='ocrx_word' id='word_1_393' title='bbox 329 2767 434 2802; x_wconf 82' lang='lat' dir='ltr'>quam</span> <span class='ocrx_word' id='word_1_394' title='bbox 460 2767 535 2790; x_wconf 81' lang='lat' dir='ltr'>esse</span> <span class='ocrx_word' id='word_1_395' title='bbox 559 2755 772 2803; x_wconf 86' lang='lat' dir='ltr'>principium</span> <span class='ocrx_word' id='word_1_396' title='bbox 802 2761 899 2789; x_wconf 81' lang='lat' dir='ltr'>ortus</span> <span class='ocrx_word' id='word_1_397' title='bbox 926 2765 1042 2790; x_wconf 85' lang='lat' dir='ltr'>rerum</span> <span class='ocrx_word' id='word_1_398' title='bbox 1067 2755 1313 2790; x_wconf 78' lang='lat' dir='ltr'>universarum</span> <span class='ocrx_word' id='word_1_399' title='bbox 1338 2752 1601 2787; x_wconf 72' lang='lat' dir='ltr'>existimabant.</span> 
     </span>
    </p>
   </div>
  </div>
 </body>
</html>
