1826 3120
277 171 313 224 6
328 188 344 222 ι
360 187 388 221 2
722 174 1009 217 metm-,ms
1051 173 1267 217 GLYCAE

278 290 324 331 δὲ
352 288 427 341 τῆς
451 278 666 335 ’τοιαύτης
699 276 993 332 ἀποκηρύξεως
1023 275 1044 320 ὅ
1090 275 1320 332 ὑπέρτιμος
1348 277 1526 332 πρῶτον·
1546 278 1718 328 Ψελλὸς.

275 355 408 396 ταῦτα
437 351 483 391 δὲ
517 346 538 389 ὃ
562 346 762 399 Διογένης
788 339 966 396 μαθών,
993 342 1066 385 καὶ
1088 339 1152 384 ὅτι
1183 345 1329 392 κοινῶς
1358 339 1719 398 ἀποκεκήρυκται,

274 413 479 476 φρούριόν
506 429 547 455 τι
586 408 808 463 κατασχών
850 411 983 451 ἐκεῖσε
1010 411 1193 452 Δόκειαν
1237 410 1456 464 λεγόμενον
1493 423 1721 463 στρατοπε-

274 483 410 526 δεύειν
438 477 607 536 ἦρξατο.
674 476 765 518 ἀλλ’
802 493 823 518 ο
865 478 1041 530 Καῖσαρ
1075 475 1146 517 τὸν
1186 472 1451 530 βραχύτατον
1495 472 1590 518 υὶόν
1616 473 1743 538 κιττοὶἸ

273 551 500 604 Διογένους
528 546 739 597 ἐκπέμπει.
808 539 1063 584 συνάπτεται
1089 539 1282 594 πόλεμος,
1349 539 1489 597 φυγὰς
1518 538 1539 582 ὃ
1573 540 1759 596 Acesti-5

129 626 165 658 P.
194 622 346 671 3α9νης
377 613 554 669 οἴχεται.
631 609 976 653 &maudut-9212
1002 610 1260 664 περινοστῶν
1290 607 1392 662 πρὸς
1423 609 1623 651 Κιλικίαν
1642 624 1726 670 πα·-

273 683 502 739 ραγίνεται.
571 677 830 732 ὑποστρέφει
871 674 896 716 ὅ
926 677 1241 725 Κωνσταντῖνος
1270 676 1343 717 ἐπὶ
1366 673 1546 725 τούτοις.
1604 676 1726 718 στέλ-

1111 738 1123 753 t

274 756 391 792 λεται
418 747 503 789 ἀντ’
541 745 674 786 aava&
703 741 810 785 κατὰ
840 744 1065 797 Διογένους
1100 757 1120 782 ο
1154 744 1232 784 τοῦ
1259 739 1481 797 Καίσαρος
1508 739 1602 793 υἱὸς
1632 742 1726 784 Ἀν-

274 816 489 872 δρόνικος,
531 815 747 865 πολιορκεῖ
781 806 854 850 τὸν
882 802 1091 861 ’Ἀδανον,
1134 808 1344 863 συνθῆκαι
1385 809 1578 863 γίνονται.
1618 861 1622 865 .
1654 805 1729 851 καὶ

275 884 458 936 κείρεται
485 877 561 933 την
593 876 719 930 τρίχα
747 874 768 917 ὃ
796 875 1027 930 Διογένης,
1057 872 1194 925 &gaal
1213 890 1259 916 τε
1285 876 1362 917 τοῦ
1388 873 1568 930 κάστρου
1596 878 1728 930 μελα-
1745 886 1794 913 1⁰

274 947 493 1000 νειμοναῖν.
553 939 696 996 λαβών
726 942 773 983 δὲ
805 942 907 993 μεθ’
934 939 1084 982 ἑαυτὸν
1112 939 1183 982 τὸν
1211 941 1389 996 Διογένη
1418 938 1441 982 ὄ
1468 942 1731 998 Ἀνδρόνικος

276 1012 426 1057 νόστου
456 1012 663 1065 μέμνηται
681 1041 693 1061 ,
724 1009 855 1049 ἕλκων
885 1005 1016 1049 αὖτὸν
1044 1007 1088 1048 έν
1116 1008 1283 1048 εὐτελεῖ
1302 1007 1514 1066 ὖποζυγιζο
1542 1006 1614 1051 διὰ
1646 1009 1732 1050 τῶν

276 1079 429 1135 χωρῶν
458 1076 626 1119 ἐκείνων
659 1070 727 1124 αἷς
754 1073 917 1123 ἰσόθεος
947 1073 1204 1127 ἐγνωρίζετο.
1261 1073 1412 1128 μέχρις
1438 1070 1518 1117 οὖν
1543 1075 1622 1117 τοῦ
1639 1076 1731 1117 Κο-

279 1148 430 1188 τυαιόυ
460 1142 535 1199 τὴν
570 1140 811 1195 ὁδοιπορίαν
861 1137 1069 1195 ὀδυνηρὰν
1106 1137 1382 1194 ποιησάμενος
1411 1136 1482 1197 (ἦν
1505 1139 1586 1198 γὰρ
1609 1155 1733 1197 νοση-

280 1211 504 1264 λευόμενος
532 1212 577 1252 ἐκ
606 1207 823 1249 κοιλιακοῦ
851 1208 897 1248 ἐκ
925 1208 1100 1247 κωνείου
1132 1208 1411 1261 προποθέντος
1435 1208 1570 1265 αὐτῷ)
1600 1201 1798 1252 ἐκεῖσοῐῖ)

280 1278 541 1332 κατεσχέθη,
575 1277 653 1323 ἕως
679 1267 732 1314 οὖ
760 1270 806 1315 τὸ
836 1275 1026 1327 ποιητέον
1062 1270 1216 1330 ὁρισθῇ
1243 1273 1306 1314 ἐπ’
1334 1272 1461 1330 αὐτῷ.
1517 1278 1737 1329 καταλαμ-

242 1345 402 1400 Ββάιιει
431 1343 455 1398 ἡ
484 1342 718 1398 ἀπόφασις.
787 1340 859 1380 καί
894 1341 976 1380 τῶν
1005 1340 1238 1394 ἀρχιερέων
1265 1341 1348 1381 ταῖν
1375 1341 1447 1382 ἐπὶ
1472 1341 1532 1398 τῷ
1559 1340 1739 1395 δοθῆναι

283 1401 403 1465 λόγον
445 1407 716 1461 συμπαθείας
757 1407 965 1462 ἐπαρῆξαι
1000 1403 1058 1460 μὴ
1101 1405 1365 1460 δυνηθέντων
1406 1405 1620 1462 (ω’μησταί
1655 1407 1736 1463 γάρ

283 1479 356 1520 καί
383 1476 554 1531 ἀπηνεῖς
583 1470 733 1528 ἄνδρες
762 1471 1015 1528 ἀφήρπαξαν
1054 1471 1203 1527 αὐτόν)
1235 1471 1488 1527 ὀφθαλμοὺς
1515 1470 1739 1528 ἐξορύσσε-

284 1560 367 1586 ται.
424 1539 657 1596 προαχθείς
686 1541 730 1581 έν
757 1539 969 1595 ὑποζυγίῳ
995 1540 1123 1591 μέχρι
1146 1541 1220 1592 τῆς
1236 1539 1537 1591 Προποντίδος,
1567 1539 1642 1581 καί
1663 1536 1741 1594 τὴν
1753 1543 1804 1576 ²⁰

287 1607 474 1664 κεφαλὴν
505 1605 615 1660 ἔχων
645 1606 902 1663 ἑξῳὸηκυΐαν
932 1603 1005 1645 καί
1031 1603 1131 1652 τούς
1163 1603 1416 1660 ὀφθαλμοὺς
1445 1602 1584 1659 ὥσπερ
1613 1606 1740 1659 σῶμα

289 1675 490 1731 σεσηπός,
524 1673 752 1715 κάντεῦθεν
782 1668 1005 1725 σκωλήκων
1042 1669 1115 1711 καί
1141 1671 1354 1720 δυσωδίας
1381 1671 1603 1727 πλησθείς,
1632 1670 1741 1715 ἐπω-

290 1890 490 1933 Diogenem
516 1885 720 1930 exciperet,
746 1883 847 1917 cuius
874 1884 1175 1918 exauctorationis
1194 1884 1325 1929 primns
1352 1890 1475 1918 auctor
1499 1885 1571 1919 suit
1592 1886 1741 1920 Pselius.

292 1947 384 1983 quae
413 1946 493 1968 cum
526 1933 650 1974 fieret,
688 1932 882 1977 imperator
915 1932 1065 1965 castello
1101 1932 1256 1978 quodam
1292 1939 1487 1978 occupato,
1524 1934 1582 1966 cui
1620 1934 1743 1967 Docea

291 1993 425 2017 nomen
449 1986 570 2021 esset,
603 1980 730 2013 metari
755 1985 870 2012 castra
907 1985 1087 2024 coeperat.
1131 1979 1176 2012 ad
1211 1991 1288 2012 eum
1310 1979 1584 2025 opprimendum
1611 1980 1745 2014 Caesar

293 2031 409 2064 filium
433 2040 533 2062 suum
565 2033 652 2060 natu
691 2027 876 2059 minimum
903 2038 980 2059 cum
1016 2026 1129 2072 copiis
1168 2027 1359 2070 ablegavit.
1390 2034 1555 2061 conserto
1579 2028 1743 2073 praelio,

295 2079 378 2121 fuga
402 2075 509 2109 saluti
536 2086 619 2107 suae
648 2075 822 2118 Diogenes
847 2074 1028 2114 consulit⁷
1064 2079 1100 2107 et
1123 2074 1207 2107 hinc
1234 2074 1319 2107 inde
1346 2081 1491 2119 vagatus
1519 2076 1558 2108 in
1581 2072 1745 2109 Ciliciam

294 2123 470 2171 pervenit.
503 2123 642 2154 interea
686 2122 943 2154 Constantinus
987 2121 1032 2153 ad
1067 2121 1192 2154 urbem
1230 2122 1438 2164 revertitur,
1475 2122 1627 2168 eiusque
1665 2123 1745 2156 loco

297 2172 396 2205 filius
422 2170 514 2202 alter
538 2169 696 2201 Caesaris
721 2168 945 2201 Andronicus
970 2168 1211 2213 persequendi
1242 2169 1412 2213 Diogenis
1441 2180 1547 2202 causa
1577 2169 1748 2207 mittitur.

299 2220 330 2252 is
359 2229 437 2251 cum
463 2215 623 2249 Adanam
665 2215 870 2256 obsideret,
909 2215 953 2247 de
992 2226 1079 2260 pace
1105 2221 1295 2249 tractatum
1321 2222 1398 2258 est,
1423 2221 1460 2250 et
1485 2222 1590 2250 tonso
1615 2216 1748 2262 capillo

299 2266 479 2309 Diogenes
506 2275 524 2295 e
552 2269 664 2296 castro
689 2263 789 2307 pulla
806 2267 905 2296 veste
929 2263 1078 2296 amictus
1104 2262 1248 2308 prodiit.
1276 2273 1356 2295 eum
1380 2263 1605 2298 Andronicus
1629 2275 1750 2297 secum

302 2312 455 2351 reduxit,
482 2311 617 2354 vilique
639 2310 799 2342 iumento
823 2310 1029 2354 impositum
1049 2321 1112 2354 per
1138 2321 1179 2343 ea
1202 2310 1281 2342 loca
1305 2311 1414 2343 traxit
1428 2311 1466 2343 in
1490 2310 1619 2356 quibus
1643 2306 1758 2344 antea'

303 2371 368 2393 ceu
401 2357 469 2391 deo
495 2369 559 2402 par
573 2358 735 2400 cognitus
760 2356 979 2401 habitusque
1004 2356 1215 2390 fuerat.hoc
1238 2357 1345 2390 modo
1373 2369 1453 2390 cum
1476 2358 1662 2401 Cotyaium
1687 2369 1751 2391 us-

303 2418 374 2452 que
397 2416 472 2438 nou
497 2405 574 2436 sine
598 2404 763 2437 maximis
792 2403 977 2436 doloribus
1003 2403 1101 2448 (nam
1124 2404 1375 2438 intestinorum
1398 2406 1523 2439 morbo
1548 2404 1751 2445 laborabat,

304 2465 410 2498 quem
440 2463 459 2485 e
503 2452 693 2496 propinata
738 2452 853 2484 cicuta
879 2454 1109 2496 conceperat)
1148 2450 1287 2484 delatus
1324 2451 1470 2493 fuisset,
1495 2452 1672 2498 tantisper
1697 2452 1752 2485 ibi

305 2501 473 2533 detentus
500 2504 571 2538 est,
605 2497 722 2530 donec
740 2499 778 2531 in
804 2497 892 2530 urbe
931 2498 1018 2543 quid
1043 2498 1087 2531 de
1112 2499 1189 2542 ipso
1222 2498 1431 2532 faciundum
1460 2504 1554 2532 esset
1579 2499 1754 2533 decerne-

306 2554 414 2580 retur.
458 2546 521 2579 ubi
559 2545 667 2578 latam
704 2546 742 2577 in
779 2546 895 2589 ipsum
933 2546 1146 2578 sententiam
1184 2545 1406 2579 Andronicus
1437 2546 1651 2591 accepisset,
1684 2557 1753 2580 nec

308 2606 413 2639 opem
443 2594 475 2625 ei
502 2592 689 2637 pontifices
727 2592 820 2624 serre
853 2593 1071 2637 potuissent,
1102 2598 1142 2625 ut
1177 2592 1454 2626 misericordiam
1479 2593 1691 2638 impetraret
1717 2594 1754 2636 (a

309 2640 514 2673 crudelibus
540 2640 634 2672 enim
660 2639 846 2684 saevisque
862 2639 1066 2672 hominibus
1092 2639 1369 2685 abripiebatur),
1394 2639 1506 2673 oeulis
1531 2641 1667 2676 effossis
1691 2651 1754 2674 ex-

312 2694 487 2720 caecatur.
516 2686 648 2719 deinde
676 2685 720 2718 ad
742 2686 996 2730 Propontidem
1029 2687 1191 2720 iumento
1231 2692 1374 2726 vectus,
1397 2688 1484 2719 “cum
1513 2694 1622 2731 caput
1646 2700 1666 2721 e
1693 2693 1754 2721 tu·-

310 2745 409 2766 more
437 2739 639 2778 corruptum
665 2732 824 2767 haberet.
855 2733 1041 2777 oculisque
1062 2745 1138 2766 cum
1164 2739 1241 2767 toto
1267 2743 1415 2778 corpore
1440 2734 1648 2778 putrefactis
1673 2745 1754 2769 ver-

312 2780 429 2815 mibus
456 2786 491 2814 et
515 2781 655 2814 foetore
678 2786 848 2822 scateret,
873 2780 1000 2814 misere
1023 2781 1129 2815 vitam
1148 2780 1254 2822 finiit,
1276 2780 1314 2814 in
1341 2780 1446 2814 Proto
1468 2781 1587 2816 insula
1603 2781 1755 2829 pulvere
