1826 3120
605 141 890 186 ANNAmUM
930 142 1068 187 PARS
1112 142 1165 187 n.
1486 127 1595 202 275

145 261 225 291 των
250 245 329 289 τοῦ
350 244 515 294 πάθους
532 243 708 299 γέγονεν,
733 244 824 288 ἄλλ’
842 244 894 286 οὗ
920 243 993 288 τόν
1017 244 1148 288 αὐτὸν
1163 243 1316 301 τρόπον
1336 245 1397 304 τῷ
1419 246 1592 300 Ἰακώβ.

144 313 167 355 ὅ
206 314 348 367 μέντοι
378 308 546 367 Φαραώ
587 309 732 353 πολιὸν
774 309 879 354 ἰδών
922 310 989 355 τὸν
1026 310 1185 366 Ἰακώβ
1225 313 1362 370 ἐρωτᾷ
1387 314 1598 369 περὶτῶν

144 380 250 422 ἐτῶν
277 372 427 421 αὗτοῦ.
488 379 561 420 καί
586 374 633 427 ὃς
660 377 911 435 ἀπεκρίνατο
929 379 1061 433 λέγων
1087 376 1164 432 »αἱ
1190 377 1346 434 ἡμέραι
1379 381 1465 422 τῶν
1493 380 1598 421 ἑτῶν

143 448 219 501 τῆς
245 445 358 500 ζωῆς
382 458 469 499 μου
500 442 551 494 ἃς
579 446 773 500 παροικῶ
787 476 800 497 ,
837 442 898 499 ρλ’
926 441 1021 500 ἔτη,
1046 445 1199 501 μικραὶ
1224 446 1298 487 καί
1322 447 1504 502 πονηραὶ
1529 460 1600 500 γε-

107 510 335 567 5γόνασι.”
401 511 533 553 ταῦτα
574 510 622 551 δὲ
650 507 764 565 ἔλεγε
801 510 854 552 δι’
882 508 954 560 οὓς
983 509 1142 567 ὑπέστη
1168 510 1446 567 πειρασμούς.
1505 513 1600 554 ἕπε’-

145 579 246 633 ζησε
274 577 322 619 δὲ
344 574 454 631 μετὰ
484 577 619 618 ταῦτα
643 572 715 631 ἔτη
746 574 793 617 ιε’
822 577 885 625 εἰς
911 573 1175 632 παράκλησιν
1201 570 1262 620 ὧν
1289 575 1424 619 ἔπαθε
1453 579 1646 620 δεινῶνΡ.
1665 582 1727 627 ι46

141 642 194 687 τὰ
225 641 307 700 πρὸ
335 645 426 686 τοῦ.
495 643 570 685 καί
596 640 635 684 οἱ
661 643 740 695 μὲν
776 644 952 685 παλαιοί
977 641 1112 684 πολὺν
1141 640 1298 698 χρόνον
1328 642 1458 699 ἔζων,
1491 641 1604 687 ὥστε

143 705 385 768 αὐξηθῆναι
412 706 460 751 τό
489 710 607 764 γένος
635 709 681 751 ἒν
710 710 771 765 τῷ
797 707 956 752 πλείονι
979 707 1131 768 χρόνῳ.
1158 708 1230 751 διὰ
1255 711 1377 752 τοῦτο
1395 710 1468 753 καί
1495 715 1599 753 πολε.

142 779 239 826 λαῖς
277 775 534 832 συνήπτοντο
563 774 767 829 γυναιξίν.
837 772 984 818 αὐτίκα
1009 777 1112 830 γοῦν
1136 776 1211 818 καί
1235 773 1341 829 μετὰ
1372 775 1446 819 τὸν
1473 794 1602 819 nata-

86 863 132 890 10
145 841 333 897 κλυσμὸν
370 839 601 897 μακρόβιοι
641 836 766 896 ἦσαν.
836 841 983 898 ἐπειδὴ
1014 843 1061 884 δὲ
1090 840 1168 898 τὴν
1201 843 1446 898 οἰκουμένην
1474 842 1603 899 ἐπλήὸ

142 926 306 964 ρωσαν,
333 904 559 964 ἠλαττώθη
591 906 738 952 λοιπὸν
764 907 789 951 ὅ
817 913 901 952 τῶν
930 910 1036 951 ἑτῶν
1063 906 1267 964 ἀριθμός.
1324 907 1430 951 κατὰ
1460 911 1508 951 δὲ
1533 909 1603 952 τὸν

89 1025 94 1031 Ι
142 973 362 1018 θειότατον
391 974 620 1030 Κύριλλον,
648 972 876 1030 ἠλαττώθη
906 973 959 1018 τοὶ
983 974 1053 1030 ἔτη
1082 973 1154 1017 διοὶ
1179 972 1226 1018 τὸ
1256 973 1332 1031 τὴν
1362 975 1493 1032 φύσιν
1522 977 1601 1018 αύ-

141 1041 216 1098 τῆν
257 1042 572 1099 ἆὸρανεστέραν
609 1043 669 1098 τῷ
704 1039 845 1099 χρόνῳ
884 1042 1083 1097 γενέσθαι
1122 1040 1197 1083 καί
1221 1039 1280 1098 μὴ
1316 1043 1388 1084 ἐπὶ
1415 1044 1603 1085 πλείοσιν

142 1107 308 1163 ἵσχύειν
341 1106 453 1151 ἔτεσι
494 1106 856 1163 παρεκτείνεσθαι.
925 1106 998 1150 καὶ
1041 1111 1260 1157 πολυετεῖς
1296 1110 1377 1162 μὲν
1416 1103 1527 1163 ἦσαν
1563 1109 1603 1150 οἱ

83 1172 320 1229 ιόπαλαιοὶ
348 1176 402 1216 δι’
431 1172 483 1230 ἢν
512 1176 654 1218 αἰτίαν
682 1172 873 1231 ἔφθασεν
908 1174 931 1217 ὅ
962 1173 1082 1230 λόγος
1112 1176 1266 1217 εἰπεῖν·
1326 1173 1347 1217 ὃ
1378 1176 1424 1217 δὲ
1453 1175 1641 1230 'leion-B

142 1256 219 1290 πος
245 1243 300 1298 τῇ
319 1243 680 1298 παρευρισκομένῃ
708 1242 803 1284 τότε
821 1243 959 1299 τροφῇ
987 1242 1248 1298 μακροβίους
1274 1243 1475 1296 γενέσθαι
1503 1240 1604 1291 τοὺς

142 1306 398 1364 ἀνθρώπους
427 1305 555 1363 ἔλεγε.

251 1373 347 1417 Καὶ
370 1376 493 1433 γεννᾷ
516 1376 616 1428 μέν,
647 1373 705 1424 ὥς
735 1371 921 1431 εἴρηται,
954 1372 1053 1423 τούς
1080 1373 1244 1417 δώδεκα
1272 1372 1546 1430 πατριάρχας
1573 1374 1615 1421 ὅ,

143 1438 328 1494 Ἰακώβ,
367 1442 443 1497 (ἐφ’
480 1435 542 1483 ὧν
582 1439 629 1484 αἱ
669 1438 835 1483 δώδεκα
875 1440 1012 1498 φυλαὶ
1049 1443 1129 1482 τοῦ
1158 1440 1360 1495 Ἰσραήλ·
1418 1439 1490 1482 διὰ
1519 1439 1601 1496 γάρ

78 1525 129 1552 20
141 1507 259 1549 τοῦτο
299 1505 375 1549 καὶ
399 1507 671 1565 πατριάρχας
712 1508 866 1559 ἐκεῖνος
895 1503 918 1548 ὅ
950 1507 1069 1563 λόγος
1097 1507 1298 1550 ἐκάλεσεν
1323 1506 1381 1558 ὥς
1407 1509 1491 1550 τῶν
1520 1524 1603 1549 πα-

143 1713 259 1751 taret,
297 1709 334 1743 ni
359 1707 533 1744 videlicet
556 1708 729 1756 Iosephus
755 1721 836 1744 eum
864 1715 1076 1753 recreasset,
1108 1711 1170 1757 qui
1196 1713 1339 1746 tametsi
1366 1717 1403 1747 et
1430 1713 1508 1758 ipse
1538 1722 1602 1748 vo-

142 1757 290 1803 luptatis
316 1756 567 1802 magnitudine
592 1763 841 1802 superaretur,
864 1770 938 1792 non
962 1765 1083 1793 tamen
1110 1759 1237 1792 eodem
1262 1759 1371 1792 modo
1399 1769 1473 1805 quo
1499 1761 1603 1794 laco-

140 1805 211 1839 bus
234 1803 483 1839 adficiebatur.
523 1809 633 1850 atque
658 1803 741 1838 heic
768 1816 847 1838 cum
871 1805 1009 1839 Pharao
1034 1805 1204 1838 Iacobum
1233 1806 1302 1839 iam
1327 1818 1455 1840 canum
1481 1808 1603 1841 intue-

142 1857 241 1885 retur
257 1877 268 1893 ‚
308 1857 399 1897 quot
424 1857 531 1885 natus
573 1856 667 1884 esset
690 1863 804 1885 annos
827 1852 1036 1897 interrogat.
1062 1852 1260 1897 respondet
1284 1853 1314 1885 is
1338 1853 1431 1886 hanc
1455 1855 1494 1887 in
1519 1864 1603 1888 sen-

141 1898 290 1933 tentiam
321 1899 427 1945 (Gen.
455 1898 498 1943 47
524 1897 566 1942 9)
588 1898 699 1940 „anni
722 1899 818 1933 vitae
840 1909 962 1940 meae,
988 1910 1079 1945 quos
1098 1900 1347 1944 peregrinatus
1366 1912 1456 1943 sum,
1482 1903 1603 1935 omni-

140 1957 189 1980 no
213 1951 299 1980 sunt
324 1951 470 1980 centum
495 1951 532 1979 et
555 1946 724 1990 triginta,
754 1957 843 1991 quos
870 1947 967 1991 ipsos
997 1957 1085 1979 sane
1109 1958 1244 1992 paucos
1271 1953 1308 1981 et
1329 1947 1444 1981 malos
1471 1960 1602 1994 exper-

141 1999 198 2027 tus
223 1994 335 2026 sum.”
377 2003 472 2039 quae
498 1992 654 2038 vquidem
683 1994 802 2027 'verba
826 1999 976 2038 propter
1010 2004 1070 2027 eas
1095 1993 1323 2027 adflictiones
1349 2000 1387 2028 et
1412 2006 1600 2031 aerumnas

141 2040 294 2086 protulit
318 2051 408 2086 quas
431 2051 623 2086 perpessus
647 2041 775 2073 fuerat.
795 2040 887 2074 vixit
901 2046 1022 2074 autem
1046 2039 1180 2074 abhoc
1202 2046 1366 2087 tempore
1391 2043 1599 2087 quindecim

142 2087 262 2122 adhuc
286 2099 421 2129 annos,
449 2087 582 2134 quibus
607 2087 779 2121 nonnihil
798 2088 937 2121 scilicet
972 2098 992 2120 a
1019 2088 1304 2129 calamitatibus,
1330 2100 1418 2134 quas
1443 2090 1599 2123 antehac

140 2135 351 2180 pertulerat,
380 2140 612 2168 recrearetur.
642 2140 681 2168 et
703 2134 873 2168 vivebant
895 2145 980 2168 sane
1005 2134 1147 2179 longam
1170 2141 1324 2169 aetatem
1350 2137 1514 2171 homines
1541 2139 1599 2171 illi

140 2182 266 2227 prisci,
291 2193 364 2228 quo
392 2193 503 2227 genus
528 2182 724 2215 humanum
751 2183 789 2215 in
815 2181 1013 2216 maioribus
1039 2182 1114 2216 illis
1139 2182 1234 2216 vitae
1259 2185 1387 2229 spatiis
1414 2195 1456 2218 eo
1480 2185 1598 2218 felici-

142 2241 183 2262 us
205 2236 463 2275 propagaretur
491 2234 529 2263 et
553 2230 842 2275 amplificaretur.
878 2228 1004 2262 eadem
1042 2239 1149 2263 causa
1174 2230 1245 2264 suit
1267 2242 1330 2264 cur
1353 2231 1518 2276 pluribus
1547 2233 1598 2265 si·-

139 2277 216 2310 mui
239 2277 412 2311 uxoribus
451 2277 567 2311 iuncti
596 2282 727 2310 essent.
767 2283 850 2323 post
878 2276 1057 2310 diluvium
1082 2275 1229 2322 quidem
1253 2285 1350 2312 certe
1379 2280 1512 2312 multos
1532 2280 1598 2312 ad-

142 2323 213 2357 huc
235 2335 348 2358 annos
372 2323 525 2358 vivendo
561 2324 766 2369 explebant.
793 2330 830 2358 at
860 2323 926 2357 ubi
952 2324 1126 2369 paulatim
1153 2325 1276 2359 orbem
1300 2330 1473 2359 terrarum
1499 2338 1596 2360 com-

142 2371 325 2415 plessent,
351 2382 526 2405 annorum
558 2372 668 2404 etiam
692 2372 790 2405 vitae
821 2381 991 2405 numerus
1015 2371 1178 2405 imminui
1203 2374 1335 2418 coepit.
1362 2372 1492 2418 quodsi
1519 2385 1597 2406 cre-

144 2417 229 2451 dere
253 2418 388 2462 Cyrillo
418 2418 608 2460 debemus,
637 2419 713 2452 viro
743 2419 986 2460 divinissimo,
1012 2419 1076 2452 illa
1099 2430 1247 2465 quoque
1272 2420 1317 2453 de
1343 2431 1450 2453 causa
1480 2420 1597 2453 homi-

145 2476 228 2498 num
258 2465 361 2499 annis
386 2466 526 2511 aliquid
552 2466 727 2507 decessit,
753 2466 851 2511 quod
879 2466 955 2511 ipsa
979 2471 1108 2500 natura
1145 2467 1320 2513 paulatim
1348 2467 1506 2501 debilior
1533 2469 1597 2501 fiat

145 2517 182 2546 et
210 2510 255 2545 ad
280 2513 402 2557 plures
431 2524 543 2546 annos
570 2523 607 2546 se
633 2524 845 2547 conservare
871 2518 1040 2559 nequeat.

239 2558 375 2594 Genuit
409 2566 552 2602 autem,
596 2572 661 2594 ceu
704 2561 775 2594 iam
818 2566 902 2594 ante
935 2560 1163 2603 monuimus,
1193 2561 1414 2607 patriarchas
1446 2561 1596 2595 lacobus

146 2605 355 2648 duodecim,
388 2618 408 2640 a
444 2608 579 2653 quibus
618 2607 810 2641 duodecim
840 2608 1030 2642 Israelicae
1067 2608 1182 2652 tribus
1210 2615 1311 2642 ortae
1338 2613 1431 2642 sunt.
1461 2610 1597 2643 etenim

147 2654 238 2686 hanc
262 2653 372 2698 ipsam
398 2654 444 2687 ob
473 2666 615 2688 causam
640 2656 677 2687 in
708 2655 840 2689 litteris
865 2655 971 2688 sacris
997 2657 1173 2701 appellari
1198 2655 1422 2702 patriarchae
1445 2665 1598 2690 consue-

145 2706 288 2741 verunt,
329 2702 433 2746 quasi
475 2702 618 2747 patrion
655 2702 867 2743 archontes,
911 2702 949 2736 id
984 2709 1038 2736 est
1078 2704 1237 2737 tribuum
1274 2705 1346 2736 sive
1382 2703 1597 2738 familiarum

146 2748 334 2795 principes.
384 2748 604 2795 Epiohanius
632 2750 791 2795 scripsit,
829 2749 945 2785 tribus
973 2750 1151 2786 exstitisse
1178 2750 1362 2787 tredecim.
1392 2761 1598 2797 quanquam
