1826 3120
623 109 904 163 ANNALmni
945 123 1080 164 mus
1122 125 1152 163 ι.
1538 102 1607 158 55

164 223 235 271 καὶ
262 225 320 282 τῷ
349 226 449 278 παρ’
467 220 637 279 ’Ἐλλησι
669 227 888 284 τιμωμένῳ
911 226 1051 283 Ἑρμῇ.
1118 227 1268 267 πείθου
1299 226 1345 266 δὲ
1372 227 1530 278 μᾶλλον
1559 227 1613 282 τῷ

163 289 329 348 μεγάλῳ
357 290 600 348 Ἀθανασύρ
627 293 683 349 τῷ
711 307 754 333 τε
776 290 1098 347 -χρυσορρὴμονι
1122 289 1288 350 Ἰωάννῃ
1322 290 1498 340 καὶτοῖς
1528 295 1613 332 λοι-

137 362 256 406 ,ποῖς
287 355 421 411 ἁγίοις
451 356 655 413 πατράσι·
725 356 822 413 περὶ
850 356 931 412 γάρ
974 359 1051 399 τοῦ
1081 359 1126 400 ἐκ
1154 360 1322 413 γενετῆς
1348 360 1516 415 τυφλοῦ
1543 357 1617 399 καί

163 423 241 465 τοῦ
269 424 315 465 ἐκ
338 426 502 478 γενετῆς
526 425 670 478 χωλοῦ
695 421 767 465 τὸν
813 424 934 477 λόγον
962 422 1206 476 ποιούμενοι
1232 423 1310 480 τὴν
1343 425 1615 467 διαπλάττου-

129 493 244 534 5σαν
288 488 332 532 τὸ
382 491 488 541 ζῶον
528 486 754 547 ᾐτιάσαντο
791 487 947 545 φύσιν,
991 489 1042 531 ού
1081 490 1165 545 μὴν
1205 491 1403 533 ἐναντίων
1428 492 1614 546 α’στέρων

164 554 492 612 σχηματισμούς.
550 551 616 598 ὅτι
645 557 691 597 δὲ
725 555 751 610 ἦ
779 554 908 611 φύσις
934 558 1016 598 τῶν
1049 556 1250 600 τοιούτων
1280 558 1398 600 αἰτία
1431 557 1614 610 σινωμά-

162 639 244 666 των
291 624 387 667 ἐστι’
424 624 515 678 (καί
558 619 640 677 γάρ
678 620 782 683 κατὰ
820 620 894 678 τήν
921 618 1076 677 ἑαυτῆς
1126 623 1382 666 ἀκολουθίαν
1410 622 1535 666 εἴωθε
1562 623 1612 666 τὰ

164 688 299 732 πάντα
340 694 500 741 ποιεῖν,
546 688 604 738 ὥς
644 687 774 745 φησίν
818 687 841 730 ὅ
870 690 1001 743 μέγας
1038 692 1308 747 Βασίλειος),
1335 692 1408 732 καί
1437 688 1481 732 αἱ
1512 692 1719 746 παρῬ.α9

162 755 263 810 ἡμῖν
303 756 569 814 ἐπῳάζουσαι
597 756 844 798 κατοικίδιοι
890 749 1057 809 ὄρνιθες
1086 758 1350 813 μαρτυροῦσι
1376 755 1509 814 τούτῳ
1538 774 1614 801 σα-

104 841 149 866 ιο
164 823 366 879 φέστατα.
416 819 585 876 ’ὁρῶμεν
614 820 698 877 γάρ
727 820 843 863 ἔστιν
871 818 938 863 ὅτε
968 824 1013 863 ἐκ
1040 825 1122 865 τῶν
1151 822 1243 881 ᾠῶν
1272 814 1520 866 ἐκπίπτοντα
1547 841 1614 866 τε·

163 891 428 945 τραπτὲρυγα
466 886 628 931 νεόττια
668 891 742 931 καί
784 888 1036 944 τετράποδα.
1075 890 1171 932 4καί
1198 894 1286 939 τοῖς
1313 891 1392 942 μὲν
1421 892 1616 943 ἀγνοοῦσι

159 955 236 1012 τὴν
263 955 406 998 αἰτίαν
443 953 638 1011 ἔκπληξιν
671 956 844 1008 ἐμποιεῖ
865 953 917 997 τά
960 958 1134 999 τοιαῦτα
1175 954 1355 1011 πολλήν,
1385 950 1538 998 οὔκουν
1567 958 1613 998 δὲ

159 1021 233 1065 καὶ
259 1029 343 1073 τοῖς
369 1023 493 1077 λόγου
525 1023 765 1077 μετέχουσι.
821 1021 956 1080 τούτῳ
977 1024 1118 1076 μέντοι
1150 1025 1207 1080 τῷ
1236 1020 1375 1080 τρόπῳ
1404 1024 1478 1064 καί
1507 1023 1615 1065 δικέ-

160 1093 296 1146 φαλον
325 1083 426 1146 ὅφιν
470 1087 553 1131 ἴδοι
579 1104 643 1138 τις
670 1085 744 1143 ἄν,
772 1090 846 1131 καί
874 1086 954 1132 ὅσα
982 1090 1157 1132 τοιαῦτα
1188 1089 1326 1145 πλήρη
1355 1088 1614 1143 τυγχάνοντα

102 1158 148 1198 15
161 1155 392 1210 θαύματος.
451 1155 558 1198 α’λλὰ
588 1154 648 1211 μὴ
679 1153 732 1197 σύ
761 1171 807 1210 γε
837 1157 1118 1212 ὃιαταράττου
1149 1154 1308 1198 τούτων
1340 1157 1477 1208 ἕνεκα,
1504 1157 1613 1211 μηδὲ

161 1225 392 1266 κακοποιῶν
421 1218 610 1278 ἀστέρων
641 1223 925 1277 α’κτινοβολιάς
951 1222 1022 1265 ἐπὶ
1044 1222 1206 1273 τούτοις
1234 1224 1476 1277 παρ-είσαγε.
1504 1218 1612 1278 ἄφες

158 1288 232 1331 ἐπὶ
272 1290 467 1343 ματαίοις
515 1290 762 1342 ματαιάζειν
801 1289 969 1338 αύτούς.
1035 1291 1106 1332 ε’πί
1133 1292 1237 1332 πᾶσι
1279 1288 1361 1344 γάρ
1393 1287 1610 1343 τούτοιςῆ

161 1358 277 1399 αἰτία
306 1353 462 1412 σαφής.
535 1356 575 1396 εἰ
609 1356 687 1407 μὲν
732 1355 807 1396 οὐκ
847 1355 1052 1398 ε’τίκτοντο
1093 1359 1232 1413 βρέφη
1281 1355 1439 1409 δίδυμά
1467 1371 1510 1397 τε
1540 1355 1648 1398 nain

161 1422 367 1479 τρίδυμα,
397 1419 507 1476 εἶχες
537 1417 590 1463 ἄν
617 1438 655 1464 τι
682 1424 754 1465 καί
779 1423 933 1476 λέγειν·
998 1422 1091 1464 ἐπεὶ
1119 1425 1164 1464 δὲ
1193 1425 1287 1464 καθ’
1319 1419 1497 1476 ἑκάστην
1524 1437 1611 1463 τοι-

98 1503 148 1529 20
161 1490 271 1531 αὕτα
309 1488 410 1544 ὁρᾷς
430 1521 440 1541 ,
482 1486 628 1530 καινὸν
675 1487 837 1538 πάντως
881 1488 1004 1531 οὐδὲν
1043 1488 1127 1543 εἴγε
1172 1491 1530 1543 συγκεκολλημένα
1559 1487 1610 1530 τά

160 1557 319 1610 δίδυμα
347 1556 419 1597 καί
447 1554 495 1597 ού
525 1556 754 1612 διῃρημένα
782 1552 980 1603 πολλάκις
1011 1556 1086 1609 τῆς
1113 1554 1274 1611 μήτρας
1301 1556 1557 1598 ἐκπίπτουσι.

254 1698 287 1730 9.
312 1686 446 1721 τούτου
476 1686 510 1717 Ρ.

162 1809 343 1857 spectibus
367 1808 545 1842 eiusmodi
576 1809 809 1850 conformari,
842 1808 1143 1854 queamdmodum
1171 1809 1386 1841 existimavit
1411 1809 1497 1841 olim
1523 1809 1612 1841 Her·-

162 1870 235 1893 mes
270 1858 357 1898 ille,
391 1857 454 1901 qui
494 1867 623 1900 magno
658 1861 712 1889 est
747 1855 843 1900 apud
876 1856 1031 1889 Graecos
1069 1856 1107 1888 in
1143 1854 1292 1888 honore.
1314 1855 1446 1900 ‘potius
1483 1867 1611 1900 magno

161 1904 357 1940 Athanasio
395 1910 431 1937 et
459 1903 611 1936 Iohanni
637 1903 892 1946 Chrysostomo
920 1903 1142 1947 caeterisque
1178 1901 1342 1947 patribus
1368 1901 1475 1934 fidem
1499 1902 1612 1943 habe,

162 1953 224 1999 qui
251 1952 296 1985 de
320 1951 468 1984 homine
502 1963 521 1984 a
547 1950 739 1984 nativitate
774 1961 880 1983 caeco
907 1956 944 1983 et
967 1951 1082 1983 altero
1113 1961 1133 1982 a
1160 1950 1351 1983 nativitate
1380 1948 1508 1984 claudo
1538 1949 1613 1983 dis-

161 2005 346 2040 serentes,
386 2009 529 2032 causam
565 1997 692 2030 harum
725 2008 842 2030 rerum
886 1997 931 2030 ad
959 1998 1172 2031 effectricem
1191 1997 1285 2031 vitae
1309 2001 1473 2029 naturam
1499 1998 1613 2042 ipsam

162 2048 334 2088 referunt,
359 2058 432 2080 non
454 2046 649 2078 contrarios
678 2044 852 2090 quosdam
881 2043 1039 2078 siderum
1062 2045 1163 2078 situs.
1191 2050 1227 2077 et
1250 2039 1327 2076 esse
1352 2049 1515 2077 naturam
1545 2045 1613 2078 ho-

161 2107 238 2128 rum
271 2105 412 2128 causam
454 2093 683 2138 perspicuum
714 2097 768 2125 est
788 2091 953 2126 maxime.
978 2103 1059 2124 nam
1086 2092 1206 2125 omnia
1230 2102 1293 2124 sua
1319 2091 1471 2136 quadam
1500 2094 1614 2125 ratio-

160 2153 207 2176 ne
231 2142 349 2176 facere
367 2142 564 2181 consuevit,
592 2139 892 2185 quemadmodum
916 2150 1062 2184 magnus
1086 2139 1151 2171 ille
1178 2138 1327 2171 Basilius
1355 2139 1426 2181 ait3
1456 2144 1492 2172 et
1516 2138 1612 2184 apud

160 2201 226 2223 nos
263 2189 340 2223 ovis
374 2188 589 2222 incubantes
628 2187 843 2220 domesticae
873 2187 1027 2231 galiinae
1067 2185 1137 2220 hoc
1161 2186 1277 2231 ipsum
1302 2185 1396 2219 clare
1421 2191 1610 2220 testantur.

160 2236 323 2270 videmus
353 2237 447 2269 enim
482 2247 741 2280 nonnunquam
780 2246 823 2267 ex
847 2234 921 2268 ovis
944 2234 1132 2279 provenire
1157 2233 1277 2278 pullos
1304 2245 1380 2266 cum
1413 2234 1480 2267 alis
1506 2240 1612 2279 quat-

162 2290 263 2326 tuor,
288 2285 448 2329 itemque
483 2283 603 2328 pullos
638 2281 901 2327 qnuulrupedes.
936 2282 1010 2315 eius
1042 2281 1092 2314 rei
1132 2292 1271 2314 causam
1299 2287 1480 2326 quotquot
1507 2282 1610 2325 igno-

162 2338 266 2372 rant,
293 2331 531 2364 admiratione
558 2331 710 2363 maxima
735 2330 998 2375 percelluntur;
1023 2329 1190 2374 idemque
1214 2339 1288 2361 non
1317 2340 1395 2361 raro
1422 2329 1529 2362 etiam
1557 2329 1610 2360 vi-

163 2379 207 2412 ris
237 2391 256 2412 a
283 2379 421 2412 ratione
457 2389 530 2411 non
559 2377 742 2411 destitutis
773 2377 951 2410 usuvenit.
975 2376 1044 2409 hoc
1065 2375 1172 2409 modo
1200 2374 1322 2408 videre
1350 2386 1608 2420 nonnunquam

161 2432 217 2460 est
240 2431 443 2471 serpentem
469 2425 656 2470 bicipitem
681 2425 824 2469 aliaque
856 2424 942 2457 talia
974 2424 1081 2469 plena
1109 2434 1194 2457 sane
1220 2422 1489 2464 admirationis5
1515 2434 1609 2467 quo-

161 2485 238 2507 rum
263 2479 311 2508 tu>
331 2485 435 2506 causa
457 2472 659 2518 perturbari
689 2472 816 2512 nolito,
841 2482 960 2516 neque
988 2471 1177 2504 noxiorum
1203 2469 1359 2503 siderum
1383 2469 1501 2503 radios
1527 2469 1607 2502 heic

161 2522 352 2566 excogites.
376 2521 453 2554 sine
481 2520 581 2553 vanis
607 2520 662 2552 illi
690 2519 921 2565 opinionibus
950 2517 1142 2565 desipiant,
1182 2529 1265 2550 nam
1293 2516 1420 2549 horum
1448 2517 1608 2549 omnium

161 2569 346 2613 perspicua
362 2579 466 2601 causa
490 2573 552 2601 est.
581 2567 711 2613 quodsi
727 2577 844 2612 neque
860 2566 1003 2610 gemelli
1026 2577 1146 2612 neque
1171 2565 1259 2599 trini
1293 2563 1387 2597 fetus
1428 2575 1499 2596 uno
1526 2576 1607 2610 pax·-

161 2621 199 2648 ω
225 2616 332 2648 simul
369 2614 584 2656 ederentur,
619 2614 690 2647 diei
731 2613 870 2659 aliquid
903 2613 966 2647 abs
1000 2619 1039 2647 te.
1060 2618 1191 2659 posset.
1237 2617 1274 2645 at
1297 2622 1374 2644 cum
1402 2610 1509 2646 modo
1534 2623 1609 2643 non

162 2663 310 2696 cottidie
335 2662 459 2696 videas
484 2661 521 2695 id
549 2662 648 2701 fieri,
673 2661 767 2694 nihil
793 2661 940 2694 omnino
979 2672 1111 2694 novum
1130 2666 1204 2700 est,
1236 2659 1264 2692 si
1291 2659 1433 2703 gemelli
1460 2659 1607 2702 conglu-

165 2709 268 2743 vinni
293 2722 332 2743 ac
351 2721 424 2743 non
450 2710 605 2743 seiuncti
635 2719 892 2754 nonnunquam
925 2720 967 2742 ex
997 2709 1074 2742 alvo
1103 2713 1260 2742 matema
1285 2705 1475 2752 prodeunt.
