1826 3120
635 138 916 179 ANNALlnM
957 136 1094 178 PARS
1133 139 1186 178 u,
1521 121 1621 172 261

179 258 317 288 ennam*v
351 239 529 284 ἐνώπιον
568 241 644 282 τοῦ
673 241 792 281 θεοῦ.
861 238 1032 281 κάλεσαι
1057 241 1099 290 ἐξ
1121 236 1294 293 Ἰόππης
1323 238 1396 282 τὸν
1425 239 1630 293 11ἑτρον.”

169 312 224 353 -εἰ
245 311 296 352 ’δὲ
340 309 474 351 ταῦτα
517 302 648 356 οὕτως
684 304 769 360 ἔχει
788 339 799 357 ,
839 309 900 359 εἰ,
938 303 1081 354 καθώς
1111 301 1422 362 ἀποδέδεικται,
1451 309 1533 348 τῶν
1558 308 1632 348 ‘dv-

140 420 144 425 ,
179 375 365 432 θρώπων
402 376 572 421 ἕκαστος
614 367 782 427 ἄγγελον
829 373 1018 427 κέκτηται
1049 370 1131 420 τὰς’
1153 371 1340 427 αἰτήσεις
1369 372 1487 428 ἡμῶν
1517 369 1633 414 εἰσά-

181 457 307 497 γοντα
340 441 398 491 εἰς
435 439 486 482 τὰ
522 434 608 481 ὦτα
647 441 794 494 κυρίου
825 436 1026 492 σαβαώθ,
1063 436 1216 492 ἀνάγκη
1245 441 1359 480 πᾶσα
1387 437 1485 488 τούς
1514 438 1634 493 ἀγγέ-

145 513 281 557 5λους
309 508 474 562 πρῶτον
495 501 775 559 ἀνέρχεσθαι,
806 504 878 546 καί
914 505 970 545 δι’
1001 504 1141 546 αὐταῖν
1168 503 1245 554 τοὶς
1275 502 1458 559 αἰτήσεις
1484 503 1603 559 ἡμῶν
1620 537 1632 559 ,

167 571 268 618 εἶθ’
293 569 428 622 οὕτως
451 571 526 621 τὰς
555 574 675 620 θείας
703 566 865 612 ἄνωθεν
894 568 1056 624 δωρεὰς
1074 573 1354 625 κατέρχεσθαι
1374 570 1477 626 πρὸς
1505 571 1670 626 ἦμᾶς.Β

182 640 255 685 ἐπὶ
279 640 362 697 γὰρ
402 636 533 695 τούτῳ
565 639 639 679 καί
680 637 877 691 ἀγγέλους
906 633 1016 678 εἶδεν
1046 636 1355 692 ἀνερχομένους
1386 641 1458 679 καί
1486 654 1633 694 κατερ-

178 709 387 762 χομένους
428 702 449 745 ὃ
477 702 683 758 μακάριος
706 701 879 756 Ἰακώβ·
938 701 1010 744 διὰ
1041 700 1123 757 γὰρ
1148 700 1322 757 τούτων,
1361 704 1416 753 (ὃς
1448 702 1634 759 εἴρηται,

182 772 476 829 λειτουργικῶν
513 765 642 811 ὄντων
685 771 956 823 πνευμάτων,
1003 769 1077 810 καί
1119 770 1434 823 οἷκονομοῦνται
1457 769 1508 813 τὰ
1535 772 1635 826 τῆδε

126 860 173 887 ιο
185 840 319 883 πάντα
351 839 425 880 καί
452 837 723 890 διεξάγονται.
781 834 854 877 καί
879 838 978 891 περὶ
1003 838 1081 889 μὲν
1108 834 1268 877 τούτων
1296 832 1442 886 οὕτως.

290 902 588 958 Ἀνερχόμενον
632 904 678 944 δὲ
716 900 788 952 τὸν
813 902 964 956 Ἰακὼβ
1006 902 1086 944 αἠὸ
1128 902 1204 944 τοῦ
1232 901 1412 957 Λάβαν,
1454 905 1527 945 καί
1563 903 1636 946 τὸν

182 962 318 1016 Ἠσαῦ
368 970 554 1022 δεδιότα,
604 967 927 1024 παραθαρρύνει
971 968 1045 1020 καί
1076 962 1205 1018 αὖθις
1255 966 1278 1010 ὅ
1318 969 1419 1019 θεὸς
1446 971 1639 1012 παλαίων

181 1041 272 1093 μετ’
303 1034 439 1080 αὖτοῧ
465 1038 543 1086 ἕως
571 1038 689 1091 πρωῒ
712 1036 786 1077 καί
812 1038 972 1077 πείθων
1001 1037 1197 1078 ἐντεῦθεν
1224 1034 1285 1091 μὴ
1317 1039 1571 1092 φοβεῖσθαι·
1601 1038 1643 1078 εἰ

182 1105 265 1162 γάρ
289 1103 397 1158 μετὰ
427 1105 533 1145 θεοῦ
554 1101 754 1156 δυνατός,
782 1105 920 1161 πολλῷ
939 1106 1097 1156 μᾶλλον
1123 1101 1232 1156 μετὰ
1264 1101 1513 1158 ἀνθρώπων.
1543 1105 1640 1146 τοῦ-

124 1172 172 1215 15
185 1189 229 1216 το
257 1173 304 1214 δὲ
332 1170 406 1213 καί
433 1168 454 1212 ὃ
488 1167 646 1223 Ἰακώβ
675 1168 886 1224 ἐδήλωσεν
915 1167 1043 1211 εἰπών
1071 1165 1214 1223 ,,εἷ’δον
1242 1167 1315 1210 τὸν
1344 1169 1445 1211 θεὸν
1473 1171 1641 1225 πρόσω-

183 1256 261 1281 πον
299 1239 401 1293 πρὸς
441 1234 683 1291 πρόσωπον,
722 1236 796 1277 καί
833 1234 972 1291 ἐσώθη
1000 1251 1083 1288 μου
1119 1233 1144 1290 ἦ
1174 1234 1343 1290 ψυχὴ,”
1371 1235 1639 1293 τουτέστινῆ

181 1309 411 1360 ’τεθνηκυΐα
440 1300 583 1357 ὥσπερ
612 1301 692 1344 ὑπὸ
729 1304 850 1351 δέους
887 1301 1076 1358 θάρσους
1105 1301 1355 1357 ἐνεπλήσθη.
1411 1304 1678 1358 τηνικαῦτας

184 1371 257 1414 καί
278 1368 459 1426 Ἰσραήλ
504 1366 836 1422 μετονομάζεται
873 1368 933 1425 ὥς
960 1370 1005 1409 ἐν
1034 1372 1244 1425 φαντασίᾳ
1271 1369 1380 1409 θεοῦ
1406 1368 1639 1422 γενόμενος.

184 1437 206 1478 ὃ
234 1439 375 1490 μέντοι
402 1435 565 1489 Ἰακώβ
596 1434 862 1483 διυπνισθείς
890 1435 1090 1489 χωλεύων
1116 1430 1195 1489 ἦν,
1230 1434 1287 1484 ὥς
1318 1434 1342 1488 ἡ
1373 1433 1539 1490 ἱστορία
1568 1437 1642 1490 δη-

122 1508 261 1546 τιολοΐ.
293 1504 361 1545 ἵνα
381 1503 428 1544 δὲ
451 1500 510 1556 μή
541 1501 646 1550 μετὰ
679 1500 754 1555 τήν
784 1500 979 1556 τελευτὴν
1008 1503 1084 1543 τοῦ
1111 1503 1276 1543 δικαίου
1302 1504 1466 1558 σβεσθῇ
1492 1499 1516 1556 ἦ
1541 1501 1643 1556 πρὸς

187 1566 319 1612 αὐτόν
346 1570 420 1611 τοῦ
446 1569 554 1610 θεοῦ
585 1567 832 1622 κηδεμονία,
880 1569 1100 1623 σοφίζεται
1127 1566 1201 1624 τήν
1229 1568 1329 1623 περὶ
1355 1566 1506 1610 τούτου
1533 1567 1642 1622 μνή-

188 1751 331 1784 Petrum
358 1749 558 1783 arcessito.”
584 1760 676 1794 quae
702 1761 780 1782 cum
806 1750 853 1783 ita
883 1751 973 1791 sint,
993 1756 1030 1784 et
1056 1761 1134 1783 cum
1163 1749 1319 1795 quilibet
1335 1749 1455 1789 homo,
1482 1761 1545 1782 ceu
1576 1749 1641 1782 de-

186 1798 484 1838 monstravimus,
511 1797 676 1841 angelum
705 1796 841 1830 habeat
863 1810 987 1842 preces
1018 1810 1096 1830 suas
1123 1797 1168 1829 ad
1194 1808 1296 1829 aures
1323 1796 1379 1829 dei
1392 1796 1552 1829 Sabaoth
1577 1797 1642 1829 de-

186 1846 362 1879 ferentem
378 1871 387 1886 ,
412 1845 559 1878 omnino
584 1855 731 1877 necesse
759 1850 813 1877 est
831 1845 976 1889 angelos
1001 1845 1156 1889 primum
1181 1843 1412 1884 adscendere,
1441 1849 1550 1889 atque
1573 1856 1644 1877 una

187 1904 268 1926 cum
295 1893 382 1937 ipsis
409 1903 533 1938 preces
569 1902 713 1936 quoque
745 1897 904 1932 nostras,
932 1891 1065 1924 deinde
1097 1902 1182 1924 vero
1207 1890 1328 1924 divina
1352 1902 1501 1924 munera
1530 1891 1643 1924 coeli-

185 1946 245 1974 tus
286 1940 331 1973 ad
356 1951 421 1973 nos
458 1939 659 1985 pervenire.
695 1951 778 1971 nam
804 1939 932 1971 iccirco
967 1939 1094 1972 beatus
1125 1938 1189 1970 ille
1217 1937 1368 1971 Iacobus
1407 1939 1551 1982 angelos
1577 1939 1644 1972 ad-

186 1987 400 2021 scendentes
433 1993 470 2020 et
490 1987 647 2020 vicissim
675 1985 935 2019 descendentes
958 1985 1069 2026 vidit,
1096 1996 1160 2030 per
1183 1996 1273 2030 quos
1299 1990 1469 2030 tanquam
1497 1986 1643 2030 spiritus

187 2035 426 2076 administros,
451 2045 516 2067 ceu
542 2034 710 2075 diximus,
734 2044 790 2067 res
814 2039 978 2067 terrenae
1008 2033 1261 2078 gubernantur.
1286 2032 1355 2065 hoc
1378 2032 1486 2066 modo
1515 2034 1561 2066 de
1585 2033 1642 2067 his

186 2093 399 2129 responsum
430 2088 518 2115 esto.
1596 2124 1598 2126 Ι

282 2130 471 2163 Caeterum
508 2135 746 2163 revertentem
780 2141 799 2162 a
839 2126 981 2162 Labane
1017 2126 1209 2168 Iacobum,
1244 2127 1307 2173 qui
1333 2126 1462 2160 Esaum
1492 2128 1640 2161 fratrem

186 2188 404 2223 magnopere
443 2176 678 2218 formidabat,
705 2189 843 2210 rursum
882 2174 970 2207 deus
1000 2175 1220 2215 consolatur,
1257 2175 1354 2208 lucta
1382 2186 1462 2208 cum
1487 2175 1566 2220 ipso
1593 2175 1640 2208 ad

185 2225 400 2258 matutinum
423 2235 538 2270 usque
568 2224 766 2257 diluculum
794 2233 1027 2268 congressus;
1053 2233 1123 2268 quo
1152 2222 1298 2268 quidem
1323 2223 1418 2256 facto
1441 2222 1639 2268 persuade-

185 2284 225 2307 re
251 2271 380 2306 Iacobo
404 2272 522 2305 voluit
552 2283 598 2304 ne
623 2272 713 2317 quid
747 2272 817 2305 sibi
845 2275 1031 2304 metueret.
1068 2281 1150 2302 nam
1176 2270 1205 2302 si
1231 2269 1401 2303 adversus
1429 2269 1535 2302 deum
1561 2281 1638 2303 sese

185 2318 373 2353 robustum
391 2325 572 2363 praestare
593 2325 747 2364 poterat,
773 2319 885 2351 multo
905 2318 1012 2361 magis
1032 2317 1142 2352 robur
1159 2317 1327 2350 adversus
1345 2317 1510 2350 homines
1525 2316 1638 2350 babe—

186 2366 259 2400 bat.
285 2367 483 2412 significare
501 2367 618 2399 voluit
634 2366 701 2399 hoc
720 2367 795 2412 ipse
814 2364 977 2405 Iacobus,
1006 2376 1082 2396 cum
1105 2365 1156 2397 ait
1170 2364 1275 2409 (Gen.
1294 2366 1336 2397 32
1363 2365 1637 2411 3o)x‚,praesens

214 2420 411 2447 raesentem
430 2414 536 2446 deum
553 2415 734 2459 conspexi,
761 2419 796 2446 et
814 2412 1095 2445 incolumitatem
1113 2412 1230 2444 anima
1243 2423 1322 2444 mea
1340 2418 1530 2444 consecuta
1549 2413 1637 2451 est,’'

186 2425 256 2494 lion
283 2467 347 2502 est,
373 2473 466 2507 quae
485 2467 622 2494 tantum
650 2473 723 2494 non
747 2472 832 2505 prae
859 2457 1050 2492 formidine
1076 2465 1218 2492 mortua
1246 2465 1334 2498 erat,
1360 2458 1490 2491 fiducia
1519 2459 1639 2503 reple-

187 2512 224 2540 ta
249 2514 311 2541 est.
338 2515 422 2542 tunc
448 2515 484 2542 et
506 2509 652 2541 nomine
679 2514 815 2541 mutato
847 2506 971 2540 Israeli
1005 2507 1286 2552 appellationem
1319 2507 1480 2550 accepit,
1507 2511 1547 2538 ut
1572 2507 1636 2551 qui

189 2554 248 2588 dei
277 2555 456 2600 quandam
498 2556 786 2588 informationem
814 2559 1025 2587 consecutus
1057 2560 1160 2588 esset.
1183 2553 1222 2586 id
1247 2553 1395 2599 quidem
1421 2563 1466 2585 ex
1485 2552 1636 2586 historia

189 2607 341 2642 constat,
366 2603 535 2635 Iacobum
557 2614 636 2635 cum
663 2603 881 2647 evigilasset,
910 2601 1023 2634 altero
1043 2612 1144 2635 crure
1170 2601 1398 2634 claudicasse.
1425 2611 1466 2633 ac
1482 2611 1528 2632 ne
1553 2606 1636 2645 post

189 2649 275 2682 iusti
299 2648 405 2683 huius
445 2650 509 2684 viri
535 2656 685 2684 mortem
725 2649 896 2682 memoria
925 2659 1027 2681 curae
1052 2648 1373 2694 providentiaeque
1400 2646 1458 2680 dei
1485 2646 1530 2680 de
1555 2648 1634 2692 ipso

191 2694 481 2740 extingueretur,
512 2698 642 2729 iccirco
673 2698 845 2729 rationem
875 2695 1012 2729 invenit
1045 2695 1131 2729 deus
1157 2707 1226 2741 qua
1255 2696 1385 2728 sactum
1410 2694 1478 2727 hoc
1505 2706 1635 2739 porpe-

190 2749 363 2778 tuatetur.
387 2744 506 2791 inquit
531 2745 630 2779 enim
652 2743 1008 2789 „nepotes‘lsraelici
1033 2754 1140 2779 nervo
1166 2743 1328 2786 semoris,
1353 2743 1416 2788 qui
1440 2743 1633 2778 emarcuit,
