1826 3120
595 137 880 181 ANNALuJM
920 137 1057 179 PARS
1096 138 1167 177 tv.
1472 115 1583 169 601·

246 237 389 295 Τούτῳ
417 232 496 291 μὲν
526 233 604 281 οὖν
629 241 688 296 τῷ
712 237 848 297 τρόπῳ
886 238 963 294 τὴν
988 241 1209 293 βασιλείαν
1237 236 1583 290 οἷναζωσάμενος,

129 305 203 351 καί
228 308 281 364 τῇ
313 301 469 348 ἑαυτοῦ
506 304 680 364 ἀνδρείᾳ
721 303 774 348 τά
823 305 964 348 πάντα
1004 303 1299 360 λογισάμενος,
1337 302 1490 350 αὐτίκα
1525 305 1584 361 τῷ
1616 332 1619 335 -

125 373 333 430 βασιλικῷ
359 370 588 423 νομίσματι
616 371 896 428 σπαθηφόρος
933 371 1264 427 διαχαράττεται
1282 403 1294 425 ‚
1323 367 1382 424 μὴ
1411 371 1471 428 τῷ
1497 371 1587 427 θεῷ

124 437 174 481 τὸ
202 440 287 480 πᾶν
313 435 567 492 ἐπιγράψας.
588 435 660 479 τὸν
689 437 958 493 πατριάρχην
985 436 1038 480 τά
1058 441 1237 492 μέγιστα
1264 439 1366 493 τιμᾷ
1385 436 1458 479 καί
1484 435 1586 486 τούς

86 499 444 560 5συναραμένους
483 503 613 562 αὐτῷ.
684 503 792 547 ἀλλὰ
835 506 1064 561 φειδωλίας
1093 503 1350 559 κατάρχεται
1365 535 1385 555 ,,
1420 501 1473 544 τὰ
1500 506 1714 551 schonaw

126 571 464 628 φροντιστηριῖον
492 569 663 626 περιττοὶ
693 569 942 626 α’ποκόπτει,
971 570 1083 624 μόνα
1111 569 1166 613 τιὶ
1194 572 1458 626 ἐπαρκοῦντα
1487 567 1585 611 τού-

123 652 213 688 τοις
244 637 398 693 α’φείς,
435 636 726 693 α’κτημοσύνην
768 639 899 693 δῆθεν
927 634 1085 688 αὖτοὺς
1119 635 1396 690 ἐκδιδάσκων,
1428 637 1501 679 καί
1523 634 1584 691 μὴ

121 705 217 757 βίον
245 703 549 757 εὖλακεσμὲνον
580 704 669 758 ζῆν.
728 703 749 746 ὅ
780 705 827 746 δὲ
868 705 1134 762 πατριάρχης
1161 706 1230 748 ἐπὶ
1258 705 1315 761 τῷ
1339 707 1512 758 βασιλεῖ’
1531 701 1581 745 τά
1597 713 1637 747 V.
1653 713 1720 748 250

121 774 298 813 πλεῖστα
342 771 520 826 θαρρῶν
561 771 639 811 ουἰι
678 766 789 824 εἶχεν
836 773 1025 825 ἑπικλινῆ
1066 776 1158 821 ταῖς
1198 772 1329 813 αὐτοῦ
1370 765 1584 813 ἔστινὸτε

61 834 313 892 ιοαίτήσεσι
345 841 567 893 φορτικαῖς
596 833 672 878 ἅτε
702 835 901 887 πολλάκις
929 832 1102 888 οὔσαις·
1169 839 1326 880 ου’κοῦν
1356 838 1585 890 ἐπιτιμίοις

121 904 422 956 ἀποτροπαίοις
455 901 688 957 ὑποβάλλει
730 903 887 958 adv-0¹21,
930 902 1004 946 ναί
1041 902 1126 958 μὴν
1169 903 1243 946 καί
1289 905 1506 955 οἷπειλαῖς,
1533 902 1580 945 τὸ

121 969 490 1025 δημοκοπούμενον
550 969 674 1011 τοῦτο
731 971 861 1024 λέγων
913 968 1022 1025 ,,ἒγω’
1066 986 1114 1013 σε
1161 969 1331 1022 ἔκτισα,
1390 971 1547 1024 φοῦρνε
1572 986 1583 997 ·

119 1032 203 1091 ἐγώ
219 1050 268 1079 σε
296 1036 370 1078 καί
395 1033 660 1078 maxumam?
715 1037 966 1090 βουλεύεται
993 1037 1040 1078 δὲ
1072 1038 1314 1093 κοκκοβαφῆ
1343 1039 1583 1091 περιβαλεῖν

120 1102 298 1156 πέδιλα,
338 1103 414 1157 τῆς
451 1104 639 1151 παλαιᾶς
680 1100 912 1157 ἱερωσύνης
958 1103 1136 1159 φάσκων
1168 1099 1281 1145 εἶναι
1318 1101 1364 1145 τὸ
1391 1106 1618 1145 τοιοῦτονΒ

60 1166 347 1222 Ι5ἔθοςςκαί
377 1170 465 1210 δεῖν
489 1167 651 1219 τούτοις
683 1166 761 1210 κάν
787 1170 840 1226 τῇ
868 1171 940 1226 νέα
969 1171 1207 1224 κεχρῆσθαι
1237 1168 1308 1211 τὸν
1338 1168 1544 1224 ἀρχιερέα
1566 1185 1579 1212 ·.

121 1233 356 1291 ἱερωσύνης
382 1234 463 1290 γὰρ
495 1234 568 1277 καί
583 1237 804 1288 βασιλείας
831 1233 878 1276 τὸ
910 1236 1116 1290 διαφέρον
1142 1236 1276 1278 οὐδέν.
1333 1237 1468 1278 ταῦτα
1495 1251 1581 1287 μα-

120 1300 214 1345 θῶν
245 1301 268 1343 ὅ
299 1300 527 1356 βασιλεύς,
567 1301 641 1344 καί
679 1303 781 1344 δέον
800 1303 945 1356 κρίνοις
973 1304 1132 1356 δρᾶσαι
1159 1304 1320 1356 μᾶλλον
1349 1299 1379 1356 ἦ
1405 1305 1582 1355 παθεῖν,

120 1369 300 1424 ἐξορίζει
338 1366 408 1410 τὸν
445 1368 730 1425 πατριάρχην.
797 1367 904 1410 α’λλοὶ
954 1369 1027 1410 καί
1054 1368 1127 1424 τὴν
1171 1368 1306 1411 αὐτοῦ
1332 1371 1582 1424 καθαίρεσιν

120 1437 376 1488 μελετῶντος
420 1437 580 1477 ἐκείνου
621 1435 643 1476 ὁ
686 1434 948 1490 πατριάρχης
993 1436 1180 1493 τελευτᾷ.
1211 1434 1372 1493 ’ταύτῃ
1402 1450 1468 1477 τοι
1507 1436 1581 1477 καί

57 1499 322 1558 αομετανοίᾳ
357 1498 624 1558 χρησάμενος
669 1500 691 1542 ὅ
729 1499 931 1556 βασιλεὺς
966 1503 1142 1555 ἐντίμως
1183 1499 1385 1556 ἐπανάγει
1421 1499 1577 1553 αὕτόν,

218 1617 250 1649 8.
275 1615 570 1662 ἐβλακευμένονῖ

219 1707 383 1753 Cumque
420 1713 634 1741 consecutus
674 1708 864 1753 imperium
900 1719 941 1741 eo
980 1709 1108 1741 suisset
1149 1707 1259 1740 modo
1301 1718 1373 1752 quo
1407 1706 1582 1747 diximus,

126 1756 246 1789 omnia
271 1755 488 1789 fortitudini·
516 1767 600 1788 suae
639 1761 786 1800 accepta
824 1755 969 1796 retulit,
1007 1755 1255 1799 continuoque
1287 1765 1324 1787 se
1349 1753 1581 1799 imperatorio

124 1803 333 1837 numismati
360 1804 411 1836 sic
444 1803 600 1848 insculpi
647 1803 782 1836 curavit
819 1807 861 1835 ut
884 1813 1006 1836 ensem
1031 1813 1138 1835 manu
1157 1806 1325 1843 teneret,
1352 1812 1583 1846 nequaquam

125 1851 239 1884 totius
265 1850 317 1884 rei
342 1850 456 1894 gloria
486 1850 554 1884 deo
580 1850 772 1895 adscripta.
796 1849 1034 1895 patriarcham
1059 1860 1131 1882 una
1158 1860 1238 1881 cum
1262 1849 1306 1881 iis
1332 1859 1423 1894 quos
1441 1849 1583 1892 conspi-

125 1898 276 1931 rationis
299 1899 415 1932 socios
443 1897 640 1939 habuerat,
666 1897 861 1943 plurimum
897 1895 1110 1930 honorabat.
1145 1895 1209 1929 sed
1238 1894 1425 1941 paullatim
1444 1897 1583 1940 parcior

125 1957 203 1979 esse
229 1946 366 1991 coepit,
405 1951 442 1979 et
467 1945 666 1989 superfluos
704 1944 848 1977 aedium
875 1945 1050 1989 religiosis
1075 1942 1393 1977 exercitationibus
1421 1942 1583 1975 destina-

124 1998 242 2026 tarum
282 1992 420 2026 reditus
458 1992 655 2038 praecidit,
700 1992 834 2025 relictis
872 1997 1011 2024 tantum
1053 1992 1097 2024 iis
1123 2001 1216 2036 quae
1241 1990 1366 2024 usibus
1392 1990 1581 2034 hominum

124 2041 272 2073 illorum
318 2040 542 2082 sussicerent3
578 2050 649 2085 quo
678 2039 773 2072 facto
812 2039 965 2072 docebat
1001 2048 1060 2071 eos
1085 2038 1193 2072 vitam
1234 2038 1380 2083 inopem
1405 2037 1581 2081 agendam

126 2099 228 2128 esse,
251 2099 325 2121 non
354 2088 494 2121 deliciis
517 2087 748 2119 adfluentem.
774 2091 932 2120 ceterum
948 2085 1149 2131 patriarcha
1167 2085 1333 2119 nimirum
1360 2096 1441 2130 erga
1465 2085 1583 2130 impe-

126 2141 280 2168 ratorem
307 2135 491 2168 confidens
525 2140 562 2168 et
599 2134 733 2175 audax,
772 2144 1032 2179 nonnunquam
1058 2132 1162 2165 illum
1188 2133 1235 2166 ad
1258 2132 1443 2178 postulata
1467 2143 1582 2177 ‹luae-

126 2183 209 2215 dam
235 2183 422 2228 aliquanto
451 2182 597 2215 duriora
637 2182 870 2226 gravioraque
907 2192 1034 2226 parum
1059 2180 1256 2226 propitium
1283 2185 1320 2213 et
1344 2180 1485 2213 facilem
1515 2179 1581 2212 ha-

126 2230 250 2264 bebat.
278 2235 499 2276 quapropter
525 2241 603 2262 eum
631 2229 758 2274 poenis
779 2228 866 2261 diris
891 2228 1064 2269 subiecit,
1090 2227 1223 2261 additis
1243 2227 1352 2261 etiam
1381 2226 1580 2260 commina-

125 2278 309 2318 tionibus,
350 2277 440 2310 haec
463 2277 570 2322 vulgo
595 2278 727 2310 iactata
753 2274 861 2308 verba
896 2276 1099 2321 proferens:
1128 2286 1217 2320 „ego
1242 2280 1302 2316 te,
1329 2275 1468 2316 Fumo,
1493 2285 1581 2306 con-

128 2324 226 2366 didi,
253 2336 319 2369 ego
337 2330 373 2358 te
398 2325 614 2358 destruam.’'
652 2323 749 2369 cepit
785 2323 893 2356 etiam
921 2323 1112 2356 consilium
1136 2322 1312 2356 induendi
1341 2323 1473 2354 tinctos
1500 2332 1582 2353 coe-

128 2373 233 2406 cineo
258 2373 379 2405 colore
405 2372 564 2413 calceos,
597 2383 677 2405 cum
705 2371 843 2403 diceret
868 2371 917 2407 ita
942 2370 1131 2415 pontifices
1147 2371 1283 2415 priscos
1301 2369 1465 2402 factitare
1493 2369 1582 2401 soli-

126 2425 207 2461 tos,
232 2420 398 2465 adeoque
434 2421 661 2452 confirmaret
685 2417 791 2451 'idem
819 2418 904 2451 iuris
930 2419 968 2450 in
993 2417 1208 2462 usurpandis
1233 2417 1306 2449 illis
1336 2416 1405 2449 sibi
1432 2415 1582 2460 pontifi-

127 2478 206 2500 cem
234 2468 317 2501 novi
343 2478 488 2512 quoque
514 2466 708 2500 sacerdotii
732 2477 807 2499 non
839 2465 901 2498 abs
926 2476 963 2498 re
986 2465 1039 2498 vir
1069 2464 1189 2498 dicare
1213 2474 1338 2509 posse:
1368 2463 1459 2495 nihil
1483 2463 1582 2495 enim

128 2525 208 2548 esse
231 2514 445 2549 discriminis
470 2515 566 2547 inter
592 2525 739 2557 regnum
765 2518 802 2546 et
823 2512 1062 2546 sacerdotium
1085 2513 1242 2546 volebat.
1258 2511 1345 2543 haec
1360 2510 1423 2542 ubi
1448 2520 1582 2553 cogno-

128 2562 240 2596 visset
268 2562 482 2607 imperator,
509 2562 630 2605 potius
656 2560 795 2605 aliquid
820 2560 856 2592 in
882 2560 984 2592 illum
1011 2560 1186 2604 agendum
1225 2570 1331 2603 quam
1367 2563 1580 2602 exspectau-

130 2609 214 2643 dum
255 2609 299 2642 ab
333 2621 376 2642 eo
414 2615 597 2649 statuens,
631 2608 811 2641 hominem
853 2607 978 2640 exsilio
1008 2608 1162 2649 multat3
1201 2605 1358 2650 dumque
1395 2605 1581 2638 moliretur

129 2656 288 2701 amplius
310 2662 348 2690 ut
391 2657 481 2689 solio
510 2667 654 2701 prorsus
691 2655 962 2695 deturbaretur,
991 2654 1086 2688 diem
1112 2665 1213 2687 suum
1249 2651 1451 2698 patriarcha
1475 2651 1579 2684 obiit.

129 2708 350 2749 quapropter
388 2704 581 2748 imperator
613 2703 840 2747 poenitentia
876 2701 1004 2735 ductus
1038 2701 1236 2735 honorifice
1262 2700 1365 2732 illum
1391 2699 1429 2732 in
1453 2699 1580 2732 urbem

131 2751 313 2798 deportari
348 2751 503 2796 curavit3
544 2762 621 2784 cum
658 2749 804 2797 quidem
850 2750 1007 2783 universi
1039 2749 1272 2783 vehementer
1307 2747 1354 2781 oh
1378 2746 1578 2791 prodigium
