<?xml version="1.0" encoding="UTF-8"?>
<!DOCTYPE html PUBLIC "-//W3C//DTD XHTML 1.0 Transitional//EN"
    "http://www.w3.org/TR/xhtml1/DTD/xhtml1-transitional.dtd">
<html xmlns="http://www.w3.org/1999/xhtml" xml:lang="en" lang="en">
 <head>
  <title>
</title>
<meta http-equiv="Content-Type" content="text/html;charset=utf-8" />
  <meta name='ocr-system' content='tesseract 3.04.00' />
  <meta name='ocr-capabilities' content='ocr_page ocr_carea ocr_par ocr_line ocrx_word'/>
</head>
<body>
  <div class='ocr_page' id='page_1' title='image "./corpusscriptorum37niebuoft_0491.png"; bbox 0 0 1826 3120; ppageno 0'>
   <div class='ocr_carea' id='block_1_1' title="bbox 601 138 1592 212">
    <p class='ocr_par' dir='ltr' id='par_1_1' title="bbox 601 138 1592 212">
     <span class='ocr_line' id='line_1_1' title="bbox 601 138 1592 212; baseline -0.003 -16"><span class='ocrx_word' id='word_1_1' title='bbox 601 155 886 196; x_wconf 76' lang='lat' dir='ltr'><strong>ANNALmM</strong></span> <span class='ocrx_word' id='word_1_2' title='bbox 927 155 1068 198; x_wconf 70' lang='lat' dir='ltr'><strong>mas</strong></span> <span class='ocrx_word' id='word_1_3' title='bbox 1111 158 1181 196; x_wconf 81' lang='lat' dir='ltr'><strong>iv.</strong></span> <span class='ocrx_word' id='word_1_4' title='bbox 1475 138 1592 212; x_wconf 76' lang='grc'><strong>469</strong></span> 
     </span>
    </p>
   </div>
   <div class='ocr_carea' id='block_1_2' title="bbox 81 249 1750 1776">
    <p class='ocr_par' dir='ltr' id='par_1_2' title="bbox 81 249 1750 1776">
     <span class='ocr_line' id='line_1_2' title="bbox 140 249 1593 309; baseline 0.002 -13"><span class='ocrx_word' id='word_1_5' title='bbox 140 267 225 296; x_wconf 81' lang='grc' dir='ltr'><strong><em>σεν.</em></strong></span> <span class='ocrx_word' id='word_1_6' title='bbox 282 251 321 295; x_wconf 80' lang='grc' dir='ltr'><strong>οἷ</strong></span> <span class='ocrx_word' id='word_1_7' title='bbox 349 254 490 306; x_wconf 78' lang='grc' dir='ltr'><strong><em>μέντοι</em></strong></span> <span class='ocrx_word' id='word_1_8' title='bbox 521 249 696 308; x_wconf 80' lang='grc' dir='ltr'><strong><em>οἷνεψιοί</em></strong></span> <span class='ocrx_word' id='word_1_9' title='bbox 721 256 798 297; x_wconf 81' lang='grc' dir='ltr'><strong><em>τοῦ</em></strong></span> <span class='ocrx_word' id='word_1_10' title='bbox 824 258 1023 309; x_wconf 78' lang='grc' dir='ltr'><em>μεγάλου,</em></span> <span class='ocrx_word' id='word_1_11' title='bbox 1053 254 1214 306; x_wconf 78' lang='grc' dir='ltr'><strong><em>Γάλλος</em></strong></span> <span class='ocrx_word' id='word_1_12' title='bbox 1240 257 1314 299; x_wconf 80' lang='grc' dir='ltr'>καί</span> <span class='ocrx_word' id='word_1_13' title='bbox 1335 255 1593 306; x_wconf 86' lang='grc' dir='ltr'><strong><em>Ἰουλιανός,</em></strong></span> 
     </span>
     <span class='ocr_line' id='line_1_3' title="bbox 139 320 1596 380; baseline 0.001 -18"><span class='ocrx_word' id='word_1_14' title='bbox 139 321 404 373; x_wconf 77' lang='grc' dir='ltr'><strong><em>α’ναγνῶσται</em></strong></span> <span class='ocrx_word' id='word_1_15' title='bbox 432 320 649 374; x_wconf 73' lang='grc' dir='ltr'><strong><em>γεγόνασιν</em></strong></span> <span class='ocrx_word' id='word_1_16' title='bbox 677 323 722 363; x_wconf 77' lang='grc' dir='ltr'><strong><em>ἐν</em></strong></span> <span class='ocrx_word' id='word_1_17' title='bbox 747 322 995 379; x_wconf 64' lang='grc' dir='ltr'><strong><em>Ἀντιοχείᾳ.</em></strong></span> <span class='ocrx_word' id='word_1_18' title='bbox 1051 321 1158 364; x_wconf 75' lang='grc' dir='ltr'><strong><em>ἀλλὰ</em></strong></span> <span class='ocrx_word' id='word_1_19' title='bbox 1187 325 1261 365; x_wconf 78' lang='grc' dir='ltr'><strong><em>καί</em></strong></span> <span class='ocrx_word' id='word_1_20' title='bbox 1286 324 1506 379; x_wconf 77' lang='grc' dir='ltr'><strong><em>ἐκκλησίαν</em></strong></span> <span class='ocrx_word' id='word_1_21' title='bbox 1536 324 1596 380; x_wconf 75' lang='grc' dir='ltr'><strong><em>τῷ</em></strong></span> 
     </span>
     <span class='ocr_line' id='line_1_4' title="bbox 139 384 1596 443; baseline 0.003 -16"><span class='ocrx_word' id='word_1_22' title='bbox 139 384 328 440; x_wconf 80' lang='grc' dir='ltr'><strong><em>μάρτυρι</em></strong></span> <span class='ocrx_word' id='word_1_23' title='bbox 363 385 572 439; x_wconf 84' lang='grc' dir='ltr'><strong><em>Μάμαντι</em></strong></span> <span class='ocrx_word' id='word_1_24' title='bbox 599 385 776 438; x_wconf 79' lang='grc' dir='ltr'><strong><em>ἔκτιζον.</em></strong></span> <span class='ocrx_word' id='word_1_25' title='bbox 831 388 878 430; x_wconf 84' lang='grc' dir='ltr'><strong><em>τὸ</em></strong></span> <span class='ocrx_word' id='word_1_26' title='bbox 903 390 982 441; x_wconf 79' lang='grc' dir='ltr'><strong><em>μὲν</em></strong></span> <span class='ocrx_word' id='word_1_27' title='bbox 1009 389 1126 443; x_wconf 79' lang='grc' dir='ltr'><strong><em>παρὰ</em></strong></span> <span class='ocrx_word' id='word_1_28' title='bbox 1150 392 1227 431; x_wconf 81' lang='grc' dir='ltr'><strong><em>τοῦ</em></strong></span> <span class='ocrx_word' id='word_1_29' title='bbox 1252 390 1483 433; x_wconf 81' lang='grc' dir='ltr'><strong><em>Ἰουλιανοῢ</em></strong></span> <span class='ocrx_word' id='word_1_30' title='bbox 1509 406 1596 431; x_wconf 82' lang='grc' dir='ltr'><strong><em>κτι-</em></strong></span> 
     </span>
     <span class='ocr_line' id='line_1_5' title="bbox 143 450 1597 511; baseline 0.004 -19"><span class='ocrx_word' id='word_1_31' title='bbox 143 450 326 504; x_wconf 78' lang='grc' dir='ltr'><strong><em>ζόμενον</em></strong></span> <span class='ocrx_word' id='word_1_32' title='bbox 353 453 482 506; x_wconf 83' lang='grc' dir='ltr'><strong><em>μέρος</em></strong></span> <span class='ocrx_word' id='word_1_33' title='bbox 518 455 807 510; x_wconf 81' lang='grc' dir='ltr'><strong><em>η’ὃαφισμένον</em></strong></span> <span class='ocrx_word' id='word_1_34' title='bbox 849 457 1011 510; x_wconf 78' lang='grc' dir='ltr'><strong><em>πρωΐας</em></strong></span> <span class='ocrx_word' id='word_1_35' title='bbox 1048 455 1287 511; x_wconf 77' lang='grc' dir='ltr'><strong><em>ηὑρίσκετο.</em></strong></span> <span class='ocrx_word' id='word_1_36' title='bbox 1346 458 1418 498; x_wconf 75' lang='grc' dir='ltr'><strong><em>ἐπί</em></strong></span> <span class='ocrx_word' id='word_1_37' title='bbox 1443 454 1597 498; x_wconf 73' lang='grc' dir='ltr'><strong><em>τούτου</em></strong></span> 
     </span>
     <span class='ocr_line' id='line_1_6' title="bbox 103 511 1642 580; baseline 0.001 -20"><span class='ocrx_word' id='word_1_38' title='bbox 103 511 191 560; x_wconf 67' lang='grc' dir='ltr'><strong>ὅδὲ</strong></span> <span class='ocrx_word' id='word_1_39' title='bbox 218 520 297 560; x_wconf 68' lang='grc' dir='ltr'><strong><em>τοῦ</em></strong></span> <span class='ocrx_word' id='word_1_40' title='bbox 325 521 626 561; x_wconf 81' lang='grc' dir='ltr'><strong><em>Κωνσταντίου</em></strong></span> <span class='ocrx_word' id='word_1_41' title='bbox 667 519 910 574; x_wconf 80' lang='grc' dir='ltr'><strong><em>Φλαβιανὸς</em></strong></span> <span class='ocrx_word' id='word_1_42' title='bbox 932 521 1192 576; x_wconf 75' lang='grc' dir='ltr'><strong><em>Ἀντιοχείας</em></strong></span> <span class='ocrx_word' id='word_1_43' title='bbox 1225 524 1328 580; x_wconf 76' lang='grc' dir='ltr'><strong><em>διχῇ</em></strong></span> <span class='ocrx_word' id='word_1_44' title='bbox 1351 522 1452 573; x_wconf 85' lang='grc' dir='ltr'><strong>τούς</strong></span> <span class='ocrx_word' id='word_1_45' title='bbox 1486 521 1642 576; x_wconf 82' lang='grc' dir='ltr'><strong><em>ψάλ-Ι)</em></strong></span> 
     </span>
     <span class='ocr_line' id='line_1_7' title="bbox 141 584 1600 646; baseline 0.002 -20"><span class='ocrx_word' id='word_1_46' title='bbox 141 589 288 634; x_wconf 84' lang='grc' dir='ltr'><strong><em>λοντας</em></strong></span> <span class='ocrx_word' id='word_1_47' title='bbox 330 585 478 628; x_wconf 79' lang='grc' dir='ltr'><strong><em>διελών</em></strong></span> <span class='ocrx_word' id='word_1_48' title='bbox 516 584 571 628; x_wconf 66' lang='lat' dir='ltr'><strong>ui</strong></span> <span class='ocrx_word' id='word_1_49' title='bbox 614 588 691 628; x_wconf 81' lang='grc' dir='ltr'><strong><em>τοῦ</em></strong></span> <span class='ocrx_word' id='word_1_50' title='bbox 731 588 874 641; x_wconf 77' lang='grc' dir='ltr'><strong><em>Δαβίδ</em></strong></span> <span class='ocrx_word' id='word_1_51' title='bbox 899 586 1078 642; x_wconf 78' lang='grc' dir='ltr'><strong><em>ψάλλειν</em></strong></span> <span class='ocrx_word' id='word_1_52' title='bbox 1123 591 1169 632; x_wconf 82' lang='grc' dir='ltr'><strong>ἐκ</strong></span> <span class='ocrx_word' id='word_1_53' title='bbox 1212 591 1419 646; x_wconf 79' lang='grc' dir='ltr'><strong><em>διαδοχῆς</em></strong></span> <span class='ocrx_word' id='word_1_54' title='bbox 1452 590 1600 642; x_wconf 77' lang='grc' dir='ltr'><strong><em>ἐνομο-</em></strong></span> 
     </span>
     <span class='ocr_line' id='line_1_8' title="bbox 141 652 331 707; baseline 0.005 -14"><span class='ocrx_word' id='word_1_55' title='bbox 141 652 331 707; x_wconf 76' lang='grc' dir='ltr'><strong><em>θέτησεν.</em></strong></span> 
     </span>
     <span class='ocr_line' id='line_1_9' title="bbox 247 713 1603 776; baseline 0.001 -16"><span class='ocrx_word' id='word_1_56' title='bbox 247 717 295 760; x_wconf 90' lang='grc' dir='ltr'>Ὁ</span> <span class='ocrx_word' id='word_1_57' title='bbox 322 719 613 769; x_wconf 82' lang='grc' dir='ltr'><strong><em>Κωνστάντιος</em></strong></span> <span class='ocrx_word' id='word_1_58' title='bbox 648 713 771 770; x_wconf 78' lang='grc' dir='ltr'><strong><em>οὗτος</em></strong></span> <span class='ocrx_word' id='word_1_59' title='bbox 799 719 914 774; x_wconf 72' lang='grc' dir='ltr'><strong><em>παρά</em></strong></span> <span class='ocrx_word' id='word_1_60' title='bbox 956 723 1039 763; x_wconf 77' lang='grc' dir='ltr'><strong>τῶν</strong></span> <span class='ocrx_word' id='word_1_61' title='bbox 1078 722 1342 775; x_wconf 74' lang='grc' dir='ltr'><em>ἀσεβούντων</em></span> <span class='ocrx_word' id='word_1_62' title='bbox 1367 721 1603 776; x_wconf 80' lang='grc' dir='ltr'><strong><em>α’ναγκαζό-</em></strong></span> 
     </span>
     <span class='ocr_line' id='line_1_10' title="bbox 141 784 1602 842; baseline 0.002 -17"><span class='ocrx_word' id='word_1_63' title='bbox 141 799 266 838; x_wconf 87' lang='grc' dir='ltr'><strong><em>μενος</em></strong></span> <span class='ocrx_word' id='word_1_64' title='bbox 303 789 606 838; x_wconf 83' lang='grc' dir='ltr'><strong><em>μετακαλεῖται</em></strong></span> <span class='ocrx_word' id='word_1_65' title='bbox 639 784 740 836; x_wconf 72' lang='grc' dir='ltr'><strong>τούς</strong></span> <span class='ocrx_word' id='word_1_66' title='bbox 773 787 1028 838; x_wconf 81' lang='grc' dir='ltr'><strong><em>ἐπισκόπους</em></strong></span> <span class='ocrx_word' id='word_1_67' title='bbox 1066 785 1175 830; x_wconf 73' lang='grc' dir='ltr'><strong><em>ὥστε</em></strong></span> <span class='ocrx_word' id='word_1_68' title='bbox 1219 786 1397 831; x_wconf 72' lang='grc' dir='ltr'><strong><em>σύνοδον</em></strong></span> <span class='ocrx_word' id='word_1_69' title='bbox 1424 804 1602 842; x_wconf 83' lang='grc' dir='ltr'><strong><em>συγκρο-</em></strong></span> 
     </span>
     <span class='ocr_line' id='line_1_11' title="bbox 84 850 1603 911; baseline -0.002 -14"><span class='ocrx_word' id='word_1_70' title='bbox 84 852 267 908; x_wconf 75' lang='grc' dir='ltr'><strong><em>ιοτῆσαι</em></strong></span> <span class='ocrx_word' id='word_1_71' title='bbox 303 850 411 895; x_wconf 83' lang='grc' dir='ltr'><strong><em>κατά</em></strong></span> <span class='ocrx_word' id='word_1_72' title='bbox 454 854 530 907; x_wconf 83' lang='grc' dir='ltr'><strong><em>τῆς</em></strong></span> <span class='ocrx_word' id='word_1_73' title='bbox 574 852 804 906; x_wconf 83' lang='grc' dir='ltr'><strong><em>ὁμοουσίου</em></strong></span> <span class='ocrx_word' id='word_1_74' title='bbox 848 854 1030 907; x_wconf 76' lang='grc' dir='ltr'><strong>τριάδος.</strong></span> <span class='ocrx_word' id='word_1_75' title='bbox 1107 855 1200 897; x_wconf 79' lang='grc' dir='ltr'><strong><em>ἀλλ’</em></strong></span> <span class='ocrx_word' id='word_1_76' title='bbox 1232 856 1359 911; x_wconf 79' lang='grc' dir='ltr'><strong><em>α’ργεῖ</em></strong></span> <span class='ocrx_word' id='word_1_77' title='bbox 1383 854 1430 898; x_wconf 82' lang='grc' dir='ltr'><strong><em>τὸ</em></strong></span> <span class='ocrx_word' id='word_1_78' title='bbox 1463 857 1603 909; x_wconf 79' lang='grc' dir='ltr'><strong><em>ἐγχεί-</em></strong></span> 
     </span>
     <span class='ocr_line' id='line_1_12' title="bbox 143 918 1603 977; baseline 0.001 -16"><span class='ocrx_word' id='word_1_79' title='bbox 143 935 285 974; x_wconf 82' lang='grc' dir='ltr'><strong><em>ρημα·</em></strong></span> <span class='ocrx_word' id='word_1_80' title='bbox 339 919 448 976; x_wconf 77' lang='grc' dir='ltr'><strong><em>νόσῳ</em></strong></span> <span class='ocrx_word' id='word_1_81' title='bbox 487 918 570 974; x_wconf 80' lang='grc' dir='ltr'><strong>γάρ</strong></span> <span class='ocrx_word' id='word_1_82' title='bbox 612 922 853 974; x_wconf 79' lang='grc' dir='ltr'><strong><em>περιπίπτει</em></strong></span> <span class='ocrx_word' id='word_1_83' title='bbox 895 923 1042 977; x_wconf 78' lang='grc' dir='ltr'><strong><em>δεινῇ,</em></strong></span> <span class='ocrx_word' id='word_1_84' title='bbox 1081 924 1156 963; x_wconf 75' lang='grc' dir='ltr'><strong><em>καί</em></strong></span> <span class='ocrx_word' id='word_1_85' title='bbox 1196 919 1242 963; x_wconf 83' lang='grc' dir='ltr'><strong><em>τὸ</em></strong></span> <span class='ocrx_word' id='word_1_86' title='bbox 1286 923 1360 977; x_wconf 78' lang='grc' dir='ltr'><strong><em>ζῆν</em></strong></span> <span class='ocrx_word' id='word_1_87' title='bbox 1393 921 1603 975; x_wconf 73' lang='grc' dir='ltr'><strong><em>ἀπογνούς</em></strong></span> 
     </span>
     <span class='ocr_line' id='line_1_13' title="bbox 141 981 1603 1041; baseline 0.001 -14"><span class='ocrx_word' id='word_1_88' title='bbox 141 981 335 1037; x_wconf 73' lang='grc' dir='ltr'><strong><em>Εὕζώῖυν</em></strong></span> <span class='ocrx_word' id='word_1_89' title='bbox 374 990 674 1037; x_wconf 83' lang='grc' dir='ltr'><strong><em>μετακαλεῖται</em></strong></span> <span class='ocrx_word' id='word_1_90' title='bbox 716 985 791 1028; x_wconf 87' lang='grc' dir='ltr'><strong>τὸν</strong></span> <span class='ocrx_word' id='word_1_91' title='bbox 828 987 1111 1041; x_wconf 74' lang='grc' dir='ltr'><strong><em>Ἀντιοχείας,</em></strong></span> <span class='ocrx_word' id='word_1_92' title='bbox 1152 989 1226 1029; x_wconf 84' lang='grc' dir='ltr'><em>καί</em></span> <span class='ocrx_word' id='word_1_93' title='bbox 1263 989 1334 1030; x_wconf 77' lang='grc' dir='ltr'><strong><em>διά</em></strong></span> <span class='ocrx_word' id='word_1_94' title='bbox 1369 987 1527 1041; x_wconf 81' lang='grc' dir='ltr'><strong><em>τάχους</em></strong></span> <span class='ocrx_word' id='word_1_95' title='bbox 1557 988 1603 1029; x_wconf 85' lang='grc' dir='ltr'><strong><em>τὸ</em></strong></span> 
     </span>
     <span class='ocr_line' id='line_1_14' title="bbox 141 1051 1604 1110; baseline 0.001 -16"><span class='ocrx_word' id='word_1_96' title='bbox 141 1055 258 1094; x_wconf 70' lang='grc' dir='ltr'><strong><em>θεῖον</em></strong></span> <span class='ocrx_word' id='word_1_97' title='bbox 304 1051 525 1105; x_wconf 78' lang='grc' dir='ltr'><strong><em>δεξάμενος</em></strong></span> <span class='ocrx_word' id='word_1_98' title='bbox 583 1051 784 1109; x_wconf 80' lang='grc' dir='ltr'><strong><em>φώτισμα</em></strong></span> <span class='ocrx_word' id='word_1_99' title='bbox 809 1086 820 1105; x_wconf 92' lang='grc'><em>,</em></span> <span class='ocrx_word' id='word_1_100' title='bbox 876 1053 933 1103; x_wconf 74' lang='grc' dir='ltr'><strong>ὥς</strong></span> <span class='ocrx_word' id='word_1_101' title='bbox 989 1052 1013 1095; x_wconf 78' lang='grc' dir='ltr'><em>ὅ</em></span> <span class='ocrx_word' id='word_1_102' title='bbox 1064 1053 1370 1110; x_wconf 77' lang='grc' dir='ltr'><strong><em>μεταφραστὴς</em></strong></span> <span class='ocrx_word' id='word_1_103' title='bbox 1418 1053 1604 1109; x_wconf 75' lang='grc' dir='ltr'><strong><em>ἱστορεῖ,</em></strong></span> 
     </span>
     <span class='ocr_line' id='line_1_15' title="bbox 141 1117 1605 1176; baseline 0.001 -16"><span class='ocrx_word' id='word_1_104' title='bbox 141 1117 374 1174; x_wconf 75' lang='grc' dir='ltr'><strong><em>τηνικαῦτα</em></strong></span> <span class='ocrx_word' id='word_1_105' title='bbox 411 1121 490 1160; x_wconf 82' lang='grc' dir='ltr'><strong><em>τοῦ</em></strong></span> <span class='ocrx_word' id='word_1_106' title='bbox 534 1120 610 1174; x_wconf 82' lang='grc' dir='ltr'><strong><em>ζῆν</em></strong></span> <span class='ocrx_word' id='word_1_107' title='bbox 650 1119 977 1161; x_wconf 69' lang='grc' dir='ltr'><strong><em>ἀπαλλάττεται.</em></strong></span> <span class='ocrx_word' id='word_1_108' title='bbox 1035 1118 1141 1162; x_wconf 74' lang='grc' dir='ltr'><strong><em>κατὰ</em></strong></span> <span class='ocrx_word' id='word_1_109' title='bbox 1173 1121 1221 1162; x_wconf 73' lang='grc' dir='ltr'><strong>δὲ</strong></span> <span class='ocrx_word' id='word_1_110' title='bbox 1249 1120 1322 1163; x_wconf 83' lang='grc' dir='ltr'><strong>τὸν</strong></span> <span class='ocrx_word' id='word_1_111' title='bbox 1352 1119 1507 1176; x_wconf 70' lang='grc' dir='ltr'><strong><em>’χρόνον</em></strong></span> <span class='ocrx_word' id='word_1_112' title='bbox 1531 1123 1605 1175; x_wconf 77' lang='grc' dir='ltr'><strong><em>τῆς</em></strong></span> 
     </span>
     <span class='ocr_line' id='line_1_16' title="bbox 83 1183 1750 1242; baseline -0.001 -12"><span class='ocrx_word' id='word_1_113' title='bbox 83 1185 254 1240; x_wconf 77' lang='grc' dir='ltr'><strong>ιόζωῆς</strong></span> <span class='ocrx_word' id='word_1_114' title='bbox 289 1184 427 1227; x_wconf 71' lang='grc' dir='ltr'><strong><em>αὐτοῦ</em></strong></span> <span class='ocrx_word' id='word_1_115' title='bbox 464 1185 692 1241; x_wconf 74' lang='grc' dir='ltr'><strong><em>ἄρχιερεὺς</em></strong></span> <span class='ocrx_word' id='word_1_116' title='bbox 714 1185 1022 1239; x_wconf 78' lang='grc' dir='ltr'><strong><em>Ἱεροσολύμων</em></strong></span> <span class='ocrx_word' id='word_1_117' title='bbox 1066 1186 1088 1227; x_wconf 83' lang='grc' dir='ltr'><em>ὃ</em></span> <span class='ocrx_word' id='word_1_118' title='bbox 1121 1187 1255 1240; x_wconf 81' lang='grc' dir='ltr'><strong><em>μέγας</em></strong></span> <span class='ocrx_word' id='word_1_119' title='bbox 1282 1188 1497 1242; x_wconf 78' lang='grc' dir='ltr'><strong><em>Κύριλλος</em></strong></span> <span class='ocrx_word' id='word_1_120' title='bbox 1525 1183 1653 1242; x_wconf 80' lang='grc' dir='ltr'><strong><em>ἦν,Ρ.</em></strong></span> <span class='ocrx_word' id='word_1_121' title='bbox 1683 1193 1750 1228; x_wconf 78' lang='lat'><strong>253</strong></span> 
     </span>
     <span class='ocr_line' id='line_1_17' title="bbox 143 1248 1606 1310; baseline 0.002 -18"><span class='ocrx_word' id='word_1_122' title='bbox 143 1248 192 1302; x_wconf 68' lang='grc' dir='ltr'><strong>ὃς</strong></span> <span class='ocrx_word' id='word_1_123' title='bbox 220 1249 273 1306; x_wconf 73' lang='grc' dir='ltr'><em>δὴ</em></span> <span class='ocrx_word' id='word_1_124' title='bbox 305 1253 378 1294; x_wconf 84' lang='grc' dir='ltr'><em>καί</em></span> <span class='ocrx_word' id='word_1_125' title='bbox 407 1249 566 1308; x_wconf 79' lang='grc' dir='ltr'><strong><em>γράφει</em></strong></span> <span class='ocrx_word' id='word_1_126' title='bbox 596 1254 655 1308; x_wconf 75' lang='grc' dir='ltr'><strong><em>τῷ</em></strong></span> <span class='ocrx_word' id='word_1_127' title='bbox 686 1254 967 1310; x_wconf 83' lang='grc' dir='ltr'><strong><em>Κωνσταντίῳ</em></strong></span> <span class='ocrx_word' id='word_1_128' title='bbox 997 1250 1062 1295; x_wconf 76' lang='grc' dir='ltr'><strong>ὅτι</strong></span> <span class='ocrx_word' id='word_1_129' title='bbox 1098 1252 1171 1294; x_wconf 77' lang='grc' dir='ltr'><strong><em>ἐπὶ</em></strong></span> <span class='ocrx_word' id='word_1_130' title='bbox 1193 1256 1272 1306; x_wconf 80' lang='grc' dir='ltr'><strong><em>μὲν</em></strong></span> <span class='ocrx_word' id='word_1_131' title='bbox 1305 1254 1381 1295; x_wconf 79' lang='grc' dir='ltr'><strong><em>τοῦ</em></strong></span> <span class='ocrx_word' id='word_1_132' title='bbox 1415 1254 1495 1295; x_wconf 81' lang='grc' dir='ltr'><em>σοῦ</em></span> <span class='ocrx_word' id='word_1_133' title='bbox 1524 1270 1606 1295; x_wconf 83' lang='grc' dir='ltr'><strong>πα-</strong></span> 
     </span>
     <span class='ocr_line' id='line_1_18' title="bbox 142 1314 1607 1375; baseline 0.002 -15"><span class='ocrx_word' id='word_1_134' title='bbox 142 1316 241 1373; x_wconf 78' lang='grc' dir='ltr'><strong><em>τρὸς</em></strong></span> <span class='ocrx_word' id='word_1_135' title='bbox 268 1319 342 1360; x_wconf 78' lang='grc' dir='ltr'><strong>ε’πί</strong></span> <span class='ocrx_word' id='word_1_136' title='bbox 364 1321 441 1374; x_wconf 77' lang='grc' dir='ltr'><strong>γῆς</strong></span> <span class='ocrx_word' id='word_1_137' title='bbox 468 1314 645 1375; x_wconf 73' lang='grc' dir='ltr'><strong><em>εὕρηται</em></strong></span> <span class='ocrx_word' id='word_1_138' title='bbox 675 1319 699 1359; x_wconf 82' lang='lat' dir='ltr'><strong>o‘</strong></span> <span class='ocrx_word' id='word_1_139' title='bbox 725 1318 924 1375; x_wconf 85' lang='grc' dir='ltr'><strong><em>σταυρός,</em></strong></span> <span class='ocrx_word' id='word_1_140' title='bbox 955 1322 1027 1362; x_wconf 84' lang='grc' dir='ltr'><strong>ἑπί</strong></span> <span class='ocrx_word' id='word_1_141' title='bbox 1056 1321 1103 1361; x_wconf 78' lang='grc' dir='ltr'><strong>δὲ</strong></span> <span class='ocrx_word' id='word_1_142' title='bbox 1133 1322 1214 1361; x_wconf 83' lang='grc' dir='ltr'><strong><em>σοῦ’</em></strong></span> <span class='ocrx_word' id='word_1_143' title='bbox 1245 1317 1372 1362; x_wconf 83' lang='grc' dir='ltr'><strong><em>πάλιν</em></strong></span> <span class='ocrx_word' id='word_1_144' title='bbox 1402 1321 1447 1370; x_wconf 80' lang='grc' dir='ltr'><strong>ἐξ</strong></span> <span class='ocrx_word' id='word_1_145' title='bbox 1475 1321 1607 1374; x_wconf 82' lang='grc' dir='ltr'><strong><em>ου’ρα-</em></strong></span> 
     </span>
     <span class='ocr_line' id='line_1_19' title="bbox 142 1383 1610 1443; baseline 0.001 -17"><span class='ocrx_word' id='word_1_146' title='bbox 142 1384 219 1427; x_wconf 78' lang='grc' dir='ltr'><strong><em>νοῦ</em></strong></span> <span class='ocrx_word' id='word_1_147' title='bbox 249 1387 564 1443; x_wconf 79' lang='grc' dir='ltr'><strong><em>πεφανέρωται.</em></strong></span> <span class='ocrx_word' id='word_1_148' title='bbox 637 1385 741 1428; x_wconf 76' lang='grc' dir='ltr'><strong><em>κατὰ</em></strong></span> <span class='ocrx_word' id='word_1_149' title='bbox 779 1385 861 1441; x_wconf 78' lang='grc' dir='ltr'><strong>γάρ</strong></span> <span class='ocrx_word' id='word_1_150' title='bbox 900 1383 970 1427; x_wconf 87' lang='grc' dir='ltr'><strong>τὸν</strong></span> <span class='ocrx_word' id='word_1_151' title='bbox 1005 1388 1085 1428; x_wconf 82' lang='grc' dir='ltr'><strong><em>τοῦ</em></strong></span> <span class='ocrx_word' id='word_1_152' title='bbox 1117 1384 1313 1440; x_wconf 70' lang='grc' dir='ltr'><strong><em>Γολγοθά</em></strong></span> <span class='ocrx_word' id='word_1_153' title='bbox 1351 1384 1480 1429; x_wconf 82' lang='grc' dir='ltr'><strong><em>τόπον</em></strong></span> <span class='ocrx_word' id='word_1_154' title='bbox 1509 1389 1610 1441; x_wconf 72' lang='grc' dir='ltr'><strong><em>περὶ</em></strong></span> 
     </span>
     <span class='ocr_line' id='line_1_20' title="bbox 145 1448 1609 1507; baseline 0.001 -15"><span class='ocrx_word' id='word_1_155' title='bbox 145 1452 287 1506; x_wconf 78' lang='grc' dir='ltr'><strong><em>τρίτην</em></strong></span> <span class='ocrx_word' id='word_1_156' title='bbox 325 1448 441 1507; x_wconf 64' lang='grc' dir='ltr'><strong><em>αἴραν</em></strong></span> <span class='ocrx_word' id='word_1_157' title='bbox 483 1454 559 1506; x_wconf 85' lang='grc' dir='ltr'><strong><em>τῆς</em></strong></span> <span class='ocrx_word' id='word_1_158' title='bbox 585 1449 774 1507; x_wconf 70' lang='grc' dir='ltr'><strong><em>ἠμέρας,</em></strong></span> <span class='ocrx_word' id='word_1_159' title='bbox 813 1454 899 1495; x_wconf 82' lang='grc' dir='ltr'><strong><em>κατ’</em></strong></span> <span class='ocrx_word' id='word_1_160' title='bbox 940 1451 1073 1507; x_wconf 68' lang='grc' dir='ltr'><strong><em>αὐτὴν</em></strong></span> <span class='ocrx_word' id='word_1_161' title='bbox 1101 1453 1149 1495; x_wconf 83' lang='grc' dir='ltr'><strong>δὲ</strong></span> <span class='ocrx_word' id='word_1_162' title='bbox 1176 1452 1255 1507; x_wconf 78' lang='grc' dir='ltr'><strong><em>τήν</em></strong></span> <span class='ocrx_word' id='word_1_163' title='bbox 1283 1453 1609 1507; x_wconf 79' lang='grc' dir='ltr'><strong><em>Πεντηκοστὴν,</em></strong></span> 
     </span>
     <span class='ocr_line' id='line_1_21' title="bbox 81 1513 1611 1575; baseline 0.001 -17"><span class='ocrx_word' id='word_1_164' title='bbox 81 1530 134 1557; x_wconf 80' lang='lat'><strong>20</strong></span> <span class='ocrx_word' id='word_1_165' title='bbox 146 1513 277 1574; x_wconf 74' lang='grc' dir='ltr'><em>ὤφθη</em></span> <span class='ocrx_word' id='word_1_166' title='bbox 305 1516 351 1559; x_wconf 88' lang='grc' dir='ltr'>τὸ</span> <span class='ocrx_word' id='word_1_167' title='bbox 383 1520 459 1560; x_wconf 80' lang='grc' dir='ltr'><strong><em>τοῦ</em></strong></span> <span class='ocrx_word' id='word_1_168' title='bbox 490 1520 679 1573; x_wconf 83' lang='grc' dir='ltr'><strong><em>σταυροῦ</em></strong></span> <span class='ocrx_word' id='word_1_169' title='bbox 708 1524 879 1574; x_wconf 80' lang='grc' dir='ltr'><strong><em>σημεῖον</em></strong></span> <span class='ocrx_word' id='word_1_170' title='bbox 907 1520 953 1561; x_wconf 80' lang='grc' dir='ltr'><strong>ἐκ</strong></span> <span class='ocrx_word' id='word_1_171' title='bbox 983 1517 1127 1575; x_wconf 85' lang='grc' dir='ltr'><strong><em>φωτὸς</em></strong></span> <span class='ocrx_word' id='word_1_172' title='bbox 1154 1517 1461 1575; x_wconf 68' lang='grc' dir='ltr'><strong><em>’ὖπερλάμπρου</em></strong></span> <span class='ocrx_word' id='word_1_173' title='bbox 1489 1534 1611 1560; x_wconf 80' lang='grc' dir='ltr'><strong><em>κατε-</em></strong></span> 
     </span>
     <span class='ocr_line' id='line_1_22' title="bbox 144 1579 1608 1642; baseline 0.001 -17"><span class='ocrx_word' id='word_1_174' title='bbox 144 1586 439 1636; x_wconf 56' lang='grc' dir='ltr'><strong><em>σκεύασμένον.</em></strong></span> <span class='ocrx_word' id='word_1_175' title='bbox 496 1579 626 1640; x_wconf 69' lang='grc' dir='ltr'><strong>ὤφθη</strong></span> <span class='ocrx_word' id='word_1_176' title='bbox 665 1585 713 1627; x_wconf 76' lang='grc' dir='ltr'><strong>δὲ</strong></span> <span class='ocrx_word' id='word_1_177' title='bbox 753 1586 835 1639; x_wconf 65' lang='grc' dir='ltr'><strong>οὔχ</strong></span> <span class='ocrx_word' id='word_1_178' title='bbox 871 1581 937 1627; x_wconf 70' lang='grc' dir='ltr'><strong><em>ἔνι’</em></strong></span> <span class='ocrx_word' id='word_1_179' title='bbox 969 1584 1042 1627; x_wconf 80' lang='grc' dir='ltr'>καί</span> <span class='ocrx_word' id='word_1_180' title='bbox 1067 1583 1173 1628; x_wconf 76' lang='grc' dir='ltr'><strong><em>κατὰ</em></strong></span> <span class='ocrx_word' id='word_1_181' title='bbox 1202 1585 1468 1642; x_wconf 79' lang='grc' dir='ltr'><strong><em>φαντασίαν,</em></strong></span> <span class='ocrx_word' id='word_1_182' title='bbox 1500 1583 1608 1627; x_wconf 73' lang='grc' dir='ltr'><strong><em>ἀλλὰ</em></strong></span> 
     </span>
     <span class='ocr_line' id='line_1_23' title="bbox 146 1646 817 1706; baseline 0.001 -15"><span class='ocrx_word' id='word_1_183' title='bbox 146 1652 247 1706; x_wconf 75' lang='grc' dir='ltr'><strong><em>περὶ</em></strong></span> <span class='ocrx_word' id='word_1_184' title='bbox 276 1646 392 1704; x_wconf 71' lang='grc' dir='ltr'><strong><em>ὥρας</em></strong></span> <span class='ocrx_word' id='word_1_185' title='bbox 421 1651 567 1702; x_wconf 79' lang='grc' dir='ltr'><strong><em>ἱκανάς</em></strong></span> <span class='ocrx_word' id='word_1_186' title='bbox 595 1651 668 1692; x_wconf 87' lang='grc' dir='ltr'>καί</span> <span class='ocrx_word' id='word_1_187' title='bbox 696 1653 817 1693; x_wconf 81' lang='grc' dir='ltr'><strong><em>πᾶσι.</em></strong></span> 
     </span>
     <span class='ocr_line' id='line_1_24' title="bbox 259 1716 1610 1776; baseline 0.001 -17"><span class='ocrx_word' id='word_1_188' title='bbox 259 1717 387 1759; x_wconf 78' lang='grc' dir='ltr'><strong><em>Μετὰ</em></strong></span> <span class='ocrx_word' id='word_1_189' title='bbox 413 1719 460 1759; x_wconf 78' lang='grc' dir='ltr'><strong>δὲ</strong></span> <span class='ocrx_word' id='word_1_190' title='bbox 482 1716 774 1760; x_wconf 84' lang='grc' dir='ltr'><strong><em>Κωνστάντιον</em></strong></span> <span class='ocrx_word' id='word_1_191' title='bbox 807 1723 954 1775; x_wconf 81' lang='grc' dir='ltr'><strong><em>κρατεῖ</em></strong></span> <span class='ocrx_word' id='word_1_192' title='bbox 980 1719 1208 1770; x_wconf 84' lang='grc' dir='ltr'><strong><em>Ἰουλιανὸς</em></strong></span> <span class='ocrx_word' id='word_1_193' title='bbox 1241 1717 1311 1776; x_wconf 79' lang='grc' dir='ltr'><strong><em>ἔτη</em></strong></span> <span class='ocrx_word' id='word_1_194' title='bbox 1334 1717 1370 1772; x_wconf 86' lang='grc' dir='ltr'><strong>β’</strong></span> <span class='ocrx_word' id='word_1_195' title='bbox 1395 1719 1531 1775; x_wconf 79' lang='grc' dir='ltr'><strong><em>μῆνας</em></strong></span> <span class='ocrx_word' id='word_1_196' title='bbox 1561 1718 1610 1769; x_wconf 83' lang='grc' dir='ltr'><strong>ζ’.</strong></span> 
     </span>
    </p>
   </div>
   <div class='ocr_carea' id='block_1_3' title="bbox 147 1908 1610 2812">
    <p class='ocr_par' dir='ltr' id='par_1_3' title="bbox 147 1908 1610 2138">
     <span class='ocr_line' id='line_1_25' title="bbox 148 1908 1608 1959; baseline -0.004 -12"><span class='ocrx_word' id='word_1_197' title='bbox 148 1917 290 1959; x_wconf 76' lang='lat' dir='ltr'><strong>gnostas</strong></span> <span class='ocrx_word' id='word_1_198' title='bbox 320 1912 495 1953; x_wconf 87' lang='lat' dir='ltr'><strong>dicimus,</strong></span> <span class='ocrx_word' id='word_1_199' title='bbox 530 1923 679 1945; x_wconf 78' lang='lat' dir='ltr'><strong>munere</strong></span> <span class='ocrx_word' id='word_1_200' title='bbox 714 1912 926 1957; x_wconf 80' lang='lat' dir='ltr'>aliquandiu</span> <span class='ocrx_word' id='word_1_201' title='bbox 961 1911 1076 1944; x_wconf 87' lang='lat' dir='ltr'><strong>functi</strong></span> <span class='ocrx_word' id='word_1_202' title='bbox 1109 1915 1203 1943; x_wconf 85' lang='lat' dir='ltr'><strong>sunt.</strong></span> <span class='ocrx_word' id='word_1_203' title='bbox 1252 1920 1406 1956; x_wconf 81' lang='lat' dir='ltr'><strong>cumque</strong></span> <span class='ocrx_word' id='word_1_204' title='bbox 1432 1908 1608 1954; x_wconf 83' lang='lat' dir='ltr'><strong>templum</strong></span> 
     </span>
     <span class='ocr_line' id='line_1_26' title="bbox 147 1958 1610 2004; baseline -0.003 -10"><span class='ocrx_word' id='word_1_205' title='bbox 147 1960 295 2004; x_wconf 83' lang='lat' dir='ltr'><strong>martyri</strong></span> <span class='ocrx_word' id='word_1_206' title='bbox 310 1960 486 1994; x_wconf 84' lang='lat' dir='ltr'><strong>Mamanti</strong></span> <span class='ocrx_word' id='word_1_207' title='bbox 509 1959 717 1999; x_wconf 84' lang='lat' dir='ltr'><strong>conderent,</strong></span> <span class='ocrx_word' id='word_1_208' title='bbox 743 1966 920 1993; x_wconf 80' lang='lat' dir='ltr'><strong>exstructa</strong></span> <span class='ocrx_word' id='word_1_209' title='bbox 936 1958 1066 1991; x_wconf 84' lang='lat' dir='ltr'><strong>Iuliani</strong></span> <span class='ocrx_word' id='word_1_210' title='bbox 1087 1962 1231 2002; x_wconf 87' lang='lat' dir='ltr'><strong>sumptu</strong></span> <span class='ocrx_word' id='word_1_211' title='bbox 1250 1969 1329 2004; x_wconf 84' lang='lat' dir='ltr'><strong>pars</strong></span> <span class='ocrx_word' id='word_1_212' title='bbox 1346 1968 1450 1990; x_wconf 87' lang='lat' dir='ltr'><strong>mane</strong></span> <span class='ocrx_word' id='word_1_213' title='bbox 1467 1961 1610 2001; x_wconf 80' lang='lat' dir='ltr'><strong>reperta</strong></span> 
     </span>
     <span class='ocr_line' id='line_1_27' title="bbox 147 2004 1608 2052; baseline -0.004 -10"><span class='ocrx_word' id='word_1_214' title='bbox 147 2015 203 2042; x_wconf 76' lang='lat' dir='ltr'><strong>est</strong></span> <span class='ocrx_word' id='word_1_215' title='bbox 226 2008 304 2042; x_wconf 84' lang='lat' dir='ltr'><strong>solo</strong></span> <span class='ocrx_word' id='word_1_216' title='bbox 337 2012 503 2052; x_wconf 81' lang='lat' dir='ltr'><strong>aequata.</strong></span> <span class='ocrx_word' id='word_1_217' title='bbox 554 2007 620 2039; x_wconf 86' lang='lat' dir='ltr'><strong>sub</strong></span> <span class='ocrx_word' id='word_1_218' title='bbox 649 2006 811 2040; x_wconf 85' lang='lat' dir='ltr'><strong>eiusdem</strong></span> <span class='ocrx_word' id='word_1_219' title='bbox 844 2006 1046 2040; x_wconf 83' lang='lat' dir='ltr'><strong>Constantii</strong></span> <span class='ocrx_word' id='word_1_220' title='bbox 1073 2006 1221 2050; x_wconf 83' lang='lat' dir='ltr'><strong>imperio</strong></span> <span class='ocrx_word' id='word_1_221' title='bbox 1258 2005 1450 2037; x_wconf 76' lang='lat' dir='ltr'><strong>Flavianus</strong></span> <span class='ocrx_word' id='word_1_222' title='bbox 1478 2004 1608 2037; x_wconf 82' lang='lat' dir='ltr'><strong>Antio-</strong></span> 
     </span>
     <span class='ocr_line' id='line_1_28' title="bbox 148 2050 1607 2099; baseline -0.004 -10"><span class='ocrx_word' id='word_1_223' title='bbox 148 2055 312 2096; x_wconf 76' lang='lat' dir='ltr'><strong>chenus,</strong></span> <span class='ocrx_word' id='word_1_224' title='bbox 350 2055 438 2088; x_wconf 87' lang='lat' dir='ltr'><strong>duas</strong></span> <span class='ocrx_word' id='word_1_225' title='bbox 476 2055 514 2087; x_wconf 88' lang='lat' dir='ltr'><strong>in</strong></span> <span class='ocrx_word' id='word_1_226' title='bbox 551 2060 671 2099; x_wconf 82' lang='lat' dir='ltr'><strong>partes</strong></span> <span class='ocrx_word' id='word_1_227' title='bbox 699 2054 823 2088; x_wconf 82' lang='lat' dir='ltr'><strong>divisis</strong></span> <span class='ocrx_word' id='word_1_228' title='bbox 861 2054 924 2099; x_wconf 89' lang='lat' dir='ltr'><strong>qui</strong></span> <span class='ocrx_word' id='word_1_229' title='bbox 948 2053 1164 2098; x_wconf 75' lang='lat' dir='ltr'><strong>psallerent,</strong></span> <span class='ocrx_word' id='word_1_230' title='bbox 1199 2063 1260 2085; x_wconf 86' lang='lat' dir='ltr'><strong>eos</strong></span> <span class='ocrx_word' id='word_1_231' title='bbox 1284 2051 1429 2086; x_wconf 73' lang='lat' dir='ltr'><strong>navidis</strong></span> <span class='ocrx_word' id='word_1_232' title='bbox 1454 2050 1607 2095; x_wconf 75' lang='lat' dir='ltr'><strong>hymnos</strong></span> 
     </span>
     <span class='ocr_line' id='line_1_29' title="bbox 147 2102 712 2138; baseline -0.005 -2"><span class='ocrx_word' id='word_1_233' title='bbox 147 2103 355 2138; x_wconf 79' lang='lat' dir='ltr'><strong>alternatim</strong></span> <span class='ocrx_word' id='word_1_234' title='bbox 382 2102 572 2135; x_wconf 77' lang='lat' dir='ltr'><strong>concinere</strong></span> <span class='ocrx_word' id='word_1_235' title='bbox 598 2102 712 2134; x_wconf 85' lang='lat' dir='ltr'><strong>iussit.</strong></span> 
     </span>
    </p>

    <p class='ocr_par' dir='ltr' id='par_1_4' title="bbox 148 2143 1607 2812">
     <span class='ocr_line' id='line_1_30' title="bbox 244 2143 1606 2192; baseline -0.004 -9"><span class='ocrx_word' id='word_1_236' title='bbox 244 2149 448 2183; x_wconf 86' lang='lat' dir='ltr'><strong>Secundum</strong></span> <span class='ocrx_word' id='word_1_237' title='bbox 483 2148 571 2182; x_wconf 85' lang='lat' dir='ltr'><strong>haec</strong></span> <span class='ocrx_word' id='word_1_238' title='bbox 607 2149 651 2181; x_wconf 86' lang='lat' dir='ltr'><strong>ab</strong></span> <span class='ocrx_word' id='word_1_239' title='bbox 689 2148 821 2192; x_wconf 83' lang='lat' dir='ltr'>impiae</span> <span class='ocrx_word' id='word_1_240' title='bbox 854 2146 1055 2180; x_wconf 88' lang='lat' dir='ltr'><strong>sententiae</strong></span> <span class='ocrx_word' id='word_1_241' title='bbox 1081 2145 1318 2179; x_wconf 79' lang='lat' dir='ltr'><strong>sectatoribus</strong></span> <span class='ocrx_word' id='word_1_242' title='bbox 1347 2145 1520 2191; x_wconf 68' lang='lat' dir='ltr'><strong>impulsus</strong></span> <span class='ocrx_word' id='word_1_243' title='bbox 1545 2143 1606 2178; x_wconf 84' lang='lat' dir='ltr'><strong>hie</strong></span> 
     </span>
     <span class='ocr_line' id='line_1_31' title="bbox 149 2192 1606 2239; baseline -0.004 -9"><span class='ocrx_word' id='word_1_244' title='bbox 149 2196 382 2232; x_wconf 81' lang='lat' dir='ltr'><strong>Constantius</strong></span> <span class='ocrx_word' id='word_1_245' title='bbox 405 2197 584 2230; x_wconf 78' lang='lat' dir='ltr'><strong>antistites</strong></span> <span class='ocrx_word' id='word_1_246' title='bbox 609 2196 812 2235; x_wconf 83' lang='lat' dir='ltr'><strong>arcessivit,</strong></span> <span class='ocrx_word' id='word_1_247' title='bbox 845 2200 886 2227; x_wconf 85' lang='lat' dir='ltr'><strong>ut</strong></span> <span class='ocrx_word' id='word_1_248' title='bbox 909 2193 1065 2237; x_wconf 84' lang='lat' dir='ltr'>synodus</span> <span class='ocrx_word' id='word_1_249' title='bbox 1100 2194 1224 2234; x_wconf 88' lang='lat' dir='ltr'><strong>coiret,</strong></span> <span class='ocrx_word' id='word_1_250' title='bbox 1256 2204 1321 2239; x_wconf 83' lang='lat' dir='ltr'><strong>per</strong></span> <span class='ocrx_word' id='word_1_251' title='bbox 1347 2204 1453 2239; x_wconf 73' lang='lat' dir='ltr'><strong>qiiam</strong></span> <span class='ocrx_word' id='word_1_252' title='bbox 1479 2192 1606 2225; x_wconf 83' lang='lat' dir='ltr'><strong>‹lecer-</strong></span> 
     </span>
     <span class='ocr_line' id='line_1_32' title="bbox 149 2240 1606 2278; baseline -0.005 0"><span class='ocrx_word' id='word_1_253' title='bbox 149 2250 298 2278; x_wconf 85' lang='lat' dir='ltr'><strong>neretur</strong></span> <span class='ocrx_word' id='word_1_254' title='bbox 325 2244 542 2278; x_wconf 77' lang='lat' dir='ltr'><strong>Trinitatem</strong></span> <span class='ocrx_word' id='word_1_255' title='bbox 569 2244 674 2276; x_wconf 77' lang='lat' dir='ltr'><strong>unius</strong></span> <span class='ocrx_word' id='word_1_256' title='bbox 698 2249 734 2276; x_wconf 89' lang='lat' dir='ltr'><strong>et</strong></span> <span class='ocrx_word' id='word_1_257' title='bbox 762 2240 923 2274; x_wconf 78' lang='lat' dir='ltr'><strong>eiusdem</strong></span> <span class='ocrx_word' id='word_1_258' title='bbox 948 2240 1123 2275; x_wconf 83' lang='lat' dir='ltr'><strong>esseutiae</strong></span> <span class='ocrx_word' id='word_1_259' title='bbox 1152 2252 1225 2273; x_wconf 87' lang='lat' dir='ltr'><strong>non</strong></span> <span class='ocrx_word' id='word_1_260' title='bbox 1259 2252 1346 2274; x_wconf 81' lang='lat' dir='ltr'><strong>esse.</strong></span> <span class='ocrx_word' id='word_1_261' title='bbox 1397 2251 1519 2273; x_wconf 76' lang='lat' dir='ltr'><strong>vorum</strong></span> <span class='ocrx_word' id='word_1_262' title='bbox 1544 2251 1606 2272; x_wconf 84' lang='lat' dir='ltr'><strong>co-</strong></span> 
     </span>
     <span class='ocr_line' id='line_1_33' title="bbox 149 2286 1606 2332; baseline -0.005 -6"><span class='ocrx_word' id='word_1_263' title='bbox 149 2296 256 2326; x_wconf 83' lang='lat' dir='ltr'><strong>natus</strong></span> <span class='ocrx_word' id='word_1_264' title='bbox 288 2292 402 2326; x_wconf 87' lang='lat' dir='ltr'><strong>omnis</strong></span> <span class='ocrx_word' id='word_1_265' title='bbox 445 2291 566 2324; x_wconf 83' lang='lat' dir='ltr'><strong>irritus</strong></span> <span class='ocrx_word' id='word_1_266' title='bbox 606 2290 696 2323; x_wconf 84' lang='lat' dir='ltr'><strong>fuit:</strong></span> <span class='ocrx_word' id='word_1_267' title='bbox 747 2300 829 2322; x_wconf 86' lang='lat' dir='ltr'><strong>nam</strong></span> <span class='ocrx_word' id='word_1_268' title='bbox 860 2299 940 2322; x_wconf 88' lang='lat' dir='ltr'><strong>cum</strong></span> <span class='ocrx_word' id='word_1_269' title='bbox 967 2299 1104 2332; x_wconf 81' lang='lat' dir='ltr'><strong>gravem</strong></span> <span class='ocrx_word' id='word_1_270' title='bbox 1140 2288 1178 2320; x_wconf 84' lang='lat' dir='ltr'><strong>in</strong></span> <span class='ocrx_word' id='word_1_271' title='bbox 1217 2288 1381 2321; x_wconf 85' lang='lat' dir='ltr'><strong>morbum</strong></span> <span class='ocrx_word' id='word_1_272' title='bbox 1417 2286 1606 2320; x_wconf 79' lang='lat' dir='ltr'><strong>incidisset</strong></span> 
     </span>
     <span class='ocr_line' id='line_1_34' title="bbox 150 2333 1604 2383; baseline -0.006 -10"><span class='ocrx_word' id='word_1_273' title='bbox 150 2338 271 2383; x_wconf 81' lang='lat' dir='ltr'><strong>deque</strong></span> <span class='ocrx_word' id='word_1_274' title='bbox 298 2339 371 2372; x_wconf 81' lang='lat' dir='ltr'><strong>vita</strong></span> <span class='ocrx_word' id='word_1_275' title='bbox 396 2339 466 2372; x_wconf 84' lang='lat' dir='ltr'><strong>iam</strong></span> <span class='ocrx_word' id='word_1_276' title='bbox 492 2338 739 2382; x_wconf 80' lang='lat' dir='ltr'><strong>desperasset,</strong></span> <span class='ocrx_word' id='word_1_277' title='bbox 775 2336 946 2370; x_wconf 84' lang='lat' dir='ltr'><strong>Euzoium</strong></span> <span class='ocrx_word' id='word_1_278' title='bbox 979 2333 1243 2368; x_wconf 80' lang='lat' dir='ltr'><strong>Antiochenam</strong></span> <span class='ocrx_word' id='word_1_279' title='bbox 1266 2336 1466 2368; x_wconf 82' lang='lat' dir='ltr'><strong>antistitem</strong></span> <span class='ocrx_word' id='word_1_280' title='bbox 1493 2333 1540 2367; x_wconf 85' lang='lat' dir='ltr'><strong>ad</strong></span> <span class='ocrx_word' id='word_1_281' title='bbox 1566 2345 1604 2365; x_wconf 90' lang='lat' dir='ltr'><strong>se</strong></span> 
     </span>
     <span class='ocr_line' id='line_1_35' title="bbox 148 2379 1607 2428; baseline -0.005 -9"><span class='ocrx_word' id='word_1_282' title='bbox 148 2386 272 2420; x_wconf 80' lang='lat' dir='ltr'><strong>venire</strong></span> <span class='ocrx_word' id='word_1_283' title='bbox 305 2386 418 2427; x_wconf 89' lang='lat' dir='ltr'><strong>iussit,</strong></span> <span class='ocrx_word' id='word_1_284' title='bbox 456 2385 809 2428; x_wconf 81' lang='lat' dir='ltr'><strong>illustrationemque</strong></span> <span class='ocrx_word' id='word_1_285' title='bbox 842 2382 998 2416; x_wconf 79' lang='lat' dir='ltr'><strong>divinam</strong></span> <span class='ocrx_word' id='word_1_286' title='bbox 1032 2382 1198 2415; x_wconf 83' lang='lat' dir='ltr'><strong>celeriter</strong></span> <span class='ocrx_word' id='word_1_287' title='bbox 1221 2388 1434 2416; x_wconf 84' lang='lat' dir='ltr'><strong>consecutus</strong></span> <span class='ocrx_word' id='word_1_288' title='bbox 1461 2379 1607 2415; x_wconf 77' lang='lat' dir='ltr'><strong>vivendi</strong></span> 
     </span>
     <span class='ocr_line' id='line_1_36' title="bbox 149 2427 1606 2478; baseline -0.007 -9"><span class='ocrx_word' id='word_1_289' title='bbox 149 2433 259 2469; x_wconf 82' lang='lat' dir='ltr'><strong>finem</strong></span> <span class='ocrx_word' id='word_1_290' title='bbox 287 2433 384 2467; x_wconf 81' lang='lat' dir='ltr'><strong>fecit.</strong></span> <span class='ocrx_word' id='word_1_291' title='bbox 433 2433 513 2478; x_wconf 86' lang='lat' dir='ltr'><strong>ipso</strong></span> <span class='ocrx_word' id='word_1_292' title='bbox 542 2433 686 2465; x_wconf 86' lang='lat' dir='ltr'><strong>vivente</strong></span> <span class='ocrx_word' id='word_1_293' title='bbox 711 2430 877 2475; x_wconf 78' lang='lat' dir='ltr'><strong>pontifex</strong></span> <span class='ocrx_word' id='word_1_294' title='bbox 907 2430 1235 2472; x_wconf 79' lang='lat' dir='ltr'><strong>Hierosolymorum</strong></span> <span class='ocrx_word' id='word_1_295' title='bbox 1260 2436 1336 2463; x_wconf 78' lang='lat' dir='ltr'><strong>erat</strong></span> <span class='ocrx_word' id='word_1_296' title='bbox 1358 2428 1525 2473; x_wconf 69' lang='lat' dir='ltr'><strong>Cyrinus,</strong></span> <span class='ocrx_word' id='word_1_297' title='bbox 1550 2427 1606 2460; x_wconf 86' lang='lat' dir='ltr'><strong>vir</strong></span> 
     </span>
     <span class='ocr_line' id='line_1_37' title="bbox 151 2476 1602 2525; baseline -0.005 -12"><span class='ocrx_word' id='word_1_298' title='bbox 151 2480 322 2521; x_wconf 80' lang='lat' dir='ltr'><strong>eximius,</strong></span> <span class='ocrx_word' id='word_1_299' title='bbox 360 2480 423 2525; x_wconf 87' lang='lat' dir='ltr'><strong>qui</strong></span> <span class='ocrx_word' id='word_1_300' title='bbox 460 2479 506 2512; x_wconf 85' lang='lat' dir='ltr'><strong>ad</strong></span> <span class='ocrx_word' id='word_1_301' title='bbox 538 2479 788 2512; x_wconf 83' lang='lat' dir='ltr'><strong>Constantium</strong></span> <span class='ocrx_word' id='word_1_302' title='bbox 821 2478 859 2510; x_wconf 88' lang='lat' dir='ltr'><strong>in</strong></span> <span class='ocrx_word' id='word_1_303' title='bbox 892 2476 982 2510; x_wconf 80' lang='lat' dir='ltr'><strong>haec</strong></span> <span class='ocrx_word' id='word_1_304' title='bbox 1017 2477 1124 2510; x_wconf 79' lang='lat' dir='ltr'><strong>verba</strong></span> <span class='ocrx_word' id='word_1_305' title='bbox 1153 2477 1363 2522; x_wconf 83' lang='lat' dir='ltr'><strong>perscripsit</strong></span> <span class='ocrx_word' id='word_1_306' title='bbox 1387 2481 1511 2522; x_wconf 83' lang='lat' dir='ltr'><strong>„patre</strong></span> <span class='ocrx_word' id='word_1_307' title='bbox 1540 2480 1602 2508; x_wconf 82' lang='lat' dir='ltr'><strong>tuo</strong></span> 
     </span>
     <span class='ocr_line' id='line_1_38' title="bbox 151 2519 1603 2571; baseline -0.006 -11"><span class='ocrx_word' id='word_1_308' title='bbox 151 2533 325 2571; x_wconf 81' lang='lat' dir='ltr'><strong>regnante</strong></span> <span class='ocrx_word' id='word_1_309' title='bbox 352 2539 438 2561; x_wconf 70' lang='lat' dir='ltr'><strong>crux</strong></span> <span class='ocrx_word' id='word_1_310' title='bbox 473 2527 511 2559; x_wconf 90' lang='lat' dir='ltr'><strong>in</strong></span> <span class='ocrx_word' id='word_1_311' title='bbox 554 2526 658 2559; x_wconf 86' lang='lat' dir='ltr'><strong>terris</strong></span> <span class='ocrx_word' id='word_1_312' title='bbox 695 2530 838 2569; x_wconf 82' lang='lat' dir='ltr'><strong>reperta</strong></span> <span class='ocrx_word' id='word_1_313' title='bbox 875 2529 939 2558; x_wconf 79' lang='lat' dir='ltr'><strong>est.</strong></span> <span class='ocrx_word' id='word_1_314' title='bbox 988 2535 1128 2558; x_wconf 84' lang='lat' dir='ltr'><strong>rursum</strong></span> <span class='ocrx_word' id='word_1_315' title='bbox 1156 2529 1193 2558; x_wconf 88' lang='lat' dir='ltr'><strong>te</strong></span> <span class='ocrx_word' id='word_1_316' title='bbox 1229 2528 1400 2568; x_wconf 80' lang='lat' dir='ltr'><strong>regnante</strong></span> <span class='ocrx_word' id='word_1_317' title='bbox 1435 2534 1523 2555; x_wconf 77' lang='lat' dir='ltr'><strong>crux</strong></span> <span class='ocrx_word' id='word_1_318' title='bbox 1557 2519 1603 2553; x_wconf 85' lang='lat' dir='ltr'><strong>de</strong></span> 
     </span>
     <span class='ocr_line' id='line_1_39' title="bbox 151 2569 1603 2619; baseline -0.006 -11"><span class='ocrx_word' id='word_1_319' title='bbox 151 2575 254 2608; x_wconf 81' lang='lat' dir='ltr'><strong>coelo</strong></span> <span class='ocrx_word' id='word_1_320' title='bbox 280 2580 335 2608; x_wconf 86' lang='lat' dir='ltr'><strong>est</strong></span> <span class='ocrx_word' id='word_1_321' title='bbox 360 2574 554 2619; x_wconf 78' lang='lat' dir='ltr'><strong>patefacta.</strong></span> <span class='ocrx_word' id='word_1_322' title='bbox 603 2584 687 2605; x_wconf 87' lang='lat' dir='ltr'><strong>nam</strong></span> <span class='ocrx_word' id='word_1_323' title='bbox 712 2573 749 2605; x_wconf 84' lang='lat' dir='ltr'><strong>iu</strong></span> <span class='ocrx_word' id='word_1_324' title='bbox 775 2571 975 2615; x_wconf 79' lang='lat' dir='ltr'><strong>Golgothae</strong></span> <span class='ocrx_word' id='word_1_325' title='bbox 1004 2571 1095 2612; x_wconf 86' lang='lat' dir='ltr'><strong>loco,</strong></span> <span class='ocrx_word' id='word_1_326' title='bbox 1121 2571 1263 2604; x_wconf 86' lang='lat' dir='ltr'><strong>circiter</strong></span> <span class='ocrx_word' id='word_1_327' title='bbox 1288 2571 1414 2603; x_wconf 86' lang='lat' dir='ltr'><strong>horam</strong></span> <span class='ocrx_word' id='word_1_328' title='bbox 1438 2569 1510 2602; x_wconf 79' lang='lat' dir='ltr'><strong>diei</strong></span> <span class='ocrx_word' id='word_1_329' title='bbox 1529 2572 1603 2601; x_wconf 84' lang='lat' dir='ltr'><strong>ter-</strong></span> 
     </span>
     <span class='ocr_line' id='line_1_40' title="bbox 151 2618 1605 2666; baseline -0.005 -12"><span class='ocrx_word' id='word_1_330' title='bbox 151 2622 262 2660; x_wconf 83' lang='lat' dir='ltr'><strong>tiam,</strong></span> <span class='ocrx_word' id='word_1_331' title='bbox 288 2621 327 2654; x_wconf 88' lang='lat' dir='ltr'><strong>in</strong></span> <span class='ocrx_word' id='word_1_332' title='bbox 356 2622 433 2666; x_wconf 85' lang='lat' dir='ltr'><strong>ipso</strong></span> <span class='ocrx_word' id='word_1_333' title='bbox 463 2620 793 2666; x_wconf 71' lang='lat' dir='ltr'><strong>Quinquagesimae</strong></span> <span class='ocrx_word' id='word_1_334' title='bbox 820 2619 932 2659; x_wconf 77' lang='lat' dir='ltr'><strong>sesto,</strong></span> <span class='ocrx_word' id='word_1_335' title='bbox 965 2618 1104 2662; x_wconf 77' lang='lat' dir='ltr'><strong>signum</strong></span> <span class='ocrx_word' id='word_1_336' title='bbox 1129 2619 1243 2652; x_wconf 82' lang='lat' dir='ltr'><strong>crucis</strong></span> <span class='ocrx_word' id='word_1_337' title='bbox 1272 2622 1504 2662; x_wconf 79' lang='lat' dir='ltr'><strong>conspectum</strong></span> <span class='ocrx_word' id='word_1_338' title='bbox 1529 2620 1605 2655; x_wconf 73' lang='lat' dir='ltr'><strong>est,</strong></span> 
     </span>
     <span class='ocr_line' id='line_1_41' title="bbox 156 2662 1603 2713; baseline -0.004 -13"><span class='ocrx_word' id='word_1_339' title='bbox 156 2669 201 2702; x_wconf 84' lang='lat' dir='ltr'><strong>de</strong></span> <span class='ocrx_word' id='word_1_340' title='bbox 227 2668 308 2701; x_wconf 85' lang='lat' dir='ltr'><strong>luce</strong></span> <span class='ocrx_word' id='word_1_341' title='bbox 336 2667 491 2713; x_wconf 84' lang='lat' dir='ltr'><strong>quadam</strong></span> <span class='ocrx_word' id='word_1_342' title='bbox 522 2667 784 2710; x_wconf 71' lang='lat' dir='ltr'><strong>fulgentissima</strong></span> <span class='ocrx_word' id='word_1_343' title='bbox 823 2671 1054 2710; x_wconf 83' lang='lat' dir='ltr'><strong>compactum.</strong></span> <span class='ocrx_word' id='word_1_344' title='bbox 1115 2676 1235 2711; x_wconf 87' lang='lat' dir='ltr'><strong>neque</strong></span> <span class='ocrx_word' id='word_1_345' title='bbox 1269 2670 1411 2698; x_wconf 83' lang='lat' dir='ltr'><strong>tantum</strong></span> <span class='ocrx_word' id='word_1_346' title='bbox 1445 2662 1490 2695; x_wconf 91' lang='lat' dir='ltr'><strong>ab</strong></span> <span class='ocrx_word' id='word_1_347' title='bbox 1522 2673 1603 2707; x_wconf 84' lang='lat' dir='ltr'><strong>¹uno</strong></span> 
     </span>
     <span class='ocr_line' id='line_1_42' title="bbox 154 2709 1604 2760; baseline -0.003 -12"><span class='ocrx_word' id='word_1_348' title='bbox 154 2721 384 2760; x_wconf 83' lang='lat' dir='ltr'><strong>conspectum</strong></span> <span class='ocrx_word' id='word_1_349' title='bbox 411 2721 464 2749; x_wconf 89' lang='lat' dir='ltr'><strong>est</strong></span> <span class='ocrx_word' id='word_1_350' title='bbox 490 2715 548 2748; x_wconf 88' lang='lat' dir='ltr'><strong>vel</strong></span> <span class='ocrx_word' id='word_1_351' title='bbox 576 2725 638 2759; x_wconf 84' lang='lat' dir='ltr'><strong>per</strong></span> <span class='ocrx_word' id='word_1_352' title='bbox 662 2713 952 2758; x_wconf 69' lang='lat' dir='ltr'><strong>imaginationem</strong></span> <span class='ocrx_word' id='word_1_353' title='bbox 980 2711 1158 2758; x_wconf 84' lang='lat' dir='ltr'><strong>quandam</strong></span> <span class='ocrx_word' id='word_1_354' title='bbox 1175 2739 1182 2753; x_wconf 92' lang='lat'><em>,</em></span> <span class='ocrx_word' id='word_1_355' title='bbox 1223 2711 1285 2745; x_wconf 79' lang='lat' dir='ltr'><strong>sed</strong></span> <span class='ocrx_word' id='word_1_356' title='bbox 1310 2712 1354 2744; x_wconf 88' lang='lat' dir='ltr'><strong>ab</strong></span> <span class='ocrx_word' id='word_1_357' title='bbox 1375 2709 1541 2744; x_wconf 80' lang='lat' dir='ltr'><strong>omnibus</strong></span> <span class='ocrx_word' id='word_1_358' title='bbox 1566 2714 1604 2744; x_wconf 76' lang='lat' dir='ltr'><strong>et</strong></span> 
     </span>
     <span class='ocr_line' id='line_1_43' title="bbox 155 2761 662 2812; baseline -0.006 -15"><span class='ocrx_word' id='word_1_359' title='bbox 155 2763 284 2799; x_wconf 78' lang='lat' dir='ltr'><strong>multas</strong></span> <span class='ocrx_word' id='word_1_360' title='bbox 314 2762 460 2812; x_wconf 81' lang='lat' dir='ltr'><strong>quidem</strong></span> <span class='ocrx_word' id='word_1_361' title='bbox 484 2764 522 2796; x_wconf 88' lang='lat' dir='ltr'><strong>in</strong></span> <span class='ocrx_word' id='word_1_362' title='bbox 547 2761 662 2795; x_wconf 79' lang='lat' dir='ltr'><strong>horas.</strong></span> 
     </span>
    </p>
   </div>
  </div>
 </body>
</html>
