1826 3120
282 115 394 186 430
724 134 1007 177 MicHAms
1051 138 1263 180 GLYCAE

283 233 415 274 πολλὰ
446 232 620 283 σώματα
655 233 736 274 τῶν
763 237 1070 290 κεκοιμημένων
1099 236 1228 290 ἁγίων
1255 237 1481 294 α’νὲστησαν
1501 238 1559 289 οὖς
1576 240 1718 283 ἐντεῦ-

281 301 359 339 θεν
386 296 486 338 θεὸν
514 296 864 354 ἀνακηρυχθῆναι
893 299 966 342 τὸν
1000 300 1243 355 πάσχοντα,
1281 306 1548 361 πιστωθῆναί
1567 321 1612 348 τε
1643 309 1719 362 τ’ῆς

156 370 191 404 P.
206 370 267 404 231
283 362 519 411 τελευταίας
543 362 616 404 καί
642 365 778 419 κοινῆς
804 364 1070 415 ἀναστάσεως
1102 366 1148 409 τὸ
1178 368 1410 424 μυστήριον
1435 369 1509 416 καὶ
1526 373 1619 422 τῶν
1644 387 1719 419 ,κα-

281 429 514 482 τεχομένων
553 431 597 469 ἐν
639 426 746 487 ᾅδου
782 433 935 485 ψυχῶν
972 430 1044 486 τὴν
1071 434 1317 489 ἐλευθερίαν
1343 433 1452 487 ὁμοῦ
1475 435 1548 478 καί
1569 435 1720 479 ἐπάνο-

283 495 368 534 δον.
422 496 495 534 καί
516 494 610 548 γὰρ
650 493 694 537 αἱ
735 494 1011 539 πιστεύσασαι
1039 501 1182 552 ψυχαί
1207 502 1266 557 τῷ
1292 502 1468 558 Xpwttg'i
1495 499 1758 557 καταβάντιό

281 557 389 613 πρὸς
415 556 521 618 ᾅδην
545 559 678 611 εὐθὺς
703 560 992 618 ἀπελύθησαν.
1047 566 1118 606 καί
1146 567 1237 609 ἐπεὶ
1261 565 1470 609 ἀδύνατον
1497 561 1558 621 ἦνς
1574 566 1720 623 ψυχὰς

282 620 392 666 οὕτω
420 625 583 680 γυμνὰς
613 628 826 683 αἰσθητοῖς
856 628 1063 685 ὁραθῆναι
1091 632 1355 687 ὀφθαλμοῖς,
1393 634 1723 692 &novamen-&dy

147 694 186 726 V.
209 705 270 740 ¹79
284 690 385 745 πρὸς
420 694 560 735 πίστιν
590 693 699 745 μετὰ
745 694 953 748 σωμάτων
994 699 1209 753 ἐφάνησαν
1235 698 1281 740 αἱ
1307 701 1391 740 τῶν
1417 701 1721 754 κεκοιμημένων

285 757 415 811 ἁγίων
454 759 616 813 ψυχαί,
657 756 736 802 εἶθ’
778 758 909 812 οὕτως
936 764 996 811 εἷς
1021 761 1121 812 τούς
1149 765 1374 819 α’νὴκοντας
1400 762 1546 814 αὖταῖς
1569 763 1722 814 τόπους

279 825 539 878 ἀπέπτησαν.
1563 870 1566 874 ,

384 886 491 945 Ὅρα
523 892 582 943 δέ,
615 893 801 947 α’γαπητὲ
816 926 828 946 ,
855 894 962 948 μήτε
989 899 1074 943 τοῖς
1101 889 1186 936 ὧδε
1215 893 1380 938 κάκεῖσε
1404 898 1724 950 μυθολογουμέ-

283 971 370 1005 νοις
411 958 481 997 καὶ
521 953 546 1010 ἦ
576 955 630 1010 σὴ
659 956 824 1000 διάνοια
855 959 1224 1015 περιτραπήσεται.
1284 958 1346 1002 ὅτι
1374 964 1454 1013 μὲν
1481 960 1562 1017 γὰρ
1589 963 1724 1018 φημί-

286 1024 399 1072 ζεται
442 1021 557 1076 παρὰ
586 1027 673 1072 τοῖς
702 1028 869 1073 πολλοῖς
900 1027 951 1082 τῇ
979 1027 1252 1082 Μαγδαληνῇ
1281 1028 1416 1084 ἐκείνῃ
1442 1028 1630 1081 ἐντυχεῖν
1653 1025 1725 1070 τὸν

244 1086 474 1143 ΒΓαληνόν
502 1087 661 1143 ἰατρόν,
689 1090 761 1132 καί
784 1091 960 1132 οἰκοῦσαι
987 1094 1083 1147 παρ’
1116 1094 1246 1147 αὐτῆς
1273 1088 1341 1135 ὅτι
1369 1092 1531 1149 τυφλόν
1549 1094 1596 1135 ἐκ
1611 1108 1724 1148 γενε-

283 1154 356 1208 τῆς
385 1153 407 1193 ὁ
437 1152 622 1208 Χριστὸς
656 1156 803 1197 ἰάσατο
821 1189 832 1208 ,
877 1158 1101 1199 κάντεῦθεν
1138 1160 1269 1200 εἰπεῖν
1296 1157 1402 1212 πρὸς
1429 1157 1563 1214 αὐτὴν
1589 1161 1726 1208 καλῶς
1744 1168 1790 1210 ι5

285 1220 440 1261 ἐκεῖνον
473 1220 628 1261 εἰδέναι
670 1219 722 1262 'ca'
761 1223 835 1276 τῆς
871 1225 946 1278 γῆς
983 1225 1167 1276 μέταλλα
1203 1225 1262 1278 (εἰ
1295 1222 1353 1278 μὴ
1387 1224 1469 1280 γὰρ
1504 1225 1627 1280 τοῦτο
1653 1218 1727 1280 ἦν,

286 1281 363 1326 οὐκ
406 1280 458 1327 ἂν
494 1285 565 1327 τὸν
594 1286 754 1342 τυφλὸν
793 1289 948 1330 ἐκεῖνον
975 1288 1234 1345 ὦμμοὶτωσε)
1251 1324 1262 1343 ,
1305 1289 1480 1343 οἴδαμεν
1505 1292 1626 1334 τοῦτο
1655 1290 1731 1335 καὶ

287 1350 420 1403 ἡμεῖς,
450 1350 556 1393 α’λλιὶ
584 1351 660 1406 τὴν
690 1351 888 1408 τοιαύτην
918 1355 1062 1410 φήμην
1087 1355 1193 1409 μετὰ
1222 1358 1305 1398 τῶν
1333 1354 1483 1408 μύθων
1509 1353 1730 1409 ἐτάξαμεν.

287 1416 496 1460 ἀδύνατον
532 1416 615 1473 γὰρ
655 1418 707 1475 τῇ
735 1421 1002 1478 Μαγδαληνῇ
1030 1422 1259 1476 ἐντυχόντα
1288 1424 1327 1464 Γ
1327 1421 1496 1478 αληνόν,
1529 1420 1584 1472 ὥς
1621 1424 1727 1465 ἐκεῖπ

1740 849 1786 877 10

389 1559 439 1583 u.
464 1549 557 1594 μήτι
583 1562 627 1583 an
652 1551 814 1596 μήπωςῗ

292 1673 438 1706 aiebant
471 1673 606 1706 domini
639 1684 766 1720 corpus
798 1677 834 1708 in
869 1676 1031 1721 sepulcro
1065 1677 1258 1710 resolutum
1291 1679 1327 1711 in
1359 1679 1535 1711 elementa
1560 1682 1728 1723 quattuor

293 1731 380 1760 esse,
407 1720 450 1752 de
474 1720 606 1764 quibus
633 1726 669 1753 et
692 1722 920 1756 constitisset.
961 1729 1138 1756 caeterum
1162 1725 1276 1758 multa
1314 1724 1377 1757 illa
1409 1730 1631 1766 sanctorum,
1665 1726 1728 1770 qui

292 1766 590 1808 obdormiverant,
616 1778 762 1812 corpora
789 1770 1010 1813 potissimum
1034 1771 1160 1803 iccirco
1187 1777 1475 1812 resurrexerunt,
1509 1777 1550 1804 ut
1573 1782 1637 1816 per
1659 1771 1729 1805 hoc

291 1815 406 1857 ipsum
432 1813 635 1858 prodigium
669 1815 812 1859 publice
837 1816 1079 1849 declararetur
1110 1817 1216 1850 deum
1242 1819 1345 1851 illum
1370 1829 1447 1852 esse
1476 1819 1538 1862 qui
1561 1823 1636 1850 tum
1663 1829 1730 1863 pa-

290 1860 471 1903 tiebatur3
510 1871 550 1892 ac
587 1860 712 1894 eadem
746 1873 854 1906 opera
889 1864 1057 1906 mysterio
1083 1863 1127 1896 de
1150 1870 1327 1909 postrema
1353 1871 1389 1898 et
1410 1865 1587 1897 communi
1611 1875 1729 1898 resur-

292 1908 450 1940 rectione
485 1907 687 1940 mortalium
718 1908 806 1941 fides
844 1911 1113 1951 conciliaretur,
1152 1916 1192 1943 ut
1226 1912 1413 1944 manifesta
1445 1911 1600 1956 denique
1625 1911 1730 1945 fieret

294 1965 416 1986 earum
451 1954 645 1986 animarum
681 1954 846 1989 liberatio
883 1957 990 1989 simul
1023 1963 1059 1990 et
1090 1957 1246 1999 reditus,
1271 1960 1307 1991 in
1334 1968 1417 1991 orco
1444 1958 1612 1991 detentae
1636 1969 1730 2003 quae

291 2001 443 2033 fuerant.
479 2001 609 2033 etenim
649 2002 787 2034 animae
824 2014 916 2048 quae
952 2003 998 2036 ad
1024 2004 1199 2037 Christum
1237 2006 1282 2038 ad
1310 2015 1428 2037 orcum
1455 2004 1730 2038 descendentem

292 2047 543 2087 crediderunt,
565 2057 647 2079 mox
676 2048 839 2082 dimissae
878 2050 1124 2095 liberataeque
1157 2057 1249 2085 sunt.
1297 2057 1335 2084 et
1364 2052 1531 2096 quoniam
1555 2051 1633 2084 fieri
1656 2059 1732 2085 no'u

291 2099 436 2138 poterat
461 2098 501 2126 ut
525 2095 661 2126 animae
677 2095 795 2128 nudae
822 2096 1015 2130 sensilibus
1040 2097 1151 2131 oculis
1172 2099 1473 2142 conspicerentur,
1502 2097 1623 2131 divino
1639 2109 1732 2143 quo-

295 2140 377 2172 dam
402 2140 551 2172 consilio
582 2148 781 2175 sanctorum
808 2143 948 2176 illorum
978 2144 1172 2185 hominum,
1198 2146 1259 2189 qui
1286 2144 1563 2185 obdormierant,
1591 2145 1732 2178 animae

296 2198 376 2219 cum
402 2187 486 2231 ipsis
511 2188 718 2231 corporibus
746 2197 996 2234 apparuerunt,
1024 2197 1064 2224 ut
1087 2190 1176 2223 fides
1201 2192 1352 2237 amplior
1378 2197 1488 2235 esset3
1525 2190 1729 2237 deindeque

295 2245 412 2266 rursus
438 2233 483 2265 ad
505 2234 582 2266 loca
606 2236 675 2268 sibi
701 2235 878 2269 destinata
907 2238 1149 2271 convolarunt.

388 2280 480 2312 Cave
505 2286 634 2322 autem,
659 2281 791 2316 dilecte
821 2284 884 2325 fili,
906 2295 952 2316 ne
978 2285 1068 2318 forte
1092 2295 1157 2329 per
1183 2295 1223 2316 ea
1251 2295 1342 2328 quae
1359 2284 1444 2317 hinc
1466 2284 1550 2317 inde
1568 2284 1732 2319 fabulosa

296 2332 516 2371 sparguntur,
540 2333 601 2360 tua
628 2340 774 2374 quoque
797 2341 896 2363 mens
922 2336 1151 2375 pervertatur.
1192 2331 1317 2363 famam
1346 2333 1440 2364 enim
1476 2331 1572 2376 apud
1600 2332 1732 2366 multos

296 2374 518 2414 obtinuisse,
550 2375 646 2418 quod
681 2376 841 2409 medicus
875 2377 938 2410 ille
968 2377 1123 2410 Galenus
1157 2378 1194 2409 in
1219 2378 1466 2422 Magdalenam
1492 2377 1672 2421 inciderit,
1694 2383 1733 2412 et

296 2419 474 2453 audiverit
496 2431 538 2452 ex
561 2432 602 2452 ea
627 2422 803 2456 Christum
828 2424 1005 2468 quendam
1040 2436 1060 2456 a
1089 2424 1278 2457 nativitate
1309 2435 1450 2457 caecum
1481 2436 1644 2468 sanasse3
1670 2425 1728 2458 cui

297 2467 456 2500 Galenus
494 2468 716 2511 responderit
747 2481 892 2503 necesse
931 2471 1039 2503 fuisse
1070 2476 1110 2503 ut
1134 2470 1294 2504 Christus
1326 2477 1442 2504 terrae
1465 2472 1612 2504 metalla
1634 2471 1729 2505 hene

298 2514 440 2557 cognita
465 2513 640 2555 habuerit,
666 2516 802 2561 alioqui
821 2517 933 2550 visum
959 2528 1061 2550 caeco
1081 2518 1267 2550 restituere
1288 2529 1358 2550 non
1379 2519 1548 2562 potuisse.
1575 2517 1645 2551 hoc
1661 2519 1733 2563 igi-

298 2566 356 2592 tur
395 2571 460 2594 nos
491 2571 633 2605 quoque
671 2564 853 2596 novimus:
890 2575 1011 2596 verum
1037 2564 1212 2596 eiusmodi
1250 2576 1424 2597 rumorem
1460 2565 1659 2599 fabul-'Arum
1694 2565 1734 2597 in

300 2606 460 2639 ordinem
485 2613 592 2652 atque
614 2620 796 2641 numerum
823 2609 1019 2643 referimus.
1056 2622 1135 2643 nam
1162 2611 1238 2642 fieri
1259 2622 1400 2655 prorsus
1425 2612 1553 2657 nequit
1574 2617 1615 2644 ut
1636 2612 1736 2656 ipso-

300 2665 376 2685 rum
404 2654 448 2686 de
474 2655 650 2687 sententia
677 2656 834 2688 Galenus
860 2668 938 2690 cum
963 2657 1175 2702 Magdalena
1203 2659 1249 2690 sit
1275 2658 1491 2699 collocutus,
1527 2658 1590 2704 qui
1622 2657 1735 2691 Marci

300 2701 522 2744 imperatoris
552 2701 588 2733 in
622 2701 666 2735 iis
697 2703 897 2737 meminerit
932 2715 1023 2749 quae
1052 2705 1095 2737 ad
1122 2705 1285 2741 Pisonem
1314 2705 1540 2752 perscripsit,
1575 2705 1736 2749 itemque
