1826 3120
597 119 882 163 ANNAmUM
921 118 1058 162 PARS
1089 122 1137 161 1.·
1512 98 1582 155 25

140 238 214 272 νας
243 220 315 264 καὶ
340 223 513 278 θηλείας
540 223 730 266 διιστῶσι
747 239 759 251 ·
815 221 887 264 καί
911 221 958 265 τὸ
987 221 1247 279 παράδοξον,
1276 220 1389 278 ἔρως
1407 219 1585 279 φυσικὸς
1597 234 1633 268 Ρ,
1654 234 1692 268 13

139 291 238 343 παρ’
267 283 426 338 adron-g.
492 289 719 332 ύποκύπτει
760 288 839 344 γὰρ
884 288 911 344 ἦ
953 290 1107 344 θήλεια
1143 291 1200 347 τῷ
1230 283 1376 345 ἄρρενι
1415 287 1584 342 ὄργῶσα

139 353 294 409 τρόπον
319 354 412 398 τινὰ
444 355 515 397 καὶ
537 358 609 411 τῆς
637 356 878 410 συμπλοκῆς
909 355 1131 411 ἐφιεμένῃ,
1163 356 1236 397 καί
1264 352 1399 405 οὕτως
1427 349 1515 397 οἷον
1544 356 1588 397 ἐν

141 421 340 476 αἰσθήσει
375 423 449 477 τῆς
486 420 761 472 α’πολαύσεως
802 426 996 476 γεγονυῖα
1046 424 1119 462 καί
1157 422 1419 477 α’νορθοῦται
1463 420 1589 462 πάλιν

92 487 238 537 ν5τούς
281 489 461 538 κλάδους
498 488 572 530 καί
600 485 705 542 πρὸς
741 485 788 529 τὸ
823 487 1028 543 πρότερον
1065 489 1398 531 α’ποκαθίσταται
1430 490 1588 543 σχῆμα.

141 554 234 596 ἀλλ’
265 553 303 596 οἱ
330 556 412 596 τῶν
438 552 637 596 τοιούτων
651 555 916 634 θεραπευταί
942 556 1015 596 καί
1042 556 1174 604 συκᾶς
1202 550 1351 609 οἷγριάς
1365 559 1459 604 ταῖς
1484 552 1590 610 ἦμέ-

142 635 232 676 ροις
261 617 658 677 παραφυτεύουσιν,
696 636 752 670 ως
797 620 993 663 ἐντεῦθεν
1035 619 1109 662 τὸν
1134 619 1292 675 καρπὸν
1323 622 1465 663 αὐτῶν
1491 625 1590 676 γλυ-

141 685 312 742 κύτερον
349 685 562 741 γίνεσθαι·
629 685 675 729 εἴ
706 703 744 728 τι
787 685 861 728 καί
885 685 967 742 γάρ
1009 692 1095 736 τοῖς
1134 687 1306 744 ἡμέροις
1343 685 1591 744 δριμύτερον

142 750 366 808 πρόσεστι,
397 747 515 809 ’πρὸς
551 751 628 803 τὰς
671 753 820 808 ἀγρίας
858 753 1025 810 α’δήλως
1067 755 1338 808 ἐκπέμπεται.
1396 754 1469 796 καί
1493 753 1592 804 τούς

83 815 350 869 ιοόλύνθονς
380 820 427 861 δὲ
453 821 761 875 προσδήσαντες
787 821 869 862 τῶν
911 819 1130 877 εὖκοίρπων
1158 819 1230 862 καί
1254 814 1424 876 ἡμέρων
1453 824 1592 863 συκῶν

142 885 216 941 τήν
242 884 414 928 ἀτονίαν
441 886 589 928 ἰῶνται
605 921 617 940 ‚
649 885 797 943 ῥέοντα
825 882 907 942 ἤδη
935 886 1009 928 καί
1033 879 1362 941 σκεδαννύμενον
1387 884 1460 929 τὸν
1488 903 1592 942 καρ-

141 950 221 994 πόν
252 957 339 1002 τοῖς
364 952 561 1002 ὄλύνθοις
603 954 831 1007 ἐπέχοντες.
888 954 1024 995 ταῦτα
1049 954 1129 1006 μὲν
1158 948 1233 996 οὖν
1260 953 1282 994 ὁ
1312 952 1484 1009 ποιητὴς
1512 955 1591 996 αὖ·

140 1020 226 1061 τῶν
254 1016 364 1061 οὕτω
391 1019 639 1075 παραδόξως
682 1020 874 1075 γίνεσθαι
913 1020 1254 1076 συγκεχώρηκεν,
1294 1018 1351 1069 ὥς
1387 1021 1456 1063 καὶ
1485 1019 1630 1078 ἦμᾶςΒ

141 1085 340 1135 πολλάκις
367 1086 413 1128 ἐκ
442 1088 524 1128 τῶν
552 1087 847 1139 α’ντικειμένων
888 1086 988 1141 ἡμῖν
1014 1086 1202 1129 εὐτονίαν
1231 1084 1463 1142 λαμβάνειν
1489 1086 1596 1144 πρὸς

35 1160 38 1165 “
82 1159 130 1200 15
144 1151 276 1208 αὐτήν
305 1168 352 1207 γε
382 1155 466 1194 τῶν
497 1154 660 1210 α’ρετιὸν
687 1151 765 1208 τήν
793 1155 1021 1204 ἐπίδειξιν*
1080 1153 1156 1196 οὐκ
1185 1153 1319 1209 ὄλίγοι
1345 1153 1426 1210 γὰρ
1455 1154 1598 1197 αὐτῶν

141 1216 330 1272 ἐννόμως
355 1217 573 1275 αἱροῦνται
603 1220 705 1275 ζῆν,
744 1215 822 1262 κᾶν
850 1221 895 1263 ἐν
932 1221 1121 1276 δόγμασι,
1141 1220 1428 1278 σφάλλωνται.
1485 1219 1594 1263 ἀλλὰ

144 1284 218 1327 καὶ
246 1289 384 1342 φοῖνιξ
426 1285 585 1342 καρπόν
629 1288 707 1339 μὲν
744 1288 974 1343 ἀποφέρων
1012 1285 1188 1342 γλυκύν,
1231 1289 1275 1330 ἐν
1315 1285 1519 1344 ἁλμυροῖς
1550 1290 1597 1332 δὲ

143 1351 289 1401 τόποις
317 1351 376 1402 ὥς
412 1351 462 1394 τὰ
505 1351 637 1395 πολλοὶ
669 1352 990 1409 εὑρισκόμενος,
1036 1351 1138 1395 αὐτὸ
1182 1356 1301 1396 τοῦτο
1342 1355 1597 1410 αἰνίττεται,

144 1414 211 1460 ὅτι
245 1420 318 1461 καί
345 1416 466 1475 ἡμεῖς
494 1416 620 1462 αὐτοὶ
647 1417 869 1474 δυνάμεθα
897 1419 951 1463 τά
978 1419 1082 1463 κατὰ
1116 1419 1283 1477 γνώμην
1307 1419 1367 1478 μὴ
1402 1422 1601 1478 διαφθεί-

81 1506 132 1534 20
145 1500 254 1542 ρειν,
282 1479 361 1526 κᾶν
388 1486 434 1528 ἕν
462 1491 550 1535 τοῖς
575 1486 781 1535 ἐναντίοις
807 1488 895 1529 τισί
922 1485 1231 1542 συνδιάγωμεν.

246 1547 354 1607 Ὅρα
392 1552 464 1607 δέ,
513 1552 725 1608 ἆγαπητέ,
772 1549 836 1594 ὅτι
875 1551 949 1595 καί
998 1551 1051 1596 τοὶ
1102 1548 1243 1608 εύιόδη
1284 1552 1440 1607 πάντα,
1498 1550 1601 1598 ὅταν

145 1616 328 1674 σκόροδα
375 1619 452 1661 καί
493 1619 695 1673 κρόμμυα
743 1617 908 1668 τούτοις
956 1620 1330 1677 παραφυτεύηται,
1371 1617 1639 1667 εὖωδέστε-(ἶ

148 1701 204 1740 ρα
246 1686 431 1739 γίνεται,
475 1683 585 1727 διότι
631 1688 716 1729 πᾶν
759 1684 804 1728 εἴ
837 1703 879 1729 τι
919 1685 1049 1743 δριμύ
1088 1689 1162 1730 καί
1190 1684 1401 1743 δύσοσμον
1429 1690 1476 1732 ἐν
1503 1691 1601 1731 τού-

151 1805 324 1840 naturalis
365 1807 497 1841 existit.
537 1807 673 1853 quippe
709 1808 901 1842 summittit
936 1818 975 1842 se
1001 1808 1090 1842 mari
1115 1807 1268 1850 femina,
1306 1808 1421 1843 veluti
1446 1808 1600 1843 libidine

151 1853 306 1899 quadam
331 1853 482 1889 incitata
511 1861 546 1888 et
573 1855 798 1900 complexum
826 1861 1016 1900 expetens:
1043 1855 1175 1888 deinde
1204 1856 1307 1900 quasi
1331 1857 1492 1890 sentiens
1518 1868 1602 1891 eve-

150 1902 246 1935 nisse
272 1901 342 1935 sibi
377 1903 588 1936 fruitionem
624 1903 700 1936 eius
738 1902 837 1948 quod
866 1902 1083 1948 expetebat,
1122 1914 1262 1936 rursum
1288 1914 1403 1941 ramos
1432 1904 1538 1948 erigit
1561 1915 1604 1937 ac

149 1949 306 1994 priorem
324 1949 371 1983 ad
394 1950 544 1983 formam
569 1949 674 1983 redit.
699 1950 818 1983 solent
850 1955 888 1983 et
915 1955 1093 1983 curatores
1118 1949 1285 1983 arborum
1311 1951 1395 1984 ficos
1422 1951 1603 1985 silvestres

150 1995 382 2031 hortensibus
408 1997 614 2042 adiungere,
640 2008 712 2042 quo
739 1998 873 2031 fructus
899 2005 1019 2031 earum
1044 1996 1130 2031 inde
1145 1996 1286 2031 dulcior
1309 1997 1496 2031 reddatur:
1520 2010 1604 2031 nam

150 2043 180 2076 si
208 2043 294 2089 quid
322 2044 361 2078 in
387 2044 616 2079 hortensibus
643 2050 697 2078 est
720 2044 946 2087 acerbitatis,
971 2044 1010 2077 id
1037 2044 1187 2078 obscura
1214 2044 1367 2090 quadam
1393 2046 1532 2079 ratione
1557 2045 1605 2079 ad

149 2091 332 2125 silvestres
353 2092 455 2126 velut
479 2092 675 2137 ablegatur.
701 2091 828 2126 itidem
847 2092 931 2126 ficos
957 2092 1164 2126 immaturos
1183 2092 1257 2126 sive
1287 2103 1426 2138 grossos
1452 2093 1604 2138 alligan-

150 2144 205 2172 tes
232 2139 412 2184 frugiferis
429 2145 467 2174 et
493 2139 723 2174 hortensibus
747 2139 956 2181 medentur,
982 2151 1054 2186 quo
1079 2140 1198 2173 minus
1225 2150 1346 2173 earum
1373 2140 1511 2174 fructus
1539 2139 1604 2174 de-

150 2185 322 2220 labantur
346 2192 455 2232 atque
478 2193 639 2233 pereant.
666 2194 776 2233 atque
802 2186 891 2220 haec
915 2187 993 2221 fieri
1018 2187 1141 2232 opifex
1164 2186 1234 2220 hoc
1256 2186 1365 2221 modo
1389 2187 1518 2229 voluit,
1540 2187 1604 2221 ab-

150 2233 322 2268 horrente
359 2234 513 2280 quadam
540 2236 679 2268 ratione
701 2235 744 2268 ab
770 2234 955 2268 hominum
979 2236 1162 2281 opinione,
1189 2240 1231 2268 ut
1255 2240 1292 2269 et
1316 2246 1381 2268 nos
1405 2235 1602 2280 aliquando

150 2281 284 2315 nostris
309 2280 354 2314 ab
391 2281 604 2316 adversariis
639 2282 685 2316 ad
714 2282 859 2316 virtutis
890 2282 1024 2316 cultum
1055 2283 1262 2316 excitemur.
1286 2294 1370 2316 nam
1399 2282 1523 2316 videre
1550 2288 1604 2316 est

150 2340 225 2362 non
263 2340 398 2374 paucos
425 2340 469 2363 ex
497 2330 586 2374 legis
625 2329 773 2375 quidem
798 2330 1019 2376 praescripto
1042 2331 1151 2363 vitam
1176 2341 1304 2374 agere,
1329 2329 1394 2376 qui
1421 2335 1542 2363 tamen
1565 2331 1604 2363 in

152 2375 318 2410 doctrina
347 2388 428 2410 suos
455 2377 627 2422 quosdam
656 2388 791 2411 errores
819 2376 989 2414 habeant.
1013 2378 1103 2423 quin
1129 2383 1165 2410 et
1189 2377 1254 2410 illa
1281 2377 1327 2410 de
1352 2389 1424 2422 qua
1448 2377 1605 2410 diximus

151 2423 295 2469 palma,
322 2434 432 2469 quum
456 2424 598 2458 dulcem
615 2424 771 2458 fructum
799 2424 892 2457 ferat
916 2436 956 2458 ac
976 2424 1214 2459 nihilominus
1242 2425 1281 2458 in
1306 2436 1425 2458 amaro
1447 2425 1606 2469 pierum-

152 2481 225 2516 que
248 2471 325 2504 solo
351 2472 574 2517 reperiatur,
613 2473 813 2518 significare
836 2471 980 2506 videtur
1002 2483 1108 2518 posse
1131 2483 1197 2505 nos
1222 2473 1351 2506 animis
1378 2472 1606 2516 incorruptos

152 2528 317 2559 manere,
353 2519 515 2565 quamvis
554 2519 650 2554 inter
695 2530 757 2554 eos
794 2518 964 2564 degamus
1000 2521 1062 2566 qui
1098 2518 1259 2554 moribus
1293 2531 1314 2553 a
1355 2518 1461 2553 nobis
1500 2518 1607 2553 dissi-

156 2563 276 2599 deant.

248 2612 439 2647 Praeterea
482 2614 600 2655 disce,
638 2613 690 2647 fili
719 2612 869 2654 dilecte,
914 2613 1054 2659 quasvis
1090 2625 1146 2648 res
1175 2614 1393 2659 fragrantes,
1419 2614 1450 2646 si
1476 2612 1521 2645 ad
1548 2623 1606 2646 eas

157 2660 195 2693 in
219 2661 425 2707 propinquo
460 2661 583 2695 allium
610 2667 647 2694 et
678 2671 787 2705 cepae
811 2665 996 2703 serantur,
1031 2661 1143 2706 magis
1167 2662 1276 2694 etiam
1300 2660 1468 2695 odoratas
1494 2659 1607 2693 reddi.

157 2717 239 2743 nam
264 2708 440 2756 quicquid
477 2709 517 2746 in
540 2708 780 2755 fragrantibus
815 2708 921 2743 nimis
949 2709 1039 2745 acris
1070 2715 1132 2746 aut
1155 2710 1272 2757 gravis
1298 2707 1420 2743 odoris
1447 2713 1520 2750 est,
1544 2718 1606 2742 na-
